1780 3100
236 218 316 258 428
754 223 1008 267 Analytioa
1041 224 1208 267 priora.

287 316 445 356 nomine
472 317 668 368 appellare
702 317 896 356 solemus:
933 320 1125 370 siquidem
1160 333 1275 370 quem
1315 333 1385 360 nos
1422 323 1601 368 dicimus,
1638 336 1713 364 nou

287 372 362 418 nisi
389 379 514 418 forma
550 379 686 417 differt
712 394 734 418 a
762 381 989 431 syllogismo
1018 383 1251 433 categorico,
1289 396 1404 434 quem
1441 397 1534 423 vero
1562 386 1712 425 Aristo-

287 443 401 491 teles,
438 454 578 492 reapse
616 443 662 480 ab
700 443 766 480 illo
794 443 971 482 diversus
1000 450 1072 484 est.
1136 446 1284 484 Eadem
1312 448 1462 486 ratione
1491 460 1566 497 qua
1593 448 1712 498 syllo-

285 505 402 556 gismi
442 504 629 542 differunt
656 507 772 543 verba
799 503 961 545 τιθέναι
989 513 1028 545 et
1054 506 1323 548 ύποτικθέναιε
1362 522 1481 560 qnare
1507 511 1546 548 in
1573 511 1712 548 defini-

287 568 394 605 tione
421 567 639 617 syllogismi
676 568 861 618 simplicis
889 571 1037 607 24b19
1065 572 1165 609 dixit
1191 569 1398 611 τεθέντων
1435 572 1575 612 τινῶν.
1630 572 1712 610 Ne-

287 642 365 679 que
392 634 522 667 tamen
550 630 698 679 ubique
718 631 794 668 hoc
816 632 1023 670 discrimen
1046 635 1247 673 observat:
1277 635 1490 672 dicitenim
1512 635 1714 673 1013b20

288 689 581 738 αἷ“ὑποθέσεις
607 694 685 732 τοῦ
713 693 1077 744 συμπεράσματος,
1117 702 1160 734 ut
1195 698 1302 747 ipsas
1338 697 1627 747 propositiones
1657 697 1711 733 si-

286 753 444 805 gnificet
471 767 519 791 ex
548 755 687 805 quibus
715 756 786 793 fiat
814 757 1074 806 syllogismus.
1131 761 1300 797 195a18
1329 757 1373 797 αἱ
1395 756 1616 804 ὑποθέσεις
1633 760 1712 798 τοῦ

286 815 643 867 συμπεράσματος,
677 815 732 863 ὡς
758 817 805 856 τὸ
835 816 875 866 ἐξ
901 812 954 858 οὗ
981 819 1092 858 αἴτιοί
1119 817 1239 860 ἐστιν.
1306 821 1461 871 Opponi
1499 821 1632 859 solent
1663 822 1712 859 ab

285 879 503 918 Aristotele
529 879 576 918 τὸ
604 876 644 927 ἐξ
670 878 914 927 ὑποθέσεως
942 886 982 919 et
1007 882 1055 921 τὸ
1083 881 1234 931 ἁπλῶς,
1273 883 1312 921 id
1349 883 1450 932 quod
1487 883 1713 933 simpliciter

288 941 434 986 dicitnr
460 943 495 979 ei
525 938 626 991 quod
656 955 729 979 non
759 945 843 979 sinc
871 946 1032 993 quadam
1054 947 1274 983 conditione
1295 944 1505 994 profertur.
1546 947 1711 983 1278a5
1736 946 1738 948 ’

288 1002 331 1043 οἰ
362 1001 439 1052 μὲν
477 1001 639 1051 ἁπλῶς.)
675 1002 718 1042 οἰ
752 1003 790 1044 δ’
820 1002 860 1053 ἐξ
897 1004 1140 1053 ὑποθέσεως
1175 1009 1340 1046 πολῖται
1377 1005 1454 1058 μὲν
1487 1006 1568 1058 γάρ
1609 1006 1712 1046 εἰσιν

286 1064 375 1105 ἀλλ’
403 1065 568 1112 ἀτελεῖς.
633 1068 826 1121 1332310
852 1066 957 1119 λέγω
987 1069 1025 1109 δ’
1054 1068 1095 1118 ἐξ
1121 1069 1363 1117 ὑποθέσεως
1388 1068 1634 1121 τάναγκαῖα,
1663 1068 1711 1109 τὸ

285 1128 325 1169 δ’
353 1126 494 1175 ἅπλῶς
521 1126 567 1168 τὸ
594 1129 742 1177 καλῶς,
783 1125 883 1181 qnod
925 1133 982 1170 sic
1018 1134 1310 1183 intelligendum
1337 1138 1411 1172 est.
1474 1134 1592 1172 Beata
1631 1134 1711 1171 vita

286 1197 349 1230 est
387 1205 581 1230 summum
621 1193 786 1230 bonum:
825 1206 945 1243 qnare
980 1197 1107 1234 omnia
1143 1197 1218 1234 alia
1252 1197 1340 1233 fieri
1368 1196 1513 1234 debent
1547 1201 1710 1247 propter

284 1254 403 1293 illam.
458 1256 577 1293 Beata
603 1256 682 1293 vita
710 1254 777 1301 (τὸ
804 1255 953 1303 καλὸν)
981 1258 1100 1307 igitur
1126 1271 1196 1308 per
1223 1271 1268 1297 se
1290 1255 1470 1303 (ἅπλῶς)
1490 1257 1710 1308 expetenda

283 1321 359 1365 est,
388 1318 535 1367 reliquo
564 1319 703 1366 omnia,
742 1321 887 1370 quippe
924 1333 1023 1370 quac
1050 1322 1270 1359 necessaria
1299 1321 1375 1358 sint
1403 1324 1565 1371 propter
1591 1320 1710 1369 illam,

283 1381 385 1418 fiunt
420 1376 461 1428 ἐξ
500 1378 754 1427 ὑποθέσεως.
805 1382 1017 1421 '1288b28
1054 1381 1111 1422 ἔτι
1146 1382 1192 1422 δὲ
1217 1381 1359 1433 τρίτην
1384 1380 1462 1434 τὴν
1488 1380 1529 1430 ἐξ
1554 1380 1711 1422 ὑποθέ-

284 1450 390 1489 σεως
430 1445 573 1488 (intell.
612 1443 787 1495 α’ρίστην
821 1445 1035 1484 πολιτείαν
1071 1445 1123 1485 οὐ
1152 1445 1217 1486 δεῖ
1240 1444 1460 1496 λεληθέναι
1485 1444 1561 1485 τὸν
1586 1459 1710 1496 νομο-

282 1505 458 1557 θέτην)ε
495 1519 664 1555 namque
702 1509 827 1558 prima
861 1513 945 1546 erat
980 1511 1201 1558 respublica
1238 1522 1338 1558 quae
1365 1523 1436 1560 per
1462 1523 1506 1547 se
1535 1513 1710 1558 spectata

284 1573 348 1608 est
375 1569 521 1619 optima
550 1569 639 1612 (das
668 1569 808 1615 Ideal),
851 1570 970 1607 altera
1000 1576 1085 1608 erat
1122 1572 1270 1621 Optima
1298 1573 1468 1609 omnium
1497 1583 1596 1621 qnae
1623 1571 1710 1615 fieri

275 1632 438 1683 ‘possint
473 1631 512 1669 in
548 1631 678 1679 terris,
719 1632 836 1669 tertia
873 1632 1043 1681 denique
1080 1638 1141 1670 est
1178 1646 1224 1670 ea
1252 1645 1325 1681 qua
1353 1634 1491 1671 melior
1518 1634 1709 1671 exsistere

281 1706 360 1732 non
396 1689 545 1742 potest,'
581 1693 615 1730 si
652 1694 823 1730 omnium
861 1707 1006 1739 rerum,
1050 1694 1274 1744 ex‘quibus
1304 1699 1435 1732 certae
1471 1695 1710 1744 reipublicae

283 1751 459 1794 conditio
498 1755 667 1805 pendeat
705 1753 1184 1803 (tofwwinovefie'vvmv),
1235 1757 1337 1793 iusta
1370 1757 1561 1794 habeatnr
1594 1757 1708 1803 ratio,

282 1817 338 1858 cf,
364 1816 472 1868 πρὸς
495 1815 575 1868 ’τὴν
601 1815 807 1856 ὑπόθεσιν
826 1821 1033 1857 1296332.
1077 1819 1192 1857 Biese
1209 1818 1252 1857 Π.
1274 1832 1310 1869 p.
1334 1820 1413 1855 444
1434 1822 1474 1855 et
1491 1819 1582 1858 496.
1624 1819 1709 1865 Alio

281 1893 400 1920 sensu
428 1882 572 1918 dicitur
610 1882 811 1918 1317a40
846 1880 1048 1929 ὑπόθεσις
1083 1880 1158 1933 μὲν
1197 1876 1277 1920 οὖν
1304 1882 1376 1933 τῆς
1403 1879 1709 1933 δημοκρατικῆς

279 1942 489 1988 πολιτείας
515 1940 755 1993 ἐλευθερίας
793 1944 895 1989 idem
925 1947 1026 1983 enim
1064 1945 1128 1982 hic
1157 1944 1349 1992 significat
1376 1942 1708 1997 ὖπόθεσις-ιμιοᾱ

279 2006 329 2045 ul.
368 2006 500 2056 dicere
528 2007 645 2043 -solet
684 2004 797 2056 ὅρον.
870 2007 1058 2044 Ceterum
1089 2004 1302 2052 ,ὑπόθεσιν
1337 2006 1412 2043 dici
1449 2007 1709 2056 quodcunque

255 2069 444 2108 :orationi
469 2068 691 2106 subiectum
721 2069 791 2115 sit,‚
814 2069 864 2106 de
892 2081 966 2119 quo
995 2069 1238 2118 disputetur,
1268 2069 1342 2106 non
1367 2072 1429 2106 est
1450 2068 1552 2118 quod
1573 2081 1705 2106 exem-

278 2131 357 2183 plis
396 2132 705 2180 comprobemus.
770 2131 902 2169 Minus
941 2132 1019 2168 late
1056 2136 1164 2181 patet
1192 2131 1300 2168 Anal.
1330 2135 1434 2181 post.
1464 2122 1631 2181 72320,
1667 2134 1707 2169 et

281 2195 454 2240 ⁷6h29,
504 2194 644 2243 quibus
683 2193 778 2231 locis
821 2206 922 2242 quae
959 2194 1055 2231 dicit
1091 2194 1196 2231 'inter
1230 2205 1273 2230 se
1308 2193 1487 2232 videntur
1521 2206 1707 2243 pugnare.

249 2256 380 2296 >Nam
419 2256 544 2294 altero
590 2256 677 2292 loco
714 2256 950 2305 hypothesin
993 2256 1086 2293 facit
1130 2256 1291 2302 alteram
1338 2259 1489 2305 partem
1515 2253 1706 2303 ’θέσεως,

254 2323 257 2325 ’
281 2332 397 2371 quam
427 2318 557 2369 paullo
587 2322 677 2356 ante
698 2319 880 2362 (72315)
911 2319 961 2355 ita
989 2318 1175 2364 definivit,
1203 2322 1247 2355 ut
1275 2318 1324 2354 sit
1351 2318 1564 2367 propositio
1593 2330 1706 2367 quae,

280 2381 458 2433 quamvis
487 2382 571 2431 ipsa
599 2381 859 2425 demonstrari
888 2386 1067 2430 nequeat,
1094 2378 1246 2418 initium
1274 2380 1393 2417 faciat
1421 2379 1638 2429 syllogismi
1666 2385 1707 2418 et

232 2460 234 2463 ·
277 2435 331 2483 de
369 2457 444 2494 qua
484 2443 703 2481 discentem
742 2449 1016 2481 certum-esse
1056 2455 1132 2481 non
1170 2454 1333 2481 necesse
1360 2442 1423 2488 sit,
1465 2442 1588 2479 altero
1618 2443 1704 2481 loco

221 2535 224 2538 -
278 2519 374 2546 vero
400 2505 681 2556 ὑποτίθεσθαι
709 2513 767 2544 ea⁴
784 2506 861 2543 dici
891 2506 1074 2555 decernit·
1094 2502 1208 2555 quae,
1239 2504 1415 2554 quamvis
1441 2504 1704 2542 demonstrari

243 2600 246 2603 .
275 2571 447 2620 possint,
476 2575 669 2619 ponantur
695 2582 770 2607 non
798 2569 1062 2606 demonstrata
1090 2573 1134 2606 nt
1155 2569 1236 2606 veri
1256 2562 1400 2605 similia'
1417 2567 1453 2603 ei
1476 2567 1541 2615 qui
1565 2567 1703 2606 discat.

278 2630 502 2670 Difficultas
531 2632 693 2681 tollitur,
722 2632 755 2669 si
783 2635 1005 2681 spectamus
1027 2635 1201 2669 naturum
1221 2628 1475 2675 ὑποθέσεως,
1505 2641 1605 2679 quae
1628 2642 1703 2667 non

245 2693 394 2733 ineo
422 2699 484 2733 est
522 2695 626 2745 quod
664 2695 726 2733 vel
754 2694 1011 2734 demonstrari
1039 2694 1166 2745 possit
1186 2693 1251 2733 ,vel
1277 2704 1354 2732 non
1387 2693 1528 2742 possit,
1566 2691 1635 2730 sed
1663 2692 1703 2729 in

280 2763 329 2801 eo
349 2758 455 2806 quod
475 2757 541 2808 qui
568 2758 706 2807 discat,
733 2767 964 2808 quamquam
990 2756 1090 2812 nihil
1114 2756 1255 2795 habeat
1281 2754 1395 2802 certi,
1424 2759 1553 2794 tamen
1569 2757 1702 2807 ponat,
