1748 3106
193 196 324 230 xxxn
765 197 1101 231 PRAEFATIO.

191 296 341 339 dando
387 298 555 356 optime
584 298 828 357 prospexit,
875 299 951 342 sed
982 300 1113 342 etiam
1146 299 1253 356 quid
1277 299 1434 357 c'uique
1468 304 1666 342 veterum

195 374 485 432 interpretum
514 376 794 418 tribuendum
831 377 899 429 sit,
943 392 1075 434 quam
1113 376 1277 434 singuli
1309 377 1422 419 viam
1454 381 1498 419 et
1529 377 1666 419 ratio-

194 465 294 493 nem
330 451 375 493 in
401 453 639 495 Aristotele
666 453 931 511 explicando
961 455 1099 496 secuti
1129 454 1227 504 sint,
1263 453 1372 509 quid
1400 454 1668 510 profecerint

191 528 277 584 ipsi
312 535 356 570 et
394 529 617 584 quomodo
650 530 715 571 usi
748 529 834 571 sint
863 530 913 573 iis
946 546 1059 587 quae
1081 531 1135 573 ab
1156 531 1251 572 aliis
1281 530 1547 588 acceperint,
1581 545 1667 588 pa-

192 605 387 647 tefacere
417 606 569 658 voluit,
605 621 659 649 ne
692 607 876 650 verbosa
906 622 1056 650 eorum
1086 608 1251 665 scripta
1273 608 1445 666 integra
1467 608 1667 666 relegere

196 687 374 724 coactus
419 689 531 725 esset
562 684 636 739 qui
665 684 772 741 quid
805 685 961 742 cuique
994 686 1180 728 maxime
1212 686 1443 743 proprium
1474 690 1518 727 et
1555 698 1666 740 quo—

193 758 328 801 modo
365 759 549 816 quisque
580 761 625 803 in
654 762 891 804 Aristotele
931 762 1264 820 interpretando
1301 767 1497 805 versatus
1540 766 1666 813 esset,

191 835 444 894 intelligere
463 838 615 880 vellet.

291 913 532 970 Reliquum
574 920 662 968 est,
706 920 755 957 ut
786 915 949 973 gratias
973 929 1123 972 *agam
1151 914 1412 973 Augusto
1447 919 1491 957 et
1521 911 1666 956 Con—

191 990 452 1033 stantino
477 991 849 1044 Sti-aubeliis⁷
885 991 985 1032 viris
1015 991 1294 1045 doctissimis,
1329 1005 1439 1047 quos
1464 1006 1602 1048 opera
1626 996 1669 1033 et

192 1065 376 1107 consilio
407 1082 477 1110 me
501 1068 660 1110 iuvisse
684 1068 838 1110 libenti
859 1068 1003 1110 animo
1033 1068 1259 1126 profiteor.
1329 1068 1418 1121 Qui
1442 1069 1476 1110 si
1502 1068 1667 1120 officio,

192 1142 315 1198 quod
347 1143 455 1186 mihi
482 1146 809 1202 praestiterunt,
846 1145 903 1188 de
925 1145 1166 1188 Aristotele
1192 1146 1291 1203 ipso
1323 1145 1436 1188 bene
1459 1145 1667 1188 meruisse

189 1219 273 1261 sibi
307 1222 615 1278 persuadeant,
661 1228 705 1264 et
745 1222 833 1280 ipsi
863 1237 1026 1280 operae
1060 1223 1254 1281 pretium
1287 1223 1431 1265 ferent
1472 1228 1517 1266 et
1551 1221 1660 1265 mihi

191 1296 354 1340 facient
374 1305 646 1358 pergratum.

286 1396 424 1440 Serib.
450 1397 683 1457 Marburgi
703 1398 744 1441 d.
770 1397 866 1440 XX.
888 1412 943 1439 m.
970 1397 1068 1440 lulii

462 1490 499 1517 a.
520 1474 900 1519 MDCCCXLlV.
