1826 3112
301 194 381 233 184
806 194 1207 229 ΑΝΑΛΤΤΙΚΩΝ

303 290 385 353 γὰρ
420 290 471 337 τὸ
509 294 547 337 Α
585 290 712 337 παντὶ
741 293 801 355 τῷ
834 294 895 348 Γ,
924 289 975 337 τὸ
1004 292 1050 337 δε
1080 295 1126 337 Γ
1147 293 1228 338 τινὶ
1266 309 1355 338 των
1382 295 1445 349 Β,
1478 290 1529 338 τὸ
1564 295 1601 338 Α
1640 293 1723 339 τινὶ

257 362 390 404 εετόν
422 361 459 404 Β
478 356 697 416 ἐνδέχεται.
741 357 815 402 καὶ
851 357 888 403 εἰ
914 355 1026 417 πρὸς
1051 361 1112 422 τῷ
1140 361 1225 404 ΒΓ
1240 359 1385 420 τεθείη
1423 355 1475 403 τὸ
1505 357 1720 416 καθόλου,

306 422 525 479 ὡσαύτως.
561 421 719 482 ὁμοίως
749 423 796 468 δὲ
834 423 907 469 καὶ
936 425 973 469 εἰ
997 421 1045 469 τὸ
1074 425 1151 484 μὲν
1185 428 1267 470 ΑΓ
1282 422 1533 486 στερητικὸν
1563 425 1642 486 εἴη,
1672 422 1721 470 τὸ

306 491 354 536 δὲ
392 493 477 535 ΒΓ
501 488 819 548 καταφατικὸν·
861 489 976 535 ἔσται
1003 487 1085 572 γὰρ
1116 489 1248 536 πάλιν
1282 488 1332 536 τὸ
1365 494 1541 548 πρῶτον
1581 493 1724 551 σχῆμα

307 554 380 602 διά
399 559 478 616 τῆς
496 553 798 616 άντιστροφῆς.
841 556 879 601 εἰ
897 554 935 601 6'
955 554 1193 615 άμφότεραι
1212 557 1452 618 στερητικαὶ
1481 556 1722 617 τεθείησαν,

306 620 336 684 ἡ
372 623 448 680 μὲν
476 619 681 666 καθόλου
721 619 749 683 ἡ
780 618 818 667 6'
857 621 900 667 ἐν
929 622 1068 681 μέρει,
1099 621 1154 668 δι’
1186 621 1330 668 αὐτῶν
1353 622 1429 681 μὲν
1460 625 1545 667 τῶν
1577 622 1723 683 εἰλημ-

265 698 289 730 b
306 687 444 747 μένων
462 685 548 732 οὐκ
569 686 684 732 ἔσται
707 688 1012 748 συλλογισμός,
1043 686 1409 747 άντιστραφεισῶν
1433 685 1472 732 6'
1492 687 1620 742 ἔσται,
1641 705 1722 732 κα-

306 752 451 812 θάπερ
481 753 525 799 ἐν
556 758 647 809 τοῖς
679 753 903 812 πρότερον.
948 751 1053 799 ὅταν
1082 755 1127 799 δὲ
1161 753 1402 813 ἀμφότεραι
1425 751 1662 836 οἷὸιόριστοι
1692 750 1725 814 ἢ

307 819 352 865 ἐν
378 820 495 902 μέρει
522 822 770 881 ληφθῶσιν,
801 818 888 864 οὐκ
916 819 1029 864 ἔσται
1051 818 1366 879 συλλογισμός·
1397 819 1469 863 καὶ
1499 816 1581 878 γάρ
1600 819 1724 863 παντὶ

310 883 478 946 άνάγκη
505 883 557 930 τὸ
587 891 624 930 Α
652 888 713 929 τῶ
738 889 774 930 Β
797 886 868 930 καὶ
894 885 1042 945 μηδενὶ
1074 882 1297 943 ὑπάρχειν.
1343 881 1439 941 ὅροι
1467 887 1552 928 τοῦ
1581 881 1726 942 ὑπάρ-

276 969 293 996 5
308 968 397 1010 χειν
417 954 563 1014 ζῷον-
577 948 848 1008 ανθρωπος-
859 948 1036 1004 λευκόν,
1059 953 1142 995 τοῦ
1162 968 1221 1011 μη
1243 947 1453 1008 ὑπάρχειν
1473 950 1634 1005 ἵππος-
1648 965 1725 995 αν-

306 1021 520 1075 θρωπος-
532 1013 708 1068 λευκόν,
727 1016 864 1073 μέσον
885 1013 1056 1060 λευκόν.

227 1081 287 1124 21
438 1078 543 1126 Ἐαν
581 1080 627 1125 δὲ
671 1078 701 1141 ἡ
740 1098 817 1139 μεν
857 1078 1072 1140 υπάρχειν
1109 1098 1138 1141 η
1179 1077 1218 1124 6’
1246 1078 1495 1138 ἐνδέχεσθαι
1538 1079 1727 1141 σημαίνῃ

306 1149 392 1192 τῶν
427 1144 700 1205 προτάσεων,
740 1144 791 1191 τὸ
818 1147 896 1205 μὲν
934 1146 1223 1206 συμπέρασμα
1257 1146 1371 1191 ἔσται
1412 1143 1476 1190 ὅτι
1522 1145 1728 1204 ἐνδέχεται

307 1212 380 1257 καὶ
410 1210 494 1271 οὐχ
524 1209 590 1257 ὅτι
608 1209 818 1271 ὑπάρχει,
849 1209 1145 1273 συλλογισμὸς
1175 1209 1213 1256 6’
1238 1211 1353 1256 ἔσται
1369 1208 1447 1256 τὸν
1468 1208 1601 1256 αὐτὸν
1622 1209 1728 1270 τρό-

258 1291 292 1318 10
306 1291 392 1323 πον
421 1277 606 1338 ἐχόντων
635 1281 718 1322 τῶν
742 1275 859 1337 ὅρων
886 1283 977 1334 τοῖς
1004 1276 1229 1337 πρότερον.
1279 1277 1467 1322 ε’στωσαν
1492 1275 1574 1336 γάρ
1604 1291 1727 1335 πρω-

306 1360 382 1390 τον
425 1343 726 1405 κατηγορικοί,
773 1345 846 1389 καὶ
882 1341 932 1388 τὸ
975 1345 1052 1402 μὲν
1081 1346 1118 1387 Α
1148 1343 1275 1388 παντὶ
1311 1345 1371 1406 τῷ
1411 1345 1456 1386 Γ
1485 1339 1729 1422 υπαρχέτω,

305 1407 356 1455 τὸ
376 1410 422 1455 δὲ
454 1413 491 1454 Β
510 1410 635 1455 παντὶ
658 1409 894 1469 ἐνδεχέσθω
915 1407 1138 1469 ὑπάρχειν.
1159 1388 1519 1490 α’ντιστραφέντος
1541 1409 1597 1453 m’·
1600 1425 1626 1453 ν
1645 1411 1729 1453 τοῦ

308 1478 394 1520 ΒΓ
419 1473 471 1521 τὸ
499 1479 672 1556 πρῶτον
703 1475 819 1520 ἔσται
854 1479 1021 1536 σχηιια,
1060 1475 1133 1520 καὶ
1163 1472 1214 1519 τὸ
1248 1474 1535 1533 συμπέρασμα
1561 1471 1626 1519 ότι
1657 1473 1725 1519 έν-

304 1541 473 1601 δέχεται
504 1539 554 1587 τὸ
583 1544 621 1586 Α
650 1542 732 1586 τινὶ
763 1545 848 1586 τῶν
876 1544 913 1585 Β
943 1539 1174 1600 ὑπάρχειν·
1215 1537 1283 1585 ὅτε
1320 1558 1401 1600 γαρ
1428 1538 1458 1601 ἡ
1490 1539 1609 1598 ἑτέρα
1642 1543 1727 1585 τῶν

259 1625 292 1652 1⁵
308 1607 558 1689 προτάσεων
589 1608 633 1652 ἐν
662 1610 736 1674 τῷ
751 1605 904 1670 πρώτω
935 1606 1116 1668 σχήιιατι
1142 1606 1343 1667 σημαίνοι
1367 1606 1629 1664 ἐνδέχεσθαι,
1656 1606 1731 1651 καὶ

307 1671 356 1719 τὸ
385 1673 677 1732 συμπέρασμα
706 1666 761 1733 ἦν
785 1652 1077 1731 ἐνδέχομενον.
1131 1669 1292 1730 ὁμοίως
1329 1672 1375 1717 δε
1407 1671 1480 1716 καὶ
1511 1672 1549 1716 εἰ
1575 1669 1624 1716 τὸ
1653 1688 1731 1730 μεν

309 1742 394 1784 ΒΓ
426 1737 637 1798 υπάρχειν
675 1736 725 1783 τὸ
765 1739 810 1784 δε
851 1741 935 1783 ΑΓ
970 1738 1240 1798 ἐνδέχεσθαι,
1289 1737 1360 1782 καὶ
1401 1737 1438 1782 εἰ
1472 1734 1521 1782 τὸ
1549 1754 1625 1796 μεν
1652 1740 1736 1782 ΑΓ

307 1804 561 1867 στερητικὸν
582 1802 632 1850 τὸ
663 1805 708 1850 δὲ
728 1807 813 1849 ΒΓ
836 1803 1135 1866 κατηγορικὸν,
1154 1801 1345 1885 ὑπάρχοι
1367 1800 1405 1847 δ’
1423 1800 1729 1861 ὁποτερονοῦν,

308 1869 565 1931 ἀμφοτέρως
590 1869 870 1930 ἐνδεχόμενον
899 1871 1015 1916 ἔσται
1043 1868 1093 1915 τὸ
1122 1869 1432 1927 συμπέρασμα·
1466 1869 1624 1929 γίνεται
1647 1886 1730 1929 γαρ

256 1956 292 1983 20
308 1937 441 1983 πάλιν
471 1935 521 1983 τὸ
552 1951 727 1995 πρωτον
751 1940 910 1998 σχηιια,
944 1936 1154 1982 δέδεικται
1182 1933 1220 1980 6'
1253 1932 1317 1980 ὅτι
1338 1938 1418 1995 τῆς
1445 1933 1589 1992 ετέρας
1617 1948 1728 1994 προ-

306 2002 468 2059 τάσεως
487 2003 735 2062 ἐνδέχεσθαι
748 2001 1049 2063 σηιιαινούσης
1070 2001 1115 2047 ἐν
1139 1998 1259 2064 αὐτῶ
1277 2001 1349 2045 καὶ
1367 1998 1418 2045 τὸ
1441 2000 1731 2059 συμπέρασμα

308 2069 424 2115 εσται
446 2067 735 2127 ἐνδεχόμενον
776 2069 814 2113 εἰ
834 2069 880 2113 δε
902 2065 952 2112 τὸ
978 2064 1226 2128 στερητικὸν
1242 2066 1387 2126 τεθείη
1409 2063 1522 2124 πρὸς
1540 2063 1590 2111 τὸ
1609 2066 1731 2111 ἔλατ-

306 2152 383 2181 τον
417 2152 566 2193 ακρον,
595 2131 627 2196 ἢ
661 2134 733 2178 καὶ
765 2152 897 2193 αμφω
926 2134 1121 2214 ληφθείη
1148 2131 1388 2193 στερητικά,
1420 2129 1475 2176 δι’
1494 2129 1637 2177 αὐτῶν
1655 2132 1732 2190 μεν

307 2204 394 2247 τῶν
404 2200 606 2259 κειμένων
616 2217 701 2246 ουκ
718 2200 834 2245 ἔσται
848 2198 1156 2261 συλλογισμός,
1169 2196 1538 2258 άντιστραφέντων
1551 2196 1591 2243 6'
1601 2198 1730 2254 εσται,

259 2283 293 2311 2⁵
309 2266 510 2324 καθάπερ
529 2266 573 2312 ἐν
593 2271 683 2322 τοῖς
703 2266 928 2326 πρότερον.

443 2333 502 2377 Εἰ
531 2330 570 2378 6’
605 2330 634 2395 ἡ
667 2350 744 2391 μεν
769 2311 972 2378 καθόλου
1000 2334 1089 2376 τῶν
1116 2328 1365 2389 προτάσεων
1392 2327 1422 2390 ἡ
1455 2327 1494 2374 δ’
1525 2329 1570 2375 ἐν
1601 2327 1731 2388 μέρει,

308 2415 608 2461 κατηγορικων
646 2416 724 2458 μεν
761 2396 913 2444 οὐσῶν
948 2395 1226 2458 άμφοτέρων,
1253 2392 1285 2458 ἢ
1316 2399 1393 2457 τῆς
1423 2395 1500 2455 μεν
1527 2394 1732 2441 καθόλου

398 2555 440 2588 34
457 2555 507 2600 τῷ
510 2556 586 2609 Cf.
611 2574 656 2581 —
679 2556 722 2589 35
739 2553 780 2589 τὸ
801 2555 844 2600 βγ
866 2555 936 2597 Cdf
932 2566 964 2586 n
989 2572 1034 2579 -—
1058 2554 1102 2587 38
1120 2553 1277 2586 τεθῶσιν
1297 2551 1333 2583 C.

382 2589 493 2633 39b4
508 2595 606 2644 ὅροι]
624 2601 701 2655 αβγ.
719 2596 798 2656 ὅροι
818 2612 852 2632 π.
867 2619 912 2625 -
908 2557 956 2632 ff)
976 2596 1102 2636 λευκός
1118 2598 1180 2631 Ad.
1207 2616 1250 2623 —
1282 2595 1367 2629 τοῦ.
1402 2592 1530 2638 ,μέσον
1549 2593 1678 2628 λευκόν
1694 2605 1731 2626 rc

309 2654 364 2685 mg
379 2655 414 2676 ‘n-
438 2663 484 2670 —
510 2646 551 2677 lo
565 2641 689 2689 τοῖς]
678 2641 721 2678 ὸν
737 2644 801 2679 καὶ
821 2643 859 2678 ἒν
869 2646 946 2684 τοῖς
964 2644 1121 2699 ABdum,
1145 2653 1193 2681 ως
1212 2641 1250 2676 έν
1264 2642 1340 2678 τοῖς
1364 2640 1400 2672 C.
1425 2657 1469 2664 —
1496 2639 1536 2672 12
1554 2637 1665 2672 παντὶ
1681 2639 1732 2683 τῷ

308 2700 331 2731 γ
352 2686 553 2768 ξιιᾶδεχὲσθω
577 2690 618 2723 G.
639 2707 685 2715 —
710 2689 751 2723 14
773 2690 823 2735 τῷ
839 2689 875 2723 C.
900 2709 943 2715 —-
968 2690 1008 2723 16
1030 2683 1074 2734 ἦν
1090 2699 1145 2722 om
1162 2687 1201 2720 A.
1224 2705 1270 2714 —
1291 2686 1335 2718 29.
1357 2683 1416 2727 τὸ]
1436 2682 1478 2719 τὰ
1497 2671 1732 2728 ἐνδεχόμενον

312 2744 349 2766 co
417 2744 478 2765 exc
499 2745 523 2766 n
