1780 3100
191 206 270 244 340
751 209 1122 242 Hermeneutica.

221 316 268 342 e
295 304 459 344 veritate
486 305 526 344 in
555 304 721 344 dicendo
749 305 876 355 colligi
901 306 1030 356 possit
1063 305 1258 356 quomodo
1285 319 1350 345 res
1377 306 1488 356 ipsae
1514 308 1670 346 evenire

204 358 412 419 {debeant
446 371 563 417 atque
597 379 653 405 ex
680 367 776 417 ipsis
811 368 931 406 rebus
966 368 1161 406 iudicetur
1189 369 1282 419 quid
1311 370 1363 408 sit
1391 383 1547 416 v‚erum
1577 371 1669 420 quid

210 428 410 467 falsum:
452 431 595 467 etenim
634 429 668 466 si
706 434 857 467 certum
894 434 957 468 est
984 435 1025 469 et
1053 430 1255 469 definitum
1285 437 1415 470 utrum
1443 445 1576 470 verum
1605 434 1671 480 sit,

242 496 374 530 utrum
396 492 538 529 faisum
561 493 600 529 in
623 492 669 529 iis
698 504 796 541 quae
818 493 867 530 de
895 495 1011 531 rebus
1040 493 1183 531 futuris
1213 495 1526 544 pronuntiantur,
1555 507 1672 545 prae—

243 554 379 591 stituta
414 560 503 591 sunt
541 555 669 592 omnia
706 559 746 592 et
781 568 882 605 quae
918 555 1098 593 eveniunt
1125 557 1349 594 necessario
1386 558 1582 597 eveniunt.
1622 579 1671 584 -—

198 609 207 627 ²³
248 614 306 653 De
335 615 502 653 lectione
530 621 735 664 notamus,
764 618 867 667 quod
897 618 1154 668 praetulimus
1185 617 1391 669 ἀληθεύει,
1421 620 1523 669 quod
1554 620 1671 656 etiam

243 677 434 715 Boethius
456 679 637 717 exhibet:
667 692 834 729 namque
858 681 892 718 si
919 681 1084 729 legimus
1113 679 1346 731 ἀληθεύσει,
1375 695 1452 720 non
1474 695 1522 720 ex
1542 682 1669 720 animo

241 738 478 778 Aristoteies
514 741 729 779 defendere
763 742 958 780 videbitur
991 746 1239 792 sententiam,
1268 759 1382 795 quam
1412 749 1452 782 ut
1479 745 1671 782 refutaret

241 801 319 839 hoc
355 801 442 840 loco
481 815 611 841 veram
649 817 738 842 esse
773 805 906 854 posuit
933 809 972 842 et
1000 818 1106 842 suam
1134 807 1245 844 fecit.
1294 807 1484 844 Futurum
1513 810 1669 855 tempus

242 861 467 914 ἀληθεύσει
493 878 571 904 non
598 866 712 904 aliter
740 867 897 904 videtur
924 867 1109 916 explicari
1137 881 1255 918 posse
1282 882 1397 919 quam
1425 870 1492 915 ita,
1523 872 1566 905 ut
1584 868 1670 906 Ari-

242 927 404 965 stoteles
425 928 528 974 dicat
556 928 626 976 „Si
650 929 768 977 igitur
791 928 972 977 ponimus
1001 931 1272 978 praestitutum
1302 943 1390 969 esse
1418 931 1508 980 quid
1537 943 1671 968 verum

242 989 293 1026 ait
331 990 370 1027 in
405 990 523 1027 rebus
556 990 713 1036 futuris,
741 990 835 1038 quid
864 989 1006 1028 falsum
1049 993 1171 1041 (quod
1201 994 1381 1043 equidem
1417 989 1494 1031 non
1530 1005 1671 1031 conce-

242 1051 313 1094 do)
330 1080 342 1098 ,
370 1056 438 1089 aut
465 1051 530 1101 qui
559 1051 730 1089 affirmat
757 1055 824 1089 aut
851 1052 916 1101 qui
945 1058 1059 1102 negat
1087 1060 1196 1092 recte
1224 1056 1340 1102 dicet,
1381 1056 1418 1094 h.
1450 1068 1484 1093 e.
1517 1059 1583 1093 aut
1610 1053 1669 1092 af-

242 1113 462 1151 firmantem
484 1117 551 1151 aut
569 1118 776 1164 negantem
800 1120 909 1152 recte
937 1115 1070 1153 dicere
1098 1118 1390 1156 concedendum
1419 1118 1534 1158 erit''.
1562 1118 1669 1166 Quo-

243 1175 348 1212 niam
384 1180 514 1213 autem
548 1175 756 1213 habuimus
785 1181 937 1226 tempus
966 1190 1154 1228 praesens
1181 1192 1235 1218 vs.
1257 1183 1280 1217 3
1302 1186 1340 1219 et
1360 1184 1397 1227 5,
1427 1182 1529 1231 quod
1558 1181 1671 1229 longe

241 1238 430 1276 maiorem
451 1239 524 1275 vim
544 1238 677 1286 habet,
698 1238 802 1276 idem
825 1239 888 1277 hic
909 1253 1063 1290 quoque
1090 1243 1263 1280 retinere
1291 1255 1366 1281 non
1395 1244 1669 1282 dubitavimus.

189 1301 312 1339 18b8
339 1298 496 1351 ὁμοίως
522 1299 603 1352 γὰρ
624 1329 633 1338 .
654 1329 663 1338 .
683 1329 692 1338 .
723 1301 829 1339 Idem
858 1303 960 1339 enim
989 1309 1029 1341 et
1056 1305 1212 1343 evenire
1238 1309 1375 1355 posset
1403 1310 1444 1344 et
1471 1319 1546 1343 non
1575 1318 1671 1343 eve-

243 1364 343 1411 nire,
370 1364 533 1402 daretur
560 1365 676 1414 igitur
705 1376 830 1411 casua,
859 1365 892 1402 si
918 1377 993 1404 non
1019 1368 1242 1406 necessario
1269 1381 1403 1407 verum
1432 1371 1538 1406 esset
1566 1367 1671 1417 quod

241 1426 340 1464 aiter
367 1440 501 1465 eorum
531 1428 686 1468 asserit.

190 1488 308 1526 18b9
346 1489 468 1528 Addit
504 1490 607 1528 aliud
636 1494 922 1541 argumentum,
954 1504 1029 1541 quo
1058 1505 1212 1530 omnem
1241 1505 1372 1531 casum
1400 1493 1482 1531 tolli
1510 1492 1669 1530 demon-

241 1555 353 1590 stret.
408 1551 522 1599 Quod
550 1553 678 1590 aibum
708 1556 789 1601 est,
828 1554 881 1602 id,
910 1559 1116 1604 antequam
1147 1555 1220 1593 fuit
1248 1556 1389 1604 album,
1419 1568 1551 1593 verum
1581 1558 1668 1592 erat

243 1613 379 1651 dicere
413 1614 542 1652 album
580 1614 688 1653 fore:
728 1615 788 1653 sin
824 1620 952 1654 autem
992 1629 1149 1667 semper
1175 1630 1310 1657 verum
1339 1622 1423 1657 erat
1450 1618 1584 1655 dicere
1612 1616 1669 1654 al-

242 1675 334 1713 bum
362 1676 463 1724 fore,
492 1690 656 1715 necesse
684 1683 768 1715 erat
795 1681 836 1715 ut
863 1678 977 1715 fieret
1004 1679 1146 1717 album.

189 1738 338 1777 18b11
367 1737 463 1776 Post
491 1733 554 1777 ὅτι
591 1740 682 1777 addi
710 1740 837 1777 solent
873 1740 992 1777 verba
1030 1738 1141 1778 ἔστιν
1177 1740 1219 1791 ἥ,
1257 1754 1356 1790 quae
1384 1744 1423 1779 et
1451 1754 1472 1778 a
1501 1740 1668 1779 Boethio

240 1800 476 1838 omittuntur
495 1804 536 1838 et
557 1801 604 1839 ab
627 1802 702 1839 hoc
731 1802 817 1839 loco
838 1801 962 1839 aliena
989 1808 1103 1842 sunt:
1134 1803 1230 1841 dicit
1259 1804 1364 1841 enim
1391 1804 1478 1842 hoc.
1506 1803 1669 1852 „Quod-

241 1874 396 1912 cunque
432 1862 579 1901 factum
605 1869 688 1912 est,
717 1864 770 1912 id,
799 1868 1004 1914 antequam
1034 1865 1180 1903 factum
1209 1871 1307 1913 erat,
1335 1866 1511 1904 futurum
1538 1867 1671 1904 dicere

241 1924 433 1962 licebat’':
463 1927 659 1974 quomodo
694 1939 786 1964 vero
813 1939 1001 1976 praesens
1029 1928 1067 1964 id
1097 1928 1174 1965 dici
1203 1929 1331 1978 possit
1358 1941 1431 1966 non
1459 1941 1668 1979 assequor:

241 1998 361 2037 quare
396 1987 470 2024 ista
505 1989 622 2025 verba
650 1988 813 2026 delenda
840 2001 929 2026 esse
957 1990 1112 2036 censui,
1150 1991 1293 2040 quippe
1321 1993 1419 2040 quae
1446 1992 1550 2029 illata
1578 2003 1667 2029 esse

241 2049 466 2087 viderentur
493 2061 541 2086 ex
569 2051 832 2099 sequentibus.
873 2050 997 2088 Aliter
1024 2064 1088 2089 res
1117 2064 1160 2089 se
1187 2052 1306 2089 habet
1333 2053 1370 2090 in
1396 2053 1446 2091 iis
1476 2066 1576 2102 quae
1604 2066 1668 2092 se-

243 2116 438 2162 quuntur:
466 2112 597 2163 pergit
619 2112 722 2150 enim
744 2113 814 2150 sic.
853 2113 923 2160 „Si
946 2114 1035 2163 quid
1063 2118 1194 2152 autem
1222 2116 1326 2152 omni
1354 2119 1532 2165 tempore
1558 2120 1670 2155 recte

242 2173 445 2213 dicebatur
471 2175 554 2212 sive
581 2187 768 2225 praesens
797 2187 886 2213 esse
913 2175 994 2214 sive
1021 2176 1220 2223 futurum,
1252 2177 1291 2214 id
1319 2190 1394 2216 non
1422 2179 1568 2228 poterit
1594 2192 1670 2218 non

245 2249 335 2276 esse
368 2236 430 2275 vel
463 2249 540 2275 non
574 2237 750 2276 futurum
787 2238 917 2276 esse''.
986 2237 1109 2277 Docet
1144 2240 1262 2289 igitur
1297 2240 1335 2278 in
1374 2240 1436 2278 his
1464 2241 1511 2278 ad
1539 2241 1670 2281 futura

245 2299 448 2338 transferri
471 2312 591 2351 posse
610 2300 649 2338 id
675 2301 779 2350 quod
801 2300 1053 2339 manifestum
1074 2306 1136 2340 est
1163 2302 1202 2340 in
1229 2303 1345 2340 rebus
1373 2303 1668 2353 praesentibus:

242 2375 331 2401 nam
370 2366 414 2400 ut
453 2375 588 2401 casum
615 2363 699 2400 tolli
726 2364 973 2413 ostenderet,
1011 2377 1033 2402 a
1070 2365 1188 2404 rebus
1224 2364 1368 2403 futuris
1397 2369 1668 2416 argumentum

245 2430 382 2476 petere
409 2424 590 2472 debebat,
618 2438 694 2464 non
721 2439 744 2463 a
771 2427 1055 2476 praesentibus.

193 2487 279 2527 181»
296 2489 343 2524 17
371 2487 511 2525 Adhuc
539 2488 720 2538 exposuit
746 2501 878 2526 casum
908 2490 1017 2537 toni,
1047 2490 1081 2528 si
1107 2490 1231 2528 omnis
1258 2487 1520 2540 ἀντιφάσεως
1546 2490 1670 2529 altera

243 2561 335 2599 pars
362 2561 453 2587 vera
489 2550 565 2598 sit,
603 2550 724 2589 altera
755 2550 873 2589 falsa:
914 2564 1042 2602 neque
1068 2553 1167 2591 haec
1194 2553 1406 2591 difficultas
1435 2554 1512 2598 (sic
1539 2553 1669 2603 pergit

242 2612 282 2649 in
319 2613 667 2663 argumentatione)
706 2614 760 2651 ita
796 2616 987 2652 removeri
1024 2615 1186 2666 poterit,
1214 2620 1259 2654 ut
1286 2617 1372 2665 quis
1401 2629 1528 2666 neque
1555 2615 1665 2654 affir-

244 2675 455 2713 mationem
477 2688 605 2727 neque
632 2676 879 2726 negationem
906 2689 1038 2716 veram
1066 2690 1154 2716 esse
1181 2679 1231 2716 de
1257 2679 1375 2716 rebus
1403 2678 1547 2716 futuris
1574 2691 1665 2716 con-

242 2736 392 2775 tendat:
421 2738 590 2787 primum
618 2739 720 2778 enim
748 2739 783 2778 si
808 2739 913 2788 iude,
940 2740 1044 2790 quod
1070 2741 1193 2780 altera
1219 2752 1294 2780 non
1314 2741 1554 2789 admittatur,
1583 2741 1666 2780 col-
