1838 3086
666 200 1046 237 Rermenouticn.
1171 220 1180 234 .
1516 197 1599 237 δῶ

135 314 183 342 ea
217 314 332 350 esse,
372 315 450 355 qua
488 303 597 354 quod
638 302 879 344 contrarium
917 304 981 340 est
1016 297 1281 353 praedicatur.
1318 319 1362 325 —-
1411 296 1595 337 Alterum

134 369 357 407 membrum
380 368 570 406 orationis
592 368 696 419 quod
718 366 902 419 promisit
925 378 998 416 per
1021 363 1254 416 particulam
1267 359 1346 414 μὲν
1357 363 1459 402 ν.30
1470 362 1595 400 omis-

135 444 222 470 sum
263 437 347 480 est;
387 432 492 483 quod
522 433 555 470 si
589 433 676 483 quis
705 430 896 481 supplere
923 429 1042 475 velit,
1071 429 1130 468 sic
1156 428 1385 467 faciendum
1413 426 1592 464 videtur:

138 491 226 535 ἔστι
252 493 330 546 μὲν
357 494 520 548 ψευδὴς
555 494 584 548 ἦ
610 499 663 547 τῇ
692 493 846 544 ἀληθεῖ
871 490 1164 544 ἀντικειμένη,
1205 489 1380 532 ἐναντία
1408 486 1454 530 δὲ
1482 488 1594 542 αὐτῇ

136 560 217 601 οὐκ
244 559 356 601 ἔστιν
384 558 521 608 οὕτως
548 557 654 599 ὥστε
680 560 1014 610 κατηγορεῖσθαι
1041 557 1089 598 τὸ
1119 554 1328 598 ἐναντίον.

82 626 132 664 23
146 627 228 665 b32
258 626 437 676 Denique
465 626 713 677 negationem
743 624 979 662 contrariam
1015 635 1107 661 esse
1144 621 1399 661 affirmationi
1427 621 1595 659 demon-

133 692 232 727 strat
260 701 308 727 ex
337 701 411 739 ευ,-
447 689 553 740 qnod
589 689 707 727 etiam
737 687 996 726 enuntiationi
1027 686 1134 725 Non
1165 688 1351 725 bonum
1382 688 1468 723 est
1494 695 1596 722 non

133 754 313 792 bonum
343 753 417 792 alia
444 765 521 792 non
549 752 677 803 possit
704 764 797 791 esse
825 751 1019 790 contraria
1040 751 1115 789 nisi
1131 763 1235 801 quae
1255 750 1353 788 dicit
1381 748 1490 788 Non
1511 748 1593 787 bo-

135 831 248 856 num
278 821 357 856 est
383 819 583 856 bonum.

81 882 236 921 23b39
264 882 493 920 Ammonius
523 880 670 926 (schol.
704 879 812 918 1381)
824 880 896 925 20)
931 877 1200 918 Alexandrum
1228 882 1389 930 praeter
1417 879 1595 915 nostram

133 946 347 985 lectionem
375 945 491 983 aliam
520 944 710 983 habuisse
738 943 885 982 refert:
914 941 996 982 οὐκ
1023 939 1189 995 ἀληθὴς
1215 939 1298 992 γὰρ
1322 938 1443 994 αὕτη,
1473 952 1595 992 quam

134 1011 184 1049 ab
212 1010 424 1049 Ammonio
451 1022 529 1048 non
556 1015 670 1048 recte
699 1008 886 1060 explicari
906 1012 1027 1059 patet„
1070 1007 1163 1046 Sive
1183 1007 1289 1046 enim
1309 1012 1485 1046 nostram
1504 1017 1598 1044 ser-

134 1087 202 1112 vas
229 1074 315 1112 sive
342 1074 508 1112 alteram
538 1073 746 1125 praefers,
775 1073 838 1111 illa
860 1072 983 1110 verba
1002 1071 1053 1110 de
1078 1071 1349 1110 enuntiatione
1378 1070 1485 1110 Non
1514 1070 1595 1108 bo-

133 1150 246 1177 num
275 1150 368 1176 non
398 1142 475 1175 est
502 1138 680 1176 malum
718 1136 974 1187 intelligenda
1001 1139 1136 1182 erunt,
1175 1148 1277 1186 quae
1315 1140 1356 1174 et
1392 1147 1484 1173 vera
1512 1132 1594 1173 dici

133 1202 283 1254 poterit
310 1202 362 1240 de
389 1201 438 1239 iis
466 1213 570 1251 quae
597 1214 728 1252 neque
756 1201 858 1239 bona
887 1204 980 1239 sunt
1007 1211 1137 1250 neque
1165 1200 1267 1237 mala
1285 1201 1443 1250 (quare,
1473 1211 1596 1250 quum

132 1266 253 1306 simul
290 1279 381 1305 cum
421 1264 490 1303 illa
525 1278 619 1304 vera
658 1266 713 1304 sit
750 1264 973 1303 enuntiatio
1001 1264 1125 1302 altera
1154 1263 1261 1302 Non
1290 1264 1467 1303 bonum
1496 1275 1596 1302 uon

134 1335 218 1370 est
245 1331 456 1378 bonum,
484 1330 578 1368 huic
606 1342 686 1368 non
714 1333 849 1380 potest
876 1341 968 1367 esse
996 1329 1215 1374 contraria)
1245 1333 1288 1367 et
1314 1341 1394 1367 non
1423 1341 1515 1367 vera
1543 1328 1596 1366 de

132 1396 182 1434 iis
210 1407 312 1446 quae
339 1395 442 1433 mala
471 1398 562 1434 sunt
591 1394 683 1439 (sed
712 1406 844 1444 neque
870 1393 973 1432 haec
1001 1393 1151 1444 poterit
1178 1405 1269 1431 esse
1297 1406 1414 1444 quam
1442 1392 1597 1444 quaeri-

132 1473 222 1499 mus
251 1459 470 1498 enuntiatio
499 1458 720 1506 contraria,
758 1458 849 1509 quia
889 1457 1009 1496 simul
1050 1470 1138 1496 cum
1169 1457 1292 1496 altera
1319 1456 1595 1496 enuntiatione

132 1523 242 1564 Non
272 1525 455 1562 bonum
484 1535 583 1561 non
612 1527 694 1560 est
720 1523 900 1560 bonum
930 1534 1024 1560 vera
1052 1533 1144 1559 esse
1172 1525 1322 1572 potest,
1354 1520 1458 1559 siin
1481 1524 1594 1559 utra-

132 1600 211 1638 que
249 1586 357 1625 Non
394 1587 578 1626 bonum
625 1586 862 1637 intelligitur
899 1585 950 1623 de
987 1585 1034 1623 iis
1072 1597 1174 1635 quae
1209 1598 1342 1635 neque
1379 1585 1482 1624 bona
1519 1598 1592 1625 ne-

131 1663 210 1702 que
238 1651 340 1689 mala
369 1654 495 1696 sunt).
551 1651 731 1701 Apparet
767 1662 817 1688 ex
851 1650 899 1688 iis
936 1661 1038 1700 quae
1071 1650 1243 1688 diximus
1272 1662 1350 1688 non
1380 1651 1468 1690 siue
1497 1649 1595 1688 arti-

131 1716 223 1754 ficio
262 1716 435 1765 quodam
464 1715 629 1753 alteram
658 1715 873 1752 lectionem
902 1714 1092 1765 explicari
1122 1727 1265 1765 posse,
1304 1727 1407 1764 quae
1435 1714 1470 1752 si
1499 1726 1594 1753 vera

133 1783 262 1828 esset,
292 1791 368 1817 non
395 1792 555 1829 possem
585 1790 664 1816 non
691 1777 849 1823 mirari,
878 1777 982 1827 quod
1012 1790 1089 1817 non
1117 1778 1291 1817 dixisset
1317 1777 1399 1818 οὐκ
1426 1775 1595 1830 ἀληθὴς

134 1841 212 1893 μὲν
238 1840 322 1894 γὰρ
351 1840 480 1893 αὕτη,
509 1840 598 1893 ἅμα
626 1839 671 1881 δὲ
698 1839 771 1881 καὶ
797 1843 934 1881 ταῦτα
962 1838 1017 1880 ἂν
1044 1839 1123 1894 εἴη.

79 1908 200 1946 2423
230 1907 347 1956 Quod
385 1908 524 1947 docuit
561 1907 612 1946 de
650 1907 985 1946 enuntiationibus
1012 1906 1235 1946 indefinitis
1264 1906 1314 1947 ad
1343 1907 1595 1949 universales

132 1971 338 2011 transfert.

78 2037 199 2074 24³4
227 2031 419 2081 ἐναντία,
449 2035 575 2074 intell.
604 2038 658 2088 τῇ
685 2035 881 2076 καθόλου
908 2035 1160 2088 καταφάσει.

76 2101 200 2139 2427
229 2100 481 2140 servavimus
510 2098 589 2146 ὅτι,
619 2114 857 2151 quamquam
885 2103 1081 2151 repetitur
1108 2114 1165 2140 vs.
1185 2103 1232 2140 8:
1259 2113 1352 2140 nam
1380 2100 1474 2140 stilo
1502 2101 1595 2141 Ari-

129 2164 286 2202 stotelis
315 2164 416 2202 haec
443 2164 681 2216 negligentia
708 2166 866 2204 videtur
894 2166 1121 2207 convenire.
1177 2165 1415 2205 Ammonius
1444 2166 1595 2214 (schol.

131 2228 298 2273 139218)
311 2228 452 2266 scribit
479 2225 502 2266 ὅ
529 2241 570 2267 τι
597 2226 652 2267 ἂν
680 2225 757 2279 εἴη,
790 2242 906 2279 quae,
935 2231 1113 2281 quamvis
1144 2230 1362 2280 placerent,
1390 2229 1426 2267 si
1456 2233 1594 2270 essent

132 2291 169 2329 iu
199 2291 332 2339 codd.‚
360 2291 400 2329 in
429 2297 656 2330 contextum
684 2292 868 2343 recipere
895 2294 1110 2332 noluimus.

77 2355 164 2393 241»
177 2357 203 2393 ⁷
232 2354 348 2404 Quod
367 2355 549 2394 dedimus
567 2353 799 2406 ἀντίφασιν
818 2357 936 2396 etiam
954 2357 1186 2395 Ammonius
1205 2355 1366 2396 videtur
1384 2356 1593 2408 habuisse,

129 2431 165 2459 v.
196 2419 321 2458 schol.
353 2421 466 2459 1391»
482 2421 542 2458 13.
580 2442 635 2448 —
672 2420 877 2460 Sententia
917 2434 1056 2460 eorum
1100 2433 1202 2472 quae
1241 2425 1462 2471 sequuntur
1490 2422 1590 2463 haec

129 2486 205 2522 est.
235 2483 468 2522 contrariae
496 2484 790 2523 enuntiationes
818 2486 1083 2536 repugnantia
1111 2484 1343 2537 praedicant
1361 2486 1413 2524 de
1432 2474 1607 2536 eodem,>

129 2547 421 2587 enuntiationes
457 2562 572 2587 veras
610 2554 744 2588 antem
774 2551 930 2596 (ταῦτα
958 2547 1024 2597 δέ,
1067 2549 1108 2588 h.
1138 2562 1172 2588 e.
1197 2546 1249 2588 τὰ
1276 2547 1591 2603 α’ληθῆ).εἰηιιιἸ

128 2623 310 2651 asserere
340 2612 456 2652 licet:
494 2626 615 2664 quum
656 2613 775 2663 igitur
800 2627 918 2653 verae
946 2613 1239 2652 enuntiationes
1268 2615 1388 2653 simul
1415 2627 1589 2666 pronun-

129 2675 222 2714 tiari
239 2676 392 2728 possint
411 2679 496 2717 sine
515 2678 790 2728 repugnantia,
819 2677 1042 2717 contrariae
1061 2689 1140 2717 uon
1158 2677 1276 2718 simul
1294 2678 1463 2731 possint,
1491 2692 1587 2721 vera

131 2740 344 2780 enuntiatio
373 2754 492 2782 verae
519 2755 596 2783 non
625 2742 702 2782 erit
729 2742 938 2781 contraria.

635 2822 1053 2844 ›mu-*mm
