<?xml version="1.0" encoding="UTF-8"?>
<!DOCTYPE html PUBLIC "-//W3C//DTD XHTML 1.0 Transitional//EN"
    "http://www.w3.org/TR/xhtml1/DTD/xhtml1-transitional.dtd">
<html xmlns="http://www.w3.org/1999/xhtml" xml:lang="en" lang="en">
 <head>
  <title>
</title>
<meta http-equiv="Content-Type" content="text/html;charset=utf-8" />
  <meta name='ocr-system' content='tesseract 3.04.00' />
  <meta name='ocr-capabilities' content='ocr_page ocr_carea ocr_par ocr_line ocrx_word'/>
</head>
<body>
  <div class='ocr_page' id='page_1' title='image "aristotelisorgan01arisuoft_0039.png"; bbox 0 0 1780 3112; ppageno 0'>
   <div class='ocr_carea' id='block_1_1' title="bbox 403 203 1533 251">
    <p class='ocr_par' dir='ltr' id='par_1_1' title="bbox 403 203 1533 251">
     <span class='ocr_line' id='line_1_1' title="bbox 403 203 1533 251; baseline -0.001 -11"><span class='ocrx_word' id='word_1_1' title='bbox 403 206 467 240; x_wconf 88' lang='lat' dir='ltr'><strong>De</strong></span> <span class='ocrx_word' id='word_1_2' title='bbox 497 205 748 241; x_wconf 73' lang='lat' dir='ltr'><strong>codicibus</strong></span> <span class='ocrx_word' id='word_1_3' title='bbox 778 203 970 251; x_wconf 81' lang='lat' dir='ltr'><strong>graecis</strong></span> <span class='ocrx_word' id='word_1_4' title='bbox 991 204 1181 251; x_wconf 84' lang='lat' dir='ltr'><strong>Organi.</strong></span> <span class='ocrx_word' id='word_1_5' title='bbox 1505 205 1533 244; x_wconf 85' lang='lat'>5</span> 
     </span>
    </p>
   </div>
   <div class='ocr_carea' id='block_1_2' title="bbox 71 301 1531 2831">
    <p class='ocr_par' dir='ltr' id='par_1_2' title="bbox 73 301 1531 1308">
     <span class='ocr_line' id='line_1_2' title="bbox 78 301 1529 350; baseline 0.001 -11"><span class='ocrx_word' id='word_1_6' title='bbox 78 305 174 347; x_wconf 76' lang='lat' dir='ltr'><strong>rius,</strong></span> <span class='ocrx_word' id='word_1_7' title='bbox 206 304 267 349; x_wconf 80' lang='lat' dir='ltr'><strong>qui</strong></span> <span class='ocrx_word' id='word_1_8' title='bbox 298 304 392 339; x_wconf 84' lang='lat' dir='ltr'><strong>falso</strong></span> <span class='ocrx_word' id='word_1_9' title='bbox 417 305 615 350; x_wconf 80' lang='lat' dir='ltr'><strong>Philoponi</strong></span> <span class='ocrx_word' id='word_1_10' title='bbox 636 314 767 349; x_wconf 81' lang='lat' dir='ltr'><strong>nomen</strong></span> <span class='ocrx_word' id='word_1_11' title='bbox 790 314 880 348; x_wconf 85' lang='lat' dir='ltr'><strong>prae</strong></span> <span class='ocrx_word' id='word_1_12' title='bbox 902 315 942 338; x_wconf 83' lang='lat' dir='ltr'><strong>se</strong></span> <span class='ocrx_word' id='word_1_13' title='bbox 965 303 1048 338; x_wconf 86' lang='lat' dir='ltr'><strong>fert.</strong></span> <span class='ocrx_word' id='word_1_14' title='bbox 1097 301 1302 338; x_wconf 79' lang='lat' dir='ltr'><strong>Aristotelis</strong></span> <span class='ocrx_word' id='word_1_15' title='bbox 1325 304 1440 338; x_wconf 88' lang='lat' dir='ltr'><strong>verba</strong></span> <span class='ocrx_word' id='word_1_16' title='bbox 1465 315 1529 340; x_wconf 87' lang='lat' dir='ltr'><strong>ea-</strong></span> 
     </span>
     <span class='ocr_line' id='line_1_3' title="bbox 78 359 1529 406; baseline 0 -11"><span class='ocrx_word' id='word_1_17' title='bbox 78 362 162 395; x_wconf 88' lang='lat' dir='ltr'><strong>dem</strong></span> <span class='ocrx_word' id='word_1_18' title='bbox 186 372 294 395; x_wconf 86' lang='lat' dir='ltr'><strong>manu</strong></span> <span class='ocrx_word' id='word_1_19' title='bbox 315 361 451 406; x_wconf 86' lang='lat' dir='ltr'><strong>scripta</strong></span> <span class='ocrx_word' id='word_1_20' title='bbox 474 367 568 404; x_wconf 80' lang='lat' dir='ltr'><strong>sunt,</strong></span> <span class='ocrx_word' id='word_1_21' title='bbox 592 360 708 396; x_wconf 87' lang='lat' dir='ltr'><strong>sedin</strong></span> <span class='ocrx_word' id='word_1_22' title='bbox 730 360 930 395; x_wconf 88' lang='lat' dir='ltr'><strong>minoribus</strong></span> <span class='ocrx_word' id='word_1_23' title='bbox 954 360 1066 401; x_wconf 81' lang='lat' dir='ltr'><strong>foliis,</strong></span> <span class='ocrx_word' id='word_1_24' title='bbox 1090 359 1141 394; x_wconf 89' lang='lat' dir='ltr'><strong>ita</strong></span> <span class='ocrx_word' id='word_1_25' title='bbox 1164 362 1239 393; x_wconf 85' lang='lat' dir='ltr'><strong>uta</strong></span> <span class='ocrx_word' id='word_1_26' title='bbox 1258 360 1529 395; x_wconf 83' lang='lat' dir='ltr'><strong>commentariis</strong></span> 
     </span>
     <span class='ocr_line' id='line_1_4' title="bbox 78 416 1528 462; baseline -0.001 -11"><span class='ocrx_word' id='word_1_27' title='bbox 78 422 248 462; x_wconf 84' lang='lat' dir='ltr'><strong>separata</strong></span> <span class='ocrx_word' id='word_1_28' title='bbox 271 417 360 461; x_wconf 81' lang='lat' dir='ltr'><strong>sint,</strong></span> <span class='ocrx_word' id='word_1_29' title='bbox 384 418 446 462; x_wconf 84' lang='lat' dir='ltr'><strong>qui</strong></span> <span class='ocrx_word' id='word_1_30' title='bbox 468 418 669 461; x_wconf 80' lang='lat' dir='ltr'><strong>maioribus</strong></span> <span class='ocrx_word' id='word_1_31' title='bbox 692 417 927 452; x_wconf 85' lang='lat' dir='ltr'><strong>continentur.</strong></span> <span class='ocrx_word' id='word_1_32' title='bbox 976 416 1188 462; x_wconf 85' lang='lat' dir='ltr'><strong>Magenteni</strong></span> <span class='ocrx_word' id='word_1_33' title='bbox 1211 427 1343 450; x_wconf 90' lang='lat' dir='ltr'><strong>comm.</strong></span> <span class='ocrx_word' id='word_1_34' title='bbox 1369 416 1406 450; x_wconf 88' lang='lat' dir='ltr'><strong>in</strong></span> <span class='ocrx_word' id='word_1_35' title='bbox 1421 417 1528 452; x_wconf 82' lang='lat' dir='ltr'><strong>Anal.</strong></span> 
     </span>
     <span class='ocr_line' id='line_1_5' title="bbox 79 473 1529 518; baseline 0.001 -11"><span class='ocrx_word' id='word_1_36' title='bbox 79 486 132 518; x_wconf 90' lang='lat' dir='ltr'><strong>pr.</strong></span> <span class='ocrx_word' id='word_1_37' title='bbox 156 478 340 508; x_wconf 84' lang='lat' dir='ltr'><strong>contextus</strong></span> <span class='ocrx_word' id='word_1_38' title='bbox 363 474 505 509; x_wconf 87' lang='lat' dir='ltr'><strong>initium</strong></span> <span class='ocrx_word' id='word_1_39' title='bbox 528 478 668 509; x_wconf 88' lang='lat' dir='ltr'><strong>tantum</strong></span> <span class='ocrx_word' id='word_1_40' title='bbox 692 475 817 508; x_wconf 85' lang='lat' dir='ltr'><strong>habet.</strong></span> <span class='ocrx_word' id='word_1_41' title='bbox 865 474 906 507; x_wconf 87' lang='lat' dir='ltr'><strong>In</strong></span> <span class='ocrx_word' id='word_1_42' title='bbox 939 474 1013 508; x_wconf 88' lang='lat' dir='ltr'><strong>fine</strong></span> <span class='ocrx_word' id='word_1_43' title='bbox 1038 474 1114 507; x_wconf 80' lang='lat' dir='ltr'><strong>eius</strong></span> <span class='ocrx_word' id='word_1_44' title='bbox 1137 474 1230 507; x_wconf 91' lang='lat' dir='ltr'><strong>haec</strong></span> <span class='ocrx_word' id='word_1_45' title='bbox 1254 473 1366 507; x_wconf 89' lang='lat' dir='ltr'><strong>minio</strong></span> <span class='ocrx_word' id='word_1_46' title='bbox 1389 474 1529 518; x_wconf 85' lang='lat' dir='ltr'><strong>scripta</strong></span> 
     </span>
     <span class='ocr_line' id='line_1_6' title="bbox 78 525 1531 576; baseline 0.001 -12"><span class='ocrx_word' id='word_1_47' title='bbox 78 534 290 564; x_wconf 88' lang='lat' dir='ltr'><strong>occurrunt:</strong></span> <span class='ocrx_word' id='word_1_48' title='bbox 320 529 424 570; x_wconf 78' lang='grc' dir='ltr'><strong><em>τέλος</em></strong></span> <span class='ocrx_word' id='word_1_49' title='bbox 443 528 512 566; x_wconf 74' lang='grc' dir='ltr'><strong>οὖν’</strong></span> <span class='ocrx_word' id='word_1_50' title='bbox 527 532 608 576; x_wconf 74' lang='grc' dir='ltr'><strong>θεῷ</strong></span> <span class='ocrx_word' id='word_1_51' title='bbox 620 531 687 574; x_wconf 81' lang='grc' dir='ltr'><strong>τῆς</strong></span> <span class='ocrx_word' id='word_1_52' title='bbox 706 530 774 565; x_wconf 81' lang='grc' dir='ltr'><strong>τοῦ</strong></span> <span class='ocrx_word' id='word_1_53' title='bbox 790 525 955 576; x_wconf 73' lang='grc' dir='ltr'><strong><em>ὀργάνου</em></strong></span> <span class='ocrx_word' id='word_1_54' title='bbox 975 526 1258 574; x_wconf 77' lang='grc' dir='ltr'><strong>Ἀριστοτελικῆς</strong></span> <span class='ocrx_word' id='word_1_55' title='bbox 1275 530 1531 571; x_wconf 70' lang='grc' dir='ltr'><strong><em>διδασκαλίας.</em></strong></span> 
     </span>
     <span class='ocr_line' id='line_1_7' title="bbox 77 583 1530 633; baseline 0.001 -12"><span class='ocrx_word' id='word_1_56' title='bbox 77 583 276 630; x_wconf 74' lang='grc' dir='ltr'><strong>ἐτελειαίθη</strong></span> <span class='ocrx_word' id='word_1_57' title='bbox 294 584 334 620; x_wconf 78' lang='grc' dir='ltr'><strong>δὲ</strong></span> <span class='ocrx_word' id='word_1_58' title='bbox 354 585 396 621; x_wconf 78' lang='grc' dir='ltr'><strong>τὸ</strong></span> <span class='ocrx_word' id='word_1_59' title='bbox 417 586 542 633; x_wconf 71' lang='grc' dir='ltr'><strong><em>παρὸν</em></strong></span> <span class='ocrx_word' id='word_1_60' title='bbox 559 587 704 633; x_wconf 76' lang='grc' dir='ltr'><strong><em>βιβλίον</em></strong></span> <span class='ocrx_word' id='word_1_61' title='bbox 723 587 788 621; x_wconf 78' lang='grc' dir='ltr'><strong>διὰ</strong></span> <span class='ocrx_word' id='word_1_62' title='bbox 801 585 923 632; x_wconf 66' lang='grc' dir='ltr'><strong><em>χεῖρὰς</em></strong></span> <span class='ocrx_word' id='word_1_63' title='bbox 940 585 1033 630; x_wconf 77' lang='grc' dir='ltr'><strong><em>ἐμοῦ</em></strong></span> <span class='ocrx_word' id='word_1_64' title='bbox 1050 583 1204 629; x_wconf 80' lang='grc' dir='ltr'><strong><em>Ἀλεξίου</em></strong></span> <span class='ocrx_word' id='word_1_65' title='bbox 1219 584 1442 632; x_wconf 73' lang='grc' dir='ltr'><strong>ἅμα-ρτωλοῦ</strong></span> <span class='ocrx_word' id='word_1_66' title='bbox 1459 587 1530 622; x_wconf 75' lang='grc' dir='ltr'><strong>τοῦ</strong></span> 
     </span>
     <span class='ocr_line' id='line_1_8' title="bbox 76 640 1530 692; baseline 0.001 -16"><span class='ocrx_word' id='word_1_67' title='bbox 76 642 231 686; x_wconf 81' lang='grc' dir='ltr'><strong><em>Σολυμᾶ</em></strong></span> <span class='ocrx_word' id='word_1_68' title='bbox 246 641 335 687; x_wconf 77' lang='grc' dir='ltr'><strong><em>μηνὶ</em></strong></span> <span class='ocrx_word' id='word_1_69' title='bbox 361 643 452 677; x_wconf 65' lang='lat' dir='ltr'><strong>lovi.</strong></span> <span class='ocrx_word' id='word_1_70' title='bbox 472 655 505 679; x_wconf 79' lang='grc' dir='ltr'><strong>ιε</strong></span> <span class='ocrx_word' id='word_1_71' title='bbox 527 643 597 678; x_wconf 71' lang='lat' dir='ltr'><strong>lvd.</strong></span> <span class='ocrx_word' id='word_1_72' title='bbox 621 640 662 678; x_wconf 78' lang='grc' dir='ltr'><strong>ιε’</strong></span> <span class='ocrx_word' id='word_1_73' title='bbox 679 642 785 683; x_wconf 78' lang='grc' dir='ltr'><strong><em>ἔτους</em></strong></span> <span class='ocrx_word' id='word_1_74' title='bbox 814 641 958 690; x_wconf 61' lang='grc' dir='ltr'><strong><em>,ςψηκ’.</em></strong></span> <span class='ocrx_word' id='word_1_75' title='bbox 996 641 1085 686; x_wconf 71' lang='grc' dir='ltr'><strong><em>ἁγία</em></strong></span> <span class='ocrx_word' id='word_1_76' title='bbox 1107 642 1212 688; x_wconf 72' lang='grc' dir='ltr'><strong><em>τριὰς</em></strong></span> <span class='ocrx_word' id='word_1_77' title='bbox 1237 644 1378 687; x_wconf 80' lang='grc' dir='ltr'><strong><em>βοηθεῖ</em></strong></span> <span class='ocrx_word' id='word_1_78' title='bbox 1401 643 1454 688; x_wconf 77' lang='grc' dir='ltr'><strong>τῷ</strong></span> <span class='ocrx_word' id='word_1_79' title='bbox 1476 643 1530 692; x_wconf 79' lang='grc' dir='ltr'><strong>σῷ</strong></span> 
     </span>
     <span class='ocr_line' id='line_1_9' title="bbox 75 696 1529 746; baseline 0.001 -12"><span class='ocrx_word' id='word_1_80' title='bbox 75 698 198 744; x_wconf 75' lang='grc' dir='ltr'><strong><em>δούλῳ</em></strong></span> <span class='ocrx_word' id='word_1_81' title='bbox 212 696 350 744; x_wconf 79' lang='grc' dir='ltr'><strong><em>Ἀλεξίῳ</em></strong></span> <span class='ocrx_word' id='word_1_82' title='bbox 365 699 416 745; x_wconf 75' lang='grc' dir='ltr'><strong>τῷ</strong></span> <span class='ocrx_word' id='word_1_83' title='bbox 437 697 654 746; x_wconf 73' lang='grc' dir='ltr'><strong><em>ἁμαρτωλῷ.</em></strong></span> <span class='ocrx_word' id='word_1_84' title='bbox 712 700 851 734; x_wconf 83' lang='lat' dir='ltr'><strong>Eodem</strong></span> <span class='ocrx_word' id='word_1_85' title='bbox 875 700 965 734; x_wconf 85' lang='lat' dir='ltr'><strong>folio</strong></span> <span class='ocrx_word' id='word_1_86' title='bbox 999 711 1105 734; x_wconf 85' lang='lat' dir='ltr'><strong>verso</strong></span> <span class='ocrx_word' id='word_1_87' title='bbox 1138 701 1308 745; x_wconf 90' lang='lat' dir='ltr'><strong>leguntur</strong></span> <span class='ocrx_word' id='word_1_88' title='bbox 1343 701 1447 735; x_wconf 83' lang='lat' dir='ltr'><strong>Anal.</strong></span> <span class='ocrx_word' id='word_1_89' title='bbox 1471 712 1529 746; x_wconf 89' lang='lat' dir='ltr'><strong>pr.</strong></span> 
     </span>
     <span class='ocr_line' id='line_1_10' title="bbox 75 755 1526 802; baseline 0.001 -12"><span class='ocrx_word' id='word_1_90' title='bbox 75 759 277 790; x_wconf 86' lang='lat' dir='ltr'><strong>atramento</strong></span> <span class='ocrx_word' id='word_1_91' title='bbox 301 755 436 799; x_wconf 84' lang='lat' dir='ltr'><strong>scripta</strong></span> <span class='ocrx_word' id='word_1_92' title='bbox 459 757 567 802; x_wconf 90' lang='lat' dir='ltr'><strong>longe</strong></span> <span class='ocrx_word' id='word_1_93' title='bbox 592 756 784 801; x_wconf 78' lang='lat' dir='ltr'>pallidiore</span> <span class='ocrx_word' id='word_1_94' title='bbox 808 757 891 791; x_wconf 89' lang='lat' dir='ltr'><strong>inde</strong></span> <span class='ocrx_word' id='word_1_95' title='bbox 916 767 938 791; x_wconf 85' lang='lat' dir='ltr'><strong>a</strong></span> <span class='ocrx_word' id='word_1_96' title='bbox 963 768 998 800; x_wconf 90' lang='lat' dir='ltr'><strong>p.</strong></span> <span class='ocrx_word' id='word_1_97' title='bbox 1018 755 1066 790; x_wconf 88' lang='grc'><strong>68</strong></span> <span class='ocrx_word' id='word_1_98' title='bbox 1087 756 1112 789; x_wconf 89' lang='lat' dir='ltr'><strong>b</strong></span> <span class='ocrx_word' id='word_1_99' title='bbox 1137 755 1193 789; x_wconf 86' lang='lat'><strong>15.</strong></span> <span class='ocrx_word' id='word_1_100' title='bbox 1249 756 1369 790; x_wconf 88' lang='lat' dir='ltr'><strong>Unum</strong></span> <span class='ocrx_word' id='word_1_101' title='bbox 1392 756 1526 791; x_wconf 81' lang='lat' dir='ltr'><strong>folium</strong></span> 
     </span>
     <span class='ocr_line' id='line_1_11' title="bbox 75 812 1526 857; baseline 0.001 -11"><span class='ocrx_word' id='word_1_102' title='bbox 75 813 170 857; x_wconf 78' lang='lat' dir='ltr'><strong>quod</strong></span> <span class='ocrx_word' id='word_1_103' title='bbox 195 813 240 847; x_wconf 85' lang='lat' dir='ltr'><strong>ad</strong></span> <span class='ocrx_word' id='word_1_104' title='bbox 265 823 394 846; x_wconf 88' lang='lat' dir='ltr'><strong>comm.</strong></span> <span class='ocrx_word' id='word_1_105' title='bbox 413 813 566 857; x_wconf 74' lang='lat' dir='ltr'><strong>pertinet</strong></span> <span class='ocrx_word' id='word_1_106' title='bbox 589 825 712 847; x_wconf 88' lang='lat' dir='ltr'><strong>errore</strong></span> <span class='ocrx_word' id='word_1_107' title='bbox 735 813 773 847; x_wconf 91' lang='lat' dir='ltr'><strong>in</strong></span> <span class='ocrx_word' id='word_1_108' title='bbox 796 817 1001 847; x_wconf 87' lang='lat' dir='ltr'><strong>contextum</strong></span> <span class='ocrx_word' id='word_1_109' title='bbox 1024 812 1283 856; x_wconf 84' lang='lat' dir='ltr'><strong>transpositum</strong></span> <span class='ocrx_word' id='word_1_110' title='bbox 1304 816 1370 846; x_wconf 78' lang='lat' dir='ltr'><strong>est.</strong></span> <span class='ocrx_word' id='word_1_111' title='bbox 1419 814 1526 848; x_wconf 81' lang='lat' dir='ltr'><strong>Anal-</strong></span> 
     </span>
     <span class='ocr_line' id='line_1_12' title="bbox 75 868 1528 914; baseline 0.001 -12"><span class='ocrx_word' id='word_1_112' title='bbox 75 873 168 913; x_wconf 84' lang='lat' dir='ltr'><strong>post.</strong></span> <span class='ocrx_word' id='word_1_113' title='bbox 187 880 255 902; x_wconf 88' lang='lat' dir='ltr'><strong>non</strong></span> <span class='ocrx_word' id='word_1_114' title='bbox 272 868 415 914; x_wconf 85' lang='lat' dir='ltr'><strong>integra</strong></span> <span class='ocrx_word' id='word_1_115' title='bbox 429 874 520 904; x_wconf 75' lang='lat' dir='ltr'><strong>sunt.</strong></span> <span class='ocrx_word' id='word_1_116' title='bbox 568 870 773 914; x_wconf 85' lang='lat' dir='ltr'><strong>Sequuntur</strong></span> <span class='ocrx_word' id='word_1_117' title='bbox 790 869 1026 904; x_wconf 33' lang='lat' dir='ltr'><strong>foliafvariae</strong></span> <span class='ocrx_word' id='word_1_118' title='bbox 1045 869 1309 914; x_wconf 77' lang='lat' dir='ltr'><strong>magnitudinis</strong></span> <span class='ocrx_word' id='word_1_119' title='bbox 1329 880 1422 913; x_wconf 87' lang='lat' dir='ltr'><strong>quae</strong></span> <span class='ocrx_word' id='word_1_120' title='bbox 1441 881 1528 903; x_wconf 91' lang='lat' dir='ltr'><strong>con-</strong></span> 
     </span>
     <span class='ocr_line' id='line_1_13' title="bbox 74 925 1522 972; baseline 0 -12"><span class='ocrx_word' id='word_1_121' title='bbox 74 925 185 960; x_wconf 88' lang='lat' dir='ltr'><strong>tinent</strong></span> <span class='ocrx_word' id='word_1_122' title='bbox 208 926 388 969; x_wconf 85' lang='lat' dir='ltr'><strong>quaedam</strong></span> <span class='ocrx_word' id='word_1_123' title='bbox 411 938 455 960; x_wconf 86' lang='lat' dir='ltr'><strong>ex</strong></span> <span class='ocrx_word' id='word_1_124' title='bbox 474 926 640 972; x_wconf 78' lang='lat' dir='ltr'><strong>isagoge,</strong></span> <span class='ocrx_word' id='word_1_125' title='bbox 664 927 932 972; x_wconf 80' lang='lat' dir='ltr'><strong>categoriarum</strong></span> <span class='ocrx_word' id='word_1_126' title='bbox 951 929 1094 970; x_wconf 85' lang='lat' dir='ltr'><strong>partem</strong></span> <span class='ocrx_word' id='word_1_127' title='bbox 1119 926 1185 969; x_wconf 88' lang='lat' dir='ltr'><strong>(ab</strong></span> <span class='ocrx_word' id='word_1_128' title='bbox 1211 925 1522 970; x_wconf 83' lang='lat' dir='ltr'><strong>init.—l3a19),</strong></span> 
     </span>
     <span class='ocr_line' id='line_1_14' title="bbox 75 977 1526 1027; baseline 0.001 -12"><span class='ocrx_word' id='word_1_129' title='bbox 75 977 195 1026; x_wconf 69' lang='grc' dir='ltr'><strong><em>ἀρχὴν</em></strong></span> <span class='ocrx_word' id='word_1_130' title='bbox 212 983 283 1016; x_wconf 73' lang='grc' dir='ltr'><strong>τοῦ</strong></span> <span class='ocrx_word' id='word_1_131' title='bbox 295 981 327 1025; x_wconf 85' lang='grc' dir='ltr'><strong>β’</strong></span> <span class='ocrx_word' id='word_1_132' title='bbox 343 980 528 1026; x_wconf 79' lang='grc' dir='ltr'><strong><em>σχήματος</em></strong></span> <span class='ocrx_word' id='word_1_133' title='bbox 545 995 588 1017; x_wconf 87' lang='lat' dir='ltr'><strong>ex</strong></span> <span class='ocrx_word' id='word_1_134' title='bbox 606 983 708 1017; x_wconf 83' lang='lat' dir='ltr'><strong>Anal.</strong></span> <span class='ocrx_word' id='word_1_135' title='bbox 730 995 798 1027; x_wconf 88' lang='lat' dir='ltr'><strong>pr.,</strong></span> <span class='ocrx_word' id='word_1_136' title='bbox 823 987 903 1027; x_wconf 86' lang='lat' dir='ltr'><strong>post</strong></span> <span class='ocrx_word' id='word_1_137' title='bbox 927 994 1036 1027; x_wconf 88' lang='lat' dir='ltr'><strong>quam</strong></span> <span class='ocrx_word' id='word_1_138' title='bbox 1058 982 1310 1016; x_wconf 83' lang='lat' dir='ltr'><strong>continuantur</strong></span> <span class='ocrx_word' id='word_1_139' title='bbox 1333 986 1369 1017; x_wconf 88' lang='lat' dir='ltr'><strong>et</strong></span> <span class='ocrx_word' id='word_1_140' title='bbox 1392 983 1526 1018; x_wconf 83' lang='lat' dir='ltr'><strong>finiun-</strong></span> 
     </span>
     <span class='ocr_line' id='line_1_15' title="bbox 74 1038 1527 1084; baseline 0.003 -14"><span class='ocrx_word' id='word_1_141' title='bbox 74 1042 134 1071; x_wconf 86' lang='lat' dir='ltr'><strong>tur</strong></span> <span class='ocrx_word' id='word_1_142' title='bbox 156 1038 376 1083; x_wconf 81' lang='lat' dir='ltr'><strong>categoriae.</strong></span> <span class='ocrx_word' id='word_1_143' title='bbox 425 1039 580 1082; x_wconf 82' lang='lat' dir='ltr'><strong>Reliqua</strong></span> <span class='ocrx_word' id='word_1_144' title='bbox 604 1040 690 1074; x_wconf 88' lang='lat' dir='ltr'><strong>libri</strong></span> <span class='ocrx_word' id='word_1_145' title='bbox 715 1051 799 1084; x_wconf 82' lang='lat' dir='ltr'><strong>pars</strong></span> <span class='ocrx_word' id='word_1_146' title='bbox 823 1040 870 1073; x_wconf 88' lang='lat' dir='ltr'><strong>ad</strong></span> <span class='ocrx_word' id='word_1_147' title='bbox 893 1040 995 1074; x_wconf 81' lang='lat' dir='ltr'><strong>Anal.</strong></span> <span class='ocrx_word' id='word_1_148' title='bbox 1022 1051 1075 1083; x_wconf 91' lang='lat' dir='ltr'><strong>pr.</strong></span> <span class='ocrx_word' id='word_1_149' title='bbox 1103 1039 1259 1083; x_wconf 80' lang='lat' dir='ltr'><strong>pertinet</strong></span> <span class='ocrx_word' id='word_1_150' title='bbox 1280 1043 1388 1073; x_wconf 89' lang='lat' dir='ltr'><strong>antea</strong></span> <span class='ocrx_word' id='word_1_151' title='bbox 1413 1039 1527 1074; x_wconf 88' lang='lat' dir='ltr'><strong>inter-</strong></span> 
     </span>
     <span class='ocr_line' id='line_1_16' title="bbox 73 1094 1529 1140; baseline 0.001 -12"><span class='ocrx_word' id='word_1_152' title='bbox 73 1097 201 1138; x_wconf 86' lang='lat' dir='ltr'><strong>rupta,</strong></span> <span class='ocrx_word' id='word_1_153' title='bbox 231 1106 347 1138; x_wconf 86' lang='lat' dir='ltr'><strong>neque</strong></span> <span class='ocrx_word' id='word_1_154' title='bbox 378 1098 499 1128; x_wconf 88' lang='lat' dir='ltr'><strong>tamen</strong></span> <span class='ocrx_word' id='word_1_155' title='bbox 532 1095 676 1140; x_wconf 87' lang='lat' dir='ltr'><strong>integra</strong></span> <span class='ocrx_word' id='word_1_156' title='bbox 704 1096 835 1130; x_wconf 84' lang='lat' dir='ltr'><strong>insunt.</strong></span> <span class='ocrx_word' id='word_1_157' title='bbox 897 1097 1018 1130; x_wconf 87' lang='lat' dir='ltr'><strong>Maior</strong></span> <span class='ocrx_word' id='word_1_158' title='bbox 1049 1107 1134 1140; x_wconf 86' lang='lat' dir='ltr'><strong>pars</strong></span> <span class='ocrx_word' id='word_1_159' title='bbox 1168 1094 1303 1129; x_wconf 85' lang='lat' dir='ltr'><strong>codicis</strong></span> <span class='ocrx_word' id='word_1_160' title='bbox 1342 1096 1440 1129; x_wconf 88' lang='lat' dir='ltr'><strong>male</strong></span> <span class='ocrx_word' id='word_1_161' title='bbox 1470 1096 1529 1130; x_wconf 81' lang='lat' dir='ltr'><strong>af-</strong></span> 
     </span>
     <span class='ocr_line' id='line_1_17' title="bbox 73 1150 1527 1196; baseline 0.001 -12"><span class='ocrx_word' id='word_1_162' title='bbox 73 1150 170 1185; x_wconf 83' lang='lat' dir='ltr'><strong>fecta</strong></span> <span class='ocrx_word' id='word_1_163' title='bbox 205 1155 259 1185; x_wconf 84' lang='lat' dir='ltr'><strong>est</strong></span> <span class='ocrx_word' id='word_1_164' title='bbox 281 1155 317 1185; x_wconf 90' lang='lat' dir='ltr'><strong>et</strong></span> <span class='ocrx_word' id='word_1_165' title='bbox 341 1152 494 1184; x_wconf 88' lang='lat' dir='ltr'><strong>humore</strong></span> <span class='ocrx_word' id='word_1_166' title='bbox 519 1152 692 1195; x_wconf 89' lang='lat' dir='ltr'><strong>adsperso</strong></span> <span class='ocrx_word' id='word_1_167' title='bbox 718 1156 754 1185; x_wconf 88' lang='lat' dir='ltr'><strong>et</strong></span> <span class='ocrx_word' id='word_1_168' title='bbox 783 1151 1010 1196; x_wconf 82' lang='lat' dir='ltr'><strong>marginibus</strong></span> <span class='ocrx_word' id='word_1_169' title='bbox 1044 1152 1207 1186; x_wconf 86' lang='lat' dir='ltr'><strong>abscisis.</strong></span> <span class='ocrx_word' id='word_1_170' title='bbox 1254 1151 1527 1195; x_wconf 86' lang='lat' dir='ltr'><strong>Commentarii,</strong></span> 
     </span>
     <span class='ocr_line' id='line_1_18' title="bbox 74 1206 1526 1252; baseline 0.001 -11"><span class='ocrx_word' id='word_1_171' title='bbox 74 1207 119 1241; x_wconf 87' lang='lat' dir='ltr'><strong>de</strong></span> <span class='ocrx_word' id='word_1_172' title='bbox 142 1207 273 1250; x_wconf 88' lang='lat' dir='ltr'><strong>quibus</strong></span> <span class='ocrx_word' id='word_1_173' title='bbox 297 1206 464 1250; x_wconf 81' lang='lat' dir='ltr'><strong>diximus,</strong></span> <span class='ocrx_word' id='word_1_174' title='bbox 486 1207 561 1241; x_wconf 90' lang='lat' dir='ltr'><strong>alia</strong></span> <span class='ocrx_word' id='word_1_175' title='bbox 583 1218 694 1241; x_wconf 86' lang='lat' dir='ltr'><strong>manu</strong></span> <span class='ocrx_word' id='word_1_176' title='bbox 718 1207 927 1252; x_wconf 82' lang='lat' dir='ltr'><strong>diligentius</strong></span> <span class='ocrx_word' id='word_1_177' title='bbox 949 1208 1074 1252; x_wconf 85' lang='lat' dir='ltr'><strong>scripti</strong></span> <span class='ocrx_word' id='word_1_178' title='bbox 1096 1208 1262 1242; x_wconf 84' lang='lat' dir='ltr'><strong>videntur</strong></span> <span class='ocrx_word' id='word_1_179' title='bbox 1285 1219 1394 1251; x_wconf 88' lang='lat' dir='ltr'><strong>quam</strong></span> <span class='ocrx_word' id='word_1_180' title='bbox 1419 1209 1526 1242; x_wconf 86' lang='lat' dir='ltr'><strong>Cleo-</strong></span> 
     </span>
     <span class='ocr_line' id='line_1_19' title="bbox 73 1263 1457 1308; baseline 0 -10"><span class='ocrx_word' id='word_1_181' title='bbox 73 1263 190 1298; x_wconf 88' lang='lat' dir='ltr'><strong>medis</strong></span> <span class='ocrx_word' id='word_1_182' title='bbox 213 1267 249 1297; x_wconf 90' lang='lat' dir='ltr'><strong>et</strong></span> <span class='ocrx_word' id='word_1_183' title='bbox 272 1263 474 1298; x_wconf 79' lang='lat' dir='ltr'><strong>Aristotelis</strong></span> <span class='ocrx_word' id='word_1_184' title='bbox 497 1275 580 1308; x_wconf 90' lang='lat' dir='ltr'><strong>opp.</strong></span> <span class='ocrx_word' id='word_1_185' title='bbox 594 1291 603 1306; x_wconf 91' lang='lat'>‚</span> <span class='ocrx_word' id='word_1_186' title='bbox 628 1275 782 1308; x_wconf 88' lang='lat' dir='ltr'><strong>quorum</strong></span> <span class='ocrx_word' id='word_1_187' title='bbox 806 1263 884 1308; x_wconf 84' lang='lat' dir='ltr'><strong>ipse</strong></span> <span class='ocrx_word' id='word_1_188' title='bbox 909 1265 1101 1298; x_wconf 86' lang='lat' dir='ltr'><strong>character</strong></span> <span class='ocrx_word' id='word_1_189' title='bbox 1124 1264 1300 1298; x_wconf 85' lang='lat' dir='ltr'><strong>incuriam</strong></span> <span class='ocrx_word' id='word_1_190' title='bbox 1324 1264 1457 1308; x_wconf 78' lang='lat' dir='ltr'><strong>prodit.</strong></span> 
     </span>
    </p>

    <p class='ocr_par' dir='ltr' id='par_1_3' title="bbox 71 1320 1528 1985">
     <span class='ocr_line' id='line_1_20' title="bbox 164 1320 1527 1359; baseline 0 -6"><span class='ocrx_word' id='word_1_191' title='bbox 164 1320 369 1354; x_wconf 80' lang='lat' dir='ltr'><strong>Ambros.</strong></span> <span class='ocrx_word' id='word_1_192' title='bbox 394 1321 452 1359; x_wconf 87' lang='lat' dir='ltr'><strong>M,</strong></span> <span class='ocrx_word' id='word_1_193' title='bbox 475 1320 532 1354; x_wconf 77' lang='lat'><strong>71</strong></span> <span class='ocrx_word' id='word_1_194' title='bbox 556 1321 680 1354; x_wconf 91' lang='lat' dir='ltr'><strong>bomb.</strong></span> <span class='ocrx_word' id='word_1_195' title='bbox 706 1321 740 1354; x_wconf 81' lang='lat'><strong>4.</strong></span> <span class='ocrx_word' id='word_1_196' title='bbox 774 1331 870 1354; x_wconf 83' lang='lat' dir='ltr'><strong>saec.</strong></span> <span class='ocrx_word' id='word_1_197' title='bbox 896 1321 971 1354; x_wconf 83' lang='lat' dir='ltr'><strong>XV.</strong></span> <span class='ocrx_word' id='word_1_198' title='bbox 1018 1320 1143 1354; x_wconf 89' lang='lat' dir='ltr'><strong>Prima</strong></span> <span class='ocrx_word' id='word_1_199' title='bbox 1167 1331 1298 1354; x_wconf 83' lang='lat' dir='ltr'><strong>novem</strong></span> <span class='ocrx_word' id='word_1_200' title='bbox 1323 1320 1415 1354; x_wconf 89' lang='lat' dir='ltr'><strong>folia</strong></span> <span class='ocrx_word' id='word_1_201' title='bbox 1440 1331 1527 1354; x_wconf 86' lang='lat' dir='ltr'><strong>con-</strong></span> 
     </span>
     <span class='ocr_line' id='line_1_21' title="bbox 72 1376 1527 1423; baseline 0.001 -13"><span class='ocrx_word' id='word_1_202' title='bbox 72 1377 186 1411; x_wconf 85' lang='lat' dir='ltr'><strong>tinent</strong></span> <span class='ocrx_word' id='word_1_203' title='bbox 209 1377 387 1420; x_wconf 88' lang='lat' dir='ltr'><strong>quaedam</strong></span> <span class='ocrx_word' id='word_1_204' title='bbox 411 1377 459 1410; x_wconf 88' lang='lat' dir='ltr'><strong>ad</strong></span> <span class='ocrx_word' id='word_1_205' title='bbox 483 1381 552 1411; x_wconf 90' lang='lat' dir='ltr'><strong>cat.</strong></span> <span class='ocrx_word' id='word_1_206' title='bbox 577 1381 613 1411; x_wconf 89' lang='lat' dir='ltr'><strong>et</strong></span> <span class='ocrx_word' id='word_1_207' title='bbox 634 1378 729 1423; x_wconf 86' lang='lat' dir='ltr'><strong>isag.</strong></span> <span class='ocrx_word' id='word_1_208' title='bbox 754 1377 955 1421; x_wconf 82' lang='lat' dir='ltr'><strong>spectantia</strong></span> <span class='ocrx_word' id='word_1_209' title='bbox 979 1377 1055 1411; x_wconf 83' lang='lat' dir='ltr'><strong>sine</strong></span> <span class='ocrx_word' id='word_1_210' title='bbox 1081 1377 1238 1411; x_wconf 86' lang='lat' dir='ltr'><strong>auctoris</strong></span> <span class='ocrx_word' id='word_1_211' title='bbox 1254 1376 1410 1410; x_wconf 88' lang='lat' dir='ltr'><strong>nomine.</strong></span> <span class='ocrx_word' id='word_1_212' title='bbox 1456 1377 1527 1411; x_wconf 83' lang='lat' dir='ltr'><strong>Or-</strong></span> 
     </span>
     <span class='ocr_line' id='line_1_22' title="bbox 73 1433 1526 1481; baseline 0.002 -15"><span class='ocrx_word' id='word_1_213' title='bbox 73 1444 208 1479; x_wconf 85' lang='lat' dir='ltr'><strong>ganum</strong></span> <span class='ocrx_word' id='word_1_214' title='bbox 232 1433 413 1478; x_wconf 85' lang='lat' dir='ltr'><strong>integrum</strong></span> <span class='ocrx_word' id='word_1_215' title='bbox 439 1437 544 1475; x_wconf 84' lang='lat' dir='ltr'><strong>esset,</strong></span> <span class='ocrx_word' id='word_1_216' title='bbox 574 1433 641 1467; x_wconf 88' lang='lat' dir='ltr'><strong>nisi</strong></span> <span class='ocrx_word' id='word_1_217' title='bbox 665 1435 900 1467; x_wconf 86' lang='lat' dir='ltr'><strong>elenchorum</strong></span> <span class='ocrx_word' id='word_1_218' title='bbox 925 1433 1021 1466; x_wconf 87' lang='lat' dir='ltr'><strong>bona</strong></span> <span class='ocrx_word' id='word_1_219' title='bbox 1044 1444 1130 1477; x_wconf 84' lang='lat' dir='ltr'><strong>pars</strong></span> <span class='ocrx_word' id='word_1_220' title='bbox 1154 1433 1341 1481; x_wconf 40' lang='lat' dir='ltr'><strong>deiiceretg</strong></span> <span class='ocrx_word' id='word_1_221' title='bbox 1386 1434 1464 1468; x_wconf 85' lang='lat' dir='ltr'><strong>Cat.</strong></span> <span class='ocrx_word' id='word_1_222' title='bbox 1489 1437 1526 1469; x_wconf 78' lang='lat' dir='ltr'><strong>ct</strong></span> 
     </span>
     <span class='ocr_line' id='line_1_23' title="bbox 74 1489 1525 1535; baseline 0.001 -12"><span class='ocrx_word' id='word_1_223' title='bbox 74 1491 138 1524; x_wconf 86' lang='lat' dir='ltr'><strong>lib.</strong></span> <span class='ocrx_word' id='word_1_224' title='bbox 163 1490 209 1523; x_wconf 86' lang='lat' dir='ltr'><strong>de</strong></span> <span class='ocrx_word' id='word_1_225' title='bbox 234 1490 319 1533; x_wconf 89' lang='lat' dir='ltr'><strong>intp.</strong></span> <span class='ocrx_word' id='word_1_226' title='bbox 345 1491 459 1523; x_wconf 86' lang='lat' dir='ltr'><strong>multa</strong></span> <span class='ocrx_word' id='word_1_227' title='bbox 483 1490 625 1523; x_wconf 86' lang='lat' dir='ltr'><strong>scholia</strong></span> <span class='ocrx_word' id='word_1_228' title='bbox 649 1491 785 1523; x_wconf 85' lang='lat' dir='ltr'><strong>habent</strong></span> <span class='ocrx_word' id='word_1_229' title='bbox 808 1490 884 1523; x_wconf 90' lang='lat' dir='ltr'><strong>alia</strong></span> <span class='ocrx_word' id='word_1_230' title='bbox 916 1493 1117 1523; x_wconf 86' lang='lat' dir='ltr'><strong>atramento</strong></span> <span class='ocrx_word' id='word_1_231' title='bbox 1143 1489 1217 1523; x_wconf 86' lang='lat' dir='ltr'><strong>alia</strong></span> <span class='ocrx_word' id='word_1_232' title='bbox 1240 1490 1351 1523; x_wconf 90' lang='lat' dir='ltr'><strong>minio</strong></span> <span class='ocrx_word' id='word_1_233' title='bbox 1374 1490 1525 1535; x_wconf 84' lang='lat' dir='ltr'><strong>scripta,</strong></span> 
     </span>
     <span class='ocr_line' id='line_1_24' title="bbox 73 1545 1526 1592; baseline 0.001 -13"><span class='ocrx_word' id='word_1_234' title='bbox 73 1557 226 1590; x_wconf 87' lang='lat' dir='ltr'><strong>quorum</strong></span> <span class='ocrx_word' id='word_1_235' title='bbox 256 1550 376 1580; x_wconf 85' lang='lat' dir='ltr'><strong>tamen</strong></span> <span class='ocrx_word' id='word_1_236' title='bbox 401 1557 536 1591; x_wconf 81' lang='lat' dir='ltr'><strong>magna</strong></span> <span class='ocrx_word' id='word_1_237' title='bbox 559 1557 644 1590; x_wconf 86' lang='lat' dir='ltr'><strong>pars</strong></span> <span class='ocrx_word' id='word_1_238' title='bbox 675 1546 751 1592; x_wconf 90' lang='lat' dir='ltr'><strong>legi</strong></span> <span class='ocrx_word' id='word_1_239' title='bbox 774 1547 906 1590; x_wconf 88' lang='lat' dir='ltr'><strong>nequit.</strong></span> <span class='ocrx_word' id='word_1_240' title='bbox 964 1547 1001 1579; x_wconf 85' lang='lat' dir='ltr'><strong>ln</strong></span> <span class='ocrx_word' id='word_1_241' title='bbox 1035 1545 1184 1590; x_wconf 83' lang='lat' dir='ltr'><strong>reliquis</strong></span> <span class='ocrx_word' id='word_1_242' title='bbox 1217 1547 1350 1580; x_wconf 83' lang='lat' dir='ltr'><strong>sensim</strong></span> <span class='ocrx_word' id='word_1_243' title='bbox 1382 1547 1526 1582; x_wconf 77' lang='lat' dir='ltr'><strong>rariora</strong></span> 
     </span>
     <span class='ocr_line' id='line_1_25' title="bbox 71 1602 1527 1647; baseline 0.001 -11"><span class='ocrx_word' id='word_1_244' title='bbox 71 1603 175 1636; x_wconf 82' lang='lat' dir='ltr'><strong>fiunt.</strong></span> <span class='ocrx_word' id='word_1_245' title='bbox 222 1603 360 1636; x_wconf 87' lang='lat' dir='ltr'><strong>Eodem</strong></span> <span class='ocrx_word' id='word_1_246' title='bbox 384 1604 531 1637; x_wconf 83' lang='lat' dir='ltr'><strong>saeculo</strong></span> <span class='ocrx_word' id='word_1_247' title='bbox 556 1602 695 1645; x_wconf 86' lang='lat' dir='ltr'><strong>omnia,</strong></span> <span class='ocrx_word' id='word_1_248' title='bbox 721 1603 784 1636; x_wconf 87' lang='lat' dir='ltr'><strong>sed</strong></span> <span class='ocrx_word' id='word_1_249' title='bbox 801 1603 974 1647; x_wconf 66' lang='lat' dir='ltr'><strong>‚pluribus</strong></span> <span class='ocrx_word' id='word_1_250' title='bbox 998 1602 1162 1636; x_wconf 88' lang='lat' dir='ltr'><strong>manibus</strong></span> <span class='ocrx_word' id='word_1_251' title='bbox 1185 1608 1336 1638; x_wconf 85' lang='lat' dir='ltr'><strong>exarata</strong></span> <span class='ocrx_word' id='word_1_252' title='bbox 1358 1604 1527 1638; x_wconf 81' lang='lat' dir='ltr'><strong>videntur</strong></span> 
     </span>
     <span class='ocr_line' id='line_1_26' title="bbox 74 1658 1526 1703; baseline 0.001 -10"><span class='ocrx_word' id='word_1_253' title='bbox 74 1661 287 1694; x_wconf 79' lang='lat' dir='ltr'><strong>charactere</strong></span> <span class='ocrx_word' id='word_1_254' title='bbox 317 1660 404 1693; x_wconf 87' lang='lat' dir='ltr'><strong>satis</strong></span> <span class='ocrx_word' id='word_1_255' title='bbox 434 1660 589 1694; x_wconf 88' lang='lat' dir='ltr'><strong>diverso.</strong></span> <span class='ocrx_word' id='word_1_256' title='bbox 649 1659 743 1693; x_wconf 87' lang='lat' dir='ltr'><strong>Nam</strong></span> <span class='ocrx_word' id='word_1_257' title='bbox 777 1660 851 1693; x_wconf 86' lang='lat' dir='ltr'><strong>alia</strong></span> <span class='ocrx_word' id='word_1_258' title='bbox 883 1670 1013 1692; x_wconf 87' lang='lat' dir='ltr'><strong>manus</strong></span> <span class='ocrx_word' id='word_1_259' title='bbox 1045 1658 1190 1703; x_wconf 83' lang='lat' dir='ltr'><strong>scripsit</strong></span> <span class='ocrx_word' id='word_1_260' title='bbox 1220 1659 1361 1694; x_wconf 85' lang='lat' dir='ltr'><strong>initium</strong></span> <span class='ocrx_word' id='word_1_261' title='bbox 1395 1660 1482 1695; x_wconf 87' lang='lat' dir='ltr'><strong>libri</strong></span> <span class='ocrx_word' id='word_1_262' title='bbox 1507 1660 1526 1694; x_wconf 91' lang='lat'>1</span> 
     </span>
     <span class='ocr_line' id='line_1_27' title="bbox 73 1716 1526 1761; baseline 0.001 -11"><span class='ocrx_word' id='word_1_263' title='bbox 73 1718 182 1761; x_wconf 86' lang='lat' dir='ltr'><strong>Top.‚</strong></span> <span class='ocrx_word' id='word_1_264' title='bbox 206 1716 281 1750; x_wconf 89' lang='lat' dir='ltr'><strong>alia</strong></span> <span class='ocrx_word' id='word_1_265' title='bbox 304 1716 424 1759; x_wconf 89' lang='lat' dir='ltr'><strong>(cuius</strong></span> <span class='ocrx_word' id='word_1_266' title='bbox 450 1717 640 1750; x_wconf 85' lang='lat' dir='ltr'><strong>character</strong></span> <span class='ocrx_word' id='word_1_267' title='bbox 663 1716 783 1761; x_wconf 86' lang='lat' dir='ltr'><strong>magis</strong></span> <span class='ocrx_word' id='word_1_268' title='bbox 806 1717 978 1749; x_wconf 85' lang='lat' dir='ltr'><strong>rotundus</strong></span> <span class='ocrx_word' id='word_1_269' title='bbox 1006 1720 1071 1757; x_wconf 84' lang='lat' dir='ltr'><strong>est,</strong></span> <span class='ocrx_word' id='word_1_270' title='bbox 1099 1720 1284 1750; x_wconf 84' lang='lat' dir='ltr'><strong>contextus</strong></span> <span class='ocrx_word' id='word_1_271' title='bbox 1302 1722 1426 1751; x_wconf 86' lang='lat' dir='ltr'><strong>autem</strong></span> <span class='ocrx_word' id='word_1_272' title='bbox 1446 1717 1526 1761; x_wconf 79' lang='lat' dir='ltr'><strong>ipse</strong></span> 
     </span>
     <span class='ocr_line' id='line_1_28' title="bbox 74 1772 1527 1816; baseline 0 -9"><span class='ocrx_word' id='word_1_273' title='bbox 74 1773 300 1807; x_wconf 86' lang='lat' dir='ltr'><strong>emendatior</strong></span> <span class='ocrx_word' id='word_1_274' title='bbox 322 1773 481 1815; x_wconf 81' lang='lat' dir='ltr'><strong>videtur)</strong></span> <span class='ocrx_word' id='word_1_275' title='bbox 507 1773 616 1806; x_wconf 84' lang='lat' dir='ltr'><strong>finem</strong></span> <span class='ocrx_word' id='word_1_276' title='bbox 633 1772 719 1806; x_wconf 87' lang='lat' dir='ltr'><strong>libri</strong></span> <span class='ocrx_word' id='word_1_277' title='bbox 735 1773 767 1804; x_wconf 89' lang='lat'><strong>11</strong></span> <span class='ocrx_word' id='word_1_278' title='bbox 793 1776 829 1805; x_wconf 88' lang='lat' dir='ltr'><strong>et</strong></span> <span class='ocrx_word' id='word_1_279' title='bbox 851 1772 1026 1805; x_wconf 87' lang='lat' dir='ltr'><strong>maiorem</strong></span> <span class='ocrx_word' id='word_1_280' title='bbox 1051 1776 1192 1815; x_wconf 86' lang='lat' dir='ltr'><strong>partem</strong></span> <span class='ocrx_word' id='word_1_281' title='bbox 1206 1773 1290 1806; x_wconf 87' lang='lat' dir='ltr'><strong>libri</strong></span> <span class='ocrx_word' id='word_1_282' title='bbox 1307 1774 1364 1816; x_wconf 85' lang='lat' dir='ltr'><strong>lv,</strong></span> <span class='ocrx_word' id='word_1_283' title='bbox 1388 1773 1527 1807; x_wconf 86' lang='lat' dir='ltr'><strong>librum</strong></span> 
     </span>
     <span class='ocr_line' id='line_1_29' title="bbox 73 1828 1528 1872; baseline 0 -9"><span class='ocrx_word' id='word_1_284' title='bbox 73 1830 104 1863; x_wconf 83' lang='lat' dir='ltr'><strong>V</strong></span> <span class='ocrx_word' id='word_1_285' title='bbox 123 1848 170 1855; x_wconf 88' lang='lat'>-</span> <span class='ocrx_word' id='word_1_286' title='bbox 187 1829 290 1871; x_wconf 81' lang='lat' dir='ltr'><strong>vm,</strong></span> <span class='ocrx_word' id='word_1_287' title='bbox 323 1830 396 1862; x_wconf 87' lang='lat' dir='ltr'><strong>alia</strong></span> <span class='ocrx_word' id='word_1_288' title='bbox 419 1828 559 1862; x_wconf 89' lang='lat' dir='ltr'><strong>initium</strong></span> <span class='ocrx_word' id='word_1_289' title='bbox 586 1830 687 1862; x_wconf 84' lang='lat' dir='ltr'><strong>Anal.</strong></span> <span class='ocrx_word' id='word_1_290' title='bbox 711 1840 766 1872; x_wconf 89' lang='lat' dir='ltr'><strong>pr.</strong></span> <span class='ocrx_word' id='word_1_291' title='bbox 791 1840 905 1872; x_wconf 88' lang='lat' dir='ltr'><strong>usque</strong></span> <span class='ocrx_word' id='word_1_292' title='bbox 930 1829 975 1862; x_wconf 84' lang='lat' dir='ltr'><strong>ad</strong></span> <span class='ocrx_word' id='word_1_293' title='bbox 1008 1832 1115 1871; x_wconf 86' lang='lat' dir='ltr'><strong>caput</strong></span> <span class='ocrx_word' id='word_1_294' title='bbox 1139 1829 1279 1871; x_wconf 78' lang='lat' dir='ltr'><strong>xxm,</strong></span> <span class='ocrx_word' id='word_1_295' title='bbox 1322 1829 1397 1862; x_wconf 85' lang='lat' dir='ltr'><strong>alia</strong></span> <span class='ocrx_word' id='word_1_296' title='bbox 1431 1830 1528 1872; x_wconf 86' lang='lat' dir='ltr'><strong>quod</strong></span> 
     </span>
     <span class='ocr_line' id='line_1_30' title="bbox 72 1884 1523 1930; baseline 0 -11"><span class='ocrx_word' id='word_1_297' title='bbox 72 1886 252 1929; x_wconf 85' lang='lat' dir='ltr'><strong>reliquum</strong></span> <span class='ocrx_word' id='word_1_298' title='bbox 274 1889 352 1919; x_wconf 82' lang='lat' dir='ltr'><strong>erat</strong></span> <span class='ocrx_word' id='word_1_299' title='bbox 375 1885 538 1929; x_wconf 90' lang='lat' dir='ltr'><strong>priorum</strong></span> <span class='ocrx_word' id='word_1_300' title='bbox 563 1889 598 1919; x_wconf 87' lang='lat' dir='ltr'><strong>et</strong></span> <span class='ocrx_word' id='word_1_301' title='bbox 622 1889 712 1929; x_wconf 89' lang='lat' dir='ltr'><strong>post.</strong></span> <span class='ocrx_word' id='word_1_302' title='bbox 736 1886 862 1929; x_wconf 64' lang='lat' dir='ltr'><strong>Anah,</strong></span> <span class='ocrx_word' id='word_1_303' title='bbox 896 1884 970 1919; x_wconf 89' lang='lat' dir='ltr'><strong>alia</strong></span> <span class='ocrx_word' id='word_1_304' title='bbox 996 1884 1226 1930; x_wconf 76' lang='lat' dir='ltr'><strong>categorias,</strong></span> <span class='ocrx_word' id='word_1_305' title='bbox 1263 1885 1341 1919; x_wconf 87' lang='lat' dir='ltr'><strong>alia</strong></span> <span class='ocrx_word' id='word_1_306' title='bbox 1367 1885 1523 1930; x_wconf 87' lang='lat' dir='ltr'><strong>denique</strong></span> 
     </span>
     <span class='ocr_line' id='line_1_31' title="bbox 72 1941 389 1985; baseline 0 -10"><span class='ocrx_word' id='word_1_307' title='bbox 72 1942 207 1976; x_wconf 90' lang='lat' dir='ltr'><strong>librum</strong></span> <span class='ocrx_word' id='word_1_308' title='bbox 231 1942 276 1975; x_wconf 93' lang='lat' dir='ltr'><strong>de</strong></span> <span class='ocrx_word' id='word_1_309' title='bbox 301 1941 389 1985; x_wconf 88' lang='lat' dir='ltr'><strong>intp.</strong></span> 
     </span>
    </p>

    <p class='ocr_par' dir='ltr' id='par_1_4' title="bbox 72 1996 1526 2831">
     <span class='ocr_line' id='line_1_32' title="bbox 164 1996 1524 2044; baseline 0.001 -13"><span class='ocrx_word' id='word_1_310' title='bbox 164 1998 272 2031; x_wconf 81' lang='lat' dir='ltr'><strong>Amb</strong></span> <span class='ocrx_word' id='word_1_311' title='bbox 286 2010 372 2031; x_wconf 85' lang='lat' dir='ltr'><strong>ros.</strong></span> <span class='ocrx_word' id='word_1_312' title='bbox 398 1999 459 2040; x_wconf 86' lang='lat' dir='ltr'><strong>M,</strong></span> <span class='ocrx_word' id='word_1_313' title='bbox 483 1997 538 2032; x_wconf 82' lang='lat'><strong>89</strong></span> <span class='ocrx_word' id='word_1_314' title='bbox 559 1998 684 2031; x_wconf 90' lang='lat' dir='ltr'><strong>bomb.</strong></span> <span class='ocrx_word' id='word_1_315' title='bbox 710 1996 744 2030; x_wconf 80' lang='lat'><strong>4.</strong></span> <span class='ocrx_word' id='word_1_316' title='bbox 767 1998 871 2031; x_wconf 83' lang='lat' dir='ltr'><strong>Anal.</strong></span> <span class='ocrx_word' id='word_1_317' title='bbox 898 2001 990 2041; x_wconf 87' lang='lat' dir='ltr'><strong>post.</strong></span> <span class='ocrx_word' id='word_1_318' title='bbox 1014 1998 1077 2031; x_wconf 92' lang='lat' dir='ltr'><strong>lib.</strong></span> <span class='ocrx_word' id='word_1_319' title='bbox 1102 1998 1119 2031; x_wconf 94' lang='lat'>1</span> <span class='ocrx_word' id='word_1_320' title='bbox 1142 1997 1359 2031; x_wconf 82' lang='lat' dir='ltr'><strong>saec.X111.</strong></span> <span class='ocrx_word' id='word_1_321' title='bbox 1395 1998 1524 2044; x_wconf 84' lang='lat' dir='ltr'><strong>Longe</strong></span> 
     </span>
     <span class='ocr_line' id='line_1_33' title="bbox 72 2053 1525 2098; baseline 0 -10"><span class='ocrx_word' id='word_1_322' title='bbox 72 2054 271 2089; x_wconf 87' lang='lat' dir='ltr'><strong>maximam</strong></span> <span class='ocrx_word' id='word_1_323' title='bbox 302 2055 387 2088; x_wconf 90' lang='lat' dir='ltr'><strong>libri</strong></span> <span class='ocrx_word' id='word_1_324' title='bbox 422 2059 562 2098; x_wconf 87' lang='lat' dir='ltr'><strong>partem</strong></span> <span class='ocrx_word' id='word_1_325' title='bbox 594 2053 874 2087; x_wconf 82' lang='lat' dir='ltr'><strong>commentarius</strong></span> <span class='ocrx_word' id='word_1_326' title='bbox 905 2058 1060 2098; x_wconf 83' lang='lat' dir='ltr'><strong>occupat</strong></span> <span class='ocrx_word' id='word_1_327' title='bbox 1091 2053 1165 2087; x_wconf 82' lang='lat' dir='ltr'><strong>alia</strong></span> <span class='ocrx_word' id='word_1_328' title='bbox 1187 2064 1297 2087; x_wconf 87' lang='lat' dir='ltr'><strong>mann</strong></span> <span class='ocrx_word' id='word_1_329' title='bbox 1321 2065 1418 2088; x_wconf 85' lang='lat' dir='ltr'><strong>saec.</strong></span> <span class='ocrx_word' id='word_1_330' title='bbox 1444 2055 1525 2088; x_wconf 82' lang='lat' dir='ltr'><strong>xlv</strong></span> 
     </span>
     <span class='ocr_line' id='line_1_34' title="bbox 72 2109 1526 2155; baseline 0 -10"><span class='ocrx_word' id='word_1_331' title='bbox 72 2111 240 2155; x_wconf 82' lang='lat' dir='ltr'><strong>scriptus.</strong></span> <span class='ocrx_word' id='word_1_332' title='bbox 287 2111 334 2144; x_wconf 90' lang='lat' dir='ltr'><strong>Et</strong></span> <span class='ocrx_word' id='word_1_333' title='bbox 357 2115 542 2144; x_wconf 81' lang='lat' dir='ltr'><strong>contextus</strong></span> <span class='ocrx_word' id='word_1_334' title='bbox 566 2114 601 2144; x_wconf 89' lang='lat' dir='ltr'><strong>et</strong></span> <span class='ocrx_word' id='word_1_335' title='bbox 625 2110 875 2144; x_wconf 88' lang='lat' dir='ltr'><strong>commentarii</strong></span> <span class='ocrx_word' id='word_1_336' title='bbox 907 2110 1045 2143; x_wconf 87' lang='lat' dir='ltr'><strong>initium</strong></span> <span class='ocrx_word' id='word_1_337' title='bbox 1069 2109 1131 2143; x_wconf 80' lang='lat' dir='ltr'><strong>vix</strong></span> <span class='ocrx_word' id='word_1_338' title='bbox 1158 2110 1234 2154; x_wconf 86' lang='lat' dir='ltr'><strong>legi</strong></span> <span class='ocrx_word' id='word_1_339' title='bbox 1256 2114 1394 2154; x_wconf 86' lang='lat' dir='ltr'><strong>potest:</strong></span> <span class='ocrx_word' id='word_1_340' title='bbox 1429 2114 1526 2145; x_wconf 72' lang='lat' dir='ltr'><strong>totus</strong></span> 
     </span>
     <span class='ocr_line' id='line_1_35' title="bbox 74 2163 1526 2212; baseline 0 -11"><span class='ocrx_word' id='word_1_341' title='bbox 74 2167 170 2201; x_wconf 88' lang='lat' dir='ltr'><strong>enim</strong></span> <span class='ocrx_word' id='word_1_342' title='bbox 194 2168 288 2201; x_wconf 90' lang='lat' dir='ltr'><strong>liber</strong></span> <span class='ocrx_word' id='word_1_343' title='bbox 311 2167 537 2200; x_wconf 82' lang='lat' dir='ltr'><strong>madefactus</strong></span> <span class='ocrx_word' id='word_1_344' title='bbox 562 2170 637 2207; x_wconf 85' lang='lat' dir='ltr'><strong>est,</strong></span> <span class='ocrx_word' id='word_1_345' title='bbox 671 2178 785 2210; x_wconf 65' lang='lat' dir='ltr'><strong>noque</strong></span> <span class='ocrx_word' id='word_1_346' title='bbox 815 2171 937 2200; x_wconf 85' lang='lat' dir='ltr'><strong>tamen</strong></span> <span class='ocrx_word' id='word_1_347' title='bbox 959 2167 1100 2211; x_wconf 84' lang='lat' dir='ltr'><strong>reliqua</strong></span> <span class='ocrx_word' id='word_1_348' title='bbox 1124 2167 1170 2200; x_wconf 89' lang='lat' dir='ltr'><strong>ad</strong></span> <span class='ocrx_word' id='word_1_349' title='bbox 1194 2167 1390 2212; x_wconf 85' lang='lat' dir='ltr'><strong>legendum</strong></span> <span class='ocrx_word' id='word_1_350' title='bbox 1425 2163 1526 2201; x_wconf 81' lang='lat' dir='ltr'><strong>diffi-</strong></span> 
     </span>
     <span class='ocr_line' id='line_1_36' title="bbox 75 2222 1525 2268; baseline 0 -11"><span class='ocrx_word' id='word_1_351' title='bbox 75 2223 159 2257; x_wconf 81' lang='lat' dir='ltr'><strong>cilia</strong></span> <span class='ocrx_word' id='word_1_352' title='bbox 181 2228 272 2257; x_wconf 89' lang='lat' dir='ltr'><strong>sunt.</strong></span> <span class='ocrx_word' id='word_1_353' title='bbox 321 2224 522 2257; x_wconf 86' lang='lat' dir='ltr'><strong>Character</strong></span> <span class='ocrx_word' id='word_1_354' title='bbox 543 2222 747 2266; x_wconf 82' lang='lat' dir='ltr'><strong>scripturae</strong></span> <span class='ocrx_word' id='word_1_355' title='bbox 770 2223 931 2268; x_wconf 80' lang='lat' dir='ltr'><strong>grandis,</strong></span> <span class='ocrx_word' id='word_1_356' title='bbox 954 2224 1018 2257; x_wconf 86' lang='lat' dir='ltr'><strong>sed</strong></span> <span class='ocrx_word' id='word_1_357' title='bbox 1043 2224 1170 2256; x_wconf 86' lang='lat' dir='ltr'><strong>charta</strong></span> <span class='ocrx_word' id='word_1_358' title='bbox 1187 2223 1334 2256; x_wconf 86' lang='lat' dir='ltr'><strong>mollior</strong></span> <span class='ocrx_word' id='word_1_359' title='bbox 1346 2234 1415 2256; x_wconf 86' lang='lat' dir='ltr'><strong>usu</strong></span> <span class='ocrx_word' id='word_1_360' title='bbox 1428 2224 1525 2262; x_wconf 67' lang='lat' dir='ltr'><strong>mul,-</strong></span> 
     </span>
     <span class='ocr_line' id='line_1_37' title="bbox 74 2278 1524 2323; baseline -0.001 -9"><span class='ocrx_word' id='word_1_361' title='bbox 74 2285 150 2314; x_wconf 86' lang='lat' dir='ltr'><strong>tum</strong></span> <span class='ocrx_word' id='word_1_362' title='bbox 175 2280 308 2314; x_wconf 81' lang='lat' dir='ltr'><strong>affecta</strong></span> <span class='ocrx_word' id='word_1_363' title='bbox 331 2284 394 2314; x_wconf 87' lang='lat' dir='ltr'><strong>est.</strong></span> <span class='ocrx_word' id='word_1_364' title='bbox 444 2281 637 2313; x_wconf 84' lang='lat' dir='ltr'><strong>Contextus</strong></span> <span class='ocrx_word' id='word_1_365' title='bbox 660 2280 775 2313; x_wconf 78' lang='lat' dir='ltr'><strong>verba</strong></span> <span class='ocrx_word' id='word_1_366' title='bbox 805 2278 951 2323; x_wconf 81' lang='lat' dir='ltr'><strong>saepius</strong></span> <span class='ocrx_word' id='word_1_367' title='bbox 980 2279 1220 2323; x_wconf 83' lang='lat' dir='ltr'><strong>pallidissima</strong></span> <span class='ocrx_word' id='word_1_368' title='bbox 1250 2283 1342 2313; x_wconf 88' lang='lat' dir='ltr'><strong>sunt.</strong></span> <span class='ocrx_word' id='word_1_369' title='bbox 1398 2278 1524 2322; x_wconf 85' lang='lat' dir='ltr'><strong>Tituli,</strong></span> 
     </span>
     <span class='ocr_line' id='line_1_38' title="bbox 74 2335 1526 2381; baseline -0.001 -11"><span class='ocrx_word' id='word_1_370' title='bbox 74 2348 143 2380; x_wconf 90' lang='lat' dir='ltr'><strong>quo</strong></span> <span class='ocrx_word' id='word_1_371' title='bbox 176 2337 456 2370; x_wconf 78' lang='lat' dir='ltr'><strong>commentarius</strong></span> <span class='ocrx_word' id='word_1_372' title='bbox 489 2336 681 2380; x_wconf 85' lang='lat' dir='ltr'><strong>inscriptus</strong></span> <span class='ocrx_word' id='word_1_373' title='bbox 717 2335 807 2378; x_wconf 81' lang='lat' dir='ltr'><strong>fuit,</strong></span> <span class='ocrx_word' id='word_1_374' title='bbox 854 2335 1010 2381; x_wconf 81' lang='lat' dir='ltr'><strong>vestigia</strong></span> <span class='ocrx_word' id='word_1_375' title='bbox 1053 2340 1230 2379; x_wconf 89' lang='lat' dir='ltr'><strong>apparent</strong></span> <span class='ocrx_word' id='word_1_376' title='bbox 1265 2347 1356 2379; x_wconf 87' lang='lat' dir='ltr'><strong>quae</strong></span> <span class='ocrx_word' id='word_1_377' title='bbox 1388 2335 1526 2369; x_wconf 69' lang='lat' dir='ltr'><strong>uncinis</strong></span> 
     </span>
     <span class='ocr_line' id='line_1_39' title="bbox 74 2389 1524 2438; baseline 0.001 -12"><span class='ocrx_word' id='word_1_378' title='bbox 74 2404 144 2426; x_wconf 91' lang='lat' dir='ltr'><strong>non</strong></span> <span class='ocrx_word' id='word_1_379' title='bbox 176 2394 497 2428; x_wconf 82' lang='lat' dir='ltr'><strong>circumdedimus:</strong></span> <span class='ocrx_word' id='word_1_380' title='bbox 553 2390 743 2437; x_wconf 79' lang='grc' dir='ltr'><strong><em>[Ἰωάννου</em></strong></span> <span class='ocrx_word' id='word_1_381' title='bbox 777 2393 846 2427; x_wconf 85' lang='grc' dir='ltr'><strong>τοῦ</strong></span> <span class='ocrx_word' id='word_1_382' title='bbox 885 2390 1096 2432; x_wconf 80' lang='grc' dir='ltr'><strong><em>Φιλοπόνου</em></strong></span> <span class='ocrx_word' id='word_1_383' title='bbox 1129 2389 1405 2438; x_wconf 73' lang='grc' dir='ltr'><strong>Ἀλε]ξανὸρέως</strong></span> <span class='ocrx_word' id='word_1_384' title='bbox 1438 2403 1524 2436; x_wconf 78' lang='grc' dir='ltr'><strong><em>σχο-</em></strong></span> 
     </span>
     <span class='ocr_line' id='line_1_40' title="bbox 74 2431 1524 2494; baseline 0 -11"><span class='ocrx_word' id='word_1_385' title='bbox 74 2449 243 2484; x_wconf 77' lang='grc' dir='ltr'><strong><em>λαστικαὶ</em></strong></span> <span class='ocrx_word' id='word_1_386' title='bbox 273 2431 604 2494; x_wconf 47' lang='grc' dir='ltr'><strong>οἷντῧημειῇόσεις]</strong></span> <span class='ocrx_word' id='word_1_387' title='bbox 641 2449 693 2488; x_wconf 80' lang='grc' dir='ltr'><strong>εἰς</strong></span> <span class='ocrx_word' id='word_1_388' title='bbox 719 2447 761 2484; x_wconf 86' lang='grc' dir='ltr'><strong>τὸ</strong></span> <span class='ocrx_word' id='word_1_389' title='bbox 794 2449 942 2492; x_wconf 77' lang='grc' dir='ltr'><strong><em>πρῶτον</em></strong></span> <span class='ocrx_word' id='word_1_390' title='bbox 973 2448 1047 2482; x_wconf 77' lang='grc' dir='ltr'><strong>τῶν</strong></span> <span class='ocrx_word' id='word_1_391' title='bbox 1086 2446 1250 2494; x_wconf 74' lang='grc' dir='ltr'>ὑστέρων</span> <span class='ocrx_word' id='word_1_392' title='bbox 1287 2444 1524 2483; x_wconf 70' lang='grc' dir='ltr'><strong><em>ἀναλυτικῶν</em></strong></span> 
     </span>
     <span class='ocr_line' id='line_1_41' title="bbox 73 2503 1522 2551; baseline -0.001 -11"><span class='ocrx_word' id='word_1_393' title='bbox 73 2503 347 2551; x_wconf 71' lang='grc' dir='ltr'><strong><em>Ἀριστοτέλους.</em></strong></span> <span class='ocrx_word' id='word_1_394' title='bbox 417 2507 581 2540; x_wconf 85' lang='lat' dir='ltr'><strong>Primum</strong></span> <span class='ocrx_word' id='word_1_395' title='bbox 620 2505 752 2539; x_wconf 88' lang='lat' dir='ltr'><strong>codicis</strong></span> <span class='ocrx_word' id='word_1_396' title='bbox 789 2506 920 2539; x_wconf 85' lang='lat' dir='ltr'><strong>folium</strong></span> <span class='ocrx_word' id='word_1_397' title='bbox 958 2508 1082 2538; x_wconf 82' lang='lat' dir='ltr'><strong>notam</strong></span> <span class='ocrx_word' id='word_1_398' title='bbox 1119 2506 1232 2538; x_wconf 82' lang='lat' dir='ltr'><strong>habet</strong></span> <span class='ocrx_word' id='word_1_399' title='bbox 1270 2504 1522 2549; x_wconf 84' lang='lat' dir='ltr'><strong>recentiorem,</strong></span> 
     </span>
     <span class='ocr_line' id='line_1_42' title="bbox 75 2561 1523 2606; baseline 0 -11"><span class='ocrx_word' id='word_1_400' title='bbox 75 2572 168 2606; x_wconf 86' lang='lat' dir='ltr'><strong>quae</strong></span> <span class='ocrx_word' id='word_1_401' title='bbox 200 2562 397 2596; x_wconf 81' lang='lat' dir='ltr'><strong>Alexandri</strong></span> <span class='ocrx_word' id='word_1_402' title='bbox 428 2574 506 2596; x_wconf 86' lang='lat' dir='ltr'><strong>esse</strong></span> <span class='ocrx_word' id='word_1_403' title='bbox 537 2564 634 2595; x_wconf 91' lang='lat' dir='ltr'><strong>hunc</strong></span> <span class='ocrx_word' id='word_1_404' title='bbox 670 2562 968 2596; x_wconf 88' lang='lat' dir='ltr'><strong>commentarium</strong></span> <span class='ocrx_word' id='word_1_405' title='bbox 999 2562 1119 2599; x_wconf 88' lang='lat' dir='ltr'><strong>docet,</strong></span> <span class='ocrx_word' id='word_1_406' title='bbox 1155 2561 1250 2604; x_wconf 89' lang='lat' dir='ltr'><strong>quod</strong></span> <span class='ocrx_word' id='word_1_407' title='bbox 1286 2571 1378 2604; x_wconf 88' lang='lat' dir='ltr'><strong>quae</strong></span> <span class='ocrx_word' id='word_1_408' title='bbox 1403 2561 1523 2595; x_wconf 85' lang='lat' dir='ltr'><strong>adhuc</strong></span> 
     </span>
     <span class='ocr_line' id='line_1_43' title="bbox 74 2617 1522 2662; baseline 0.001 -12"><span class='ocrx_word' id='word_1_409' title='bbox 74 2623 262 2662; x_wconf 79' lang='lat' dir='ltr'><strong>supersunt</strong></span> <span class='ocrx_word' id='word_1_410' title='bbox 284 2618 319 2652; x_wconf 91' lang='lat' dir='ltr'><strong>in</strong></span> <span class='ocrx_word' id='word_1_411' title='bbox 343 2619 463 2653; x_wconf 83' lang='lat' dir='ltr'><strong>fronte</strong></span> <span class='ocrx_word' id='word_1_412' title='bbox 493 2619 578 2652; x_wconf 87' lang='lat' dir='ltr'><strong>libri</strong></span> <span class='ocrx_word' id='word_1_413' title='bbox 614 2618 831 2652; x_wconf 87' lang='lat' dir='ltr'><strong>confirmare</strong></span> <span class='ocrx_word' id='word_1_414' title='bbox 865 2618 1093 2651; x_wconf 76' lang='lat' dir='ltr'><strong>videbantur.</strong></span> <span class='ocrx_word' id='word_1_415' title='bbox 1149 2617 1223 2650; x_wconf 89' lang='lat' dir='ltr'><strong>Sed</strong></span> <span class='ocrx_word' id='word_1_416' title='bbox 1259 2628 1369 2661; x_wconf 88' lang='lat' dir='ltr'><strong>quum</strong></span> <span class='ocrx_word' id='word_1_417' title='bbox 1402 2617 1522 2661; x_wconf 79' lang='lat' dir='ltr'><strong>ipsum</strong></span> 
     </span>
     <span class='ocr_line' id='line_1_44' title="bbox 75 2674 1521 2721; baseline 0 -14"><span class='ocrx_word' id='word_1_418' title='bbox 75 2674 332 2719; x_wconf 77' lang='lat' dir='ltr'><strong>inspexissem,</strong></span> <span class='ocrx_word' id='word_1_419' title='bbox 362 2686 446 2709; x_wconf 87' lang='lat' dir='ltr'><strong>mox</strong></span> <span class='ocrx_word' id='word_1_420' title='bbox 477 2676 651 2721; x_wconf 85' lang='lat' dir='ltr'><strong>gaudium</strong></span> <span class='ocrx_word' id='word_1_421' title='bbox 684 2676 778 2718; x_wconf 88' lang='lat' dir='ltr'><strong>quod</strong></span> <span class='ocrx_word' id='word_1_422' title='bbox 802 2687 845 2709; x_wconf 86' lang='lat' dir='ltr'><strong>ex</strong></span> <span class='ocrx_word' id='word_1_423' title='bbox 870 2674 1015 2708; x_wconf 83' lang='lat' dir='ltr'><strong>invento</strong></span> <span class='ocrx_word' id='word_1_424' title='bbox 1041 2674 1396 2718; x_wconf 63' lang='lat' dir='ltr'><strong>ceperamdeposui.</strong></span> <span class='ocrx_word' id='word_1_425' title='bbox 1441 2674 1521 2707; x_wconf 82' lang='lat' dir='ltr'><strong>Non</strong></span> 
     </span>
     <span class='ocr_line' id='line_1_45' title="bbox 77 2729 1521 2777; baseline 0 -13"><span class='ocrx_word' id='word_1_426' title='bbox 77 2735 156 2765; x_wconf 83' lang='lat' dir='ltr'><strong>erat</strong></span> <span class='ocrx_word' id='word_1_427' title='bbox 185 2743 292 2776; x_wconf 88' lang='lat' dir='ltr'><strong>quem</strong></span> <span class='ocrx_word' id='word_1_428' title='bbox 324 2732 486 2766; x_wconf 85' lang='lat' dir='ltr'><strong>invenire</strong></span> <span class='ocrx_word' id='word_1_429' title='bbox 520 2732 715 2777; x_wconf 85' lang='lat' dir='ltr'><strong>sperabam</strong></span> <span class='ocrx_word' id='word_1_430' title='bbox 743 2731 941 2766; x_wconf 82' lang='lat' dir='ltr'><strong>Alexandri</strong></span> <span class='ocrx_word' id='word_1_431' title='bbox 972 2729 1273 2773; x_wconf 79' lang='lat' dir='ltr'><strong>commentarius,</strong></span> <span class='ocrx_word' id='word_1_432' title='bbox 1304 2732 1366 2765; x_wconf 80' lang='lat' dir='ltr'><strong>sed</strong></span> <span class='ocrx_word' id='word_1_433' title='bbox 1393 2730 1521 2766; x_wconf 79' lang='lat' dir='ltr'><strong>Philo-</strong></span> 
     </span>
     <span class='ocr_line' id='line_1_46' title="bbox 77 2787 637 2831; baseline 0.007 -10"><span class='ocrx_word' id='word_1_434' title='bbox 77 2787 181 2831; x_wconf 87' lang='lat' dir='ltr'><strong>poni,</strong></span> <span class='ocrx_word' id='word_1_435' title='bbox 210 2791 249 2823; x_wconf 88' lang='lat' dir='ltr'><strong>ut</strong></span> <span class='ocrx_word' id='word_1_436' title='bbox 271 2788 429 2825; x_wconf 78' lang='lat' dir='ltr'><strong>indicavi</strong></span> <span class='ocrx_word' id='word_1_437' title='bbox 461 2790 500 2825; x_wconf 86' lang='lat' dir='ltr'><strong>in</strong></span> <span class='ocrx_word' id='word_1_438' title='bbox 522 2789 637 2825; x_wconf 85' lang='lat' dir='ltr'><strong>titulo.</strong></span> 
     </span>
    </p>
   </div>
  </div>
 </body>
</html>
