1722 3126
198 208 226 247 4
525 210 586 244 De
618 210 851 244 codicibus
883 211 1073 255 graecis
1103 206 1307 259 organi.
1291 223 1451 294 5524&

202 305 337 339 Eadem
367 316 475 339 manu
507 307 658 351 scriptus
696 306 838 340 videtur
868 318 937 350 qua
973 311 1164 342 contextus.
1228 308 1314 342 eod.
1339 277 1522 351 bipartito
1550 318 1618 342 scr.

204 361 395 395 Contextus
413 361 541 395 nullius
564 363 641 395 fere
664 362 767 404 pretii
793 365 855 395 est.

289 417 492 450 Ambros.
515 418 559 459 B,
585 416 666 449 103
690 418 806 456 etl),
839 416 893 450 82
916 417 1036 450 bomb.
1060 416 1093 451 4.
1117 428 1211 451 saec.
1237 419 1298 451 XV
1320 417 1454 460 Porph.
1478 403 1569 462 isag
1585 420 1620 452 et

148 468 153 472 ’
203 482 362 516 organon
385 473 519 505 habent
542 484 623 505 cum
645 472 756 504 schol
781 471 815 504 in
839 482 956 516 marg.
983 476 1021 506 et
1039 473 1128 506 inter
1151 484 1286 506 versus.

289 527 491 560 Ambros.
517 528 563 570 C,
587 527 638 560 97
672 527 791 559 bomb.
829 526 891 559 fol.
924 528 1006 560 min.
1040 539 1133 561 saec.
1167 528 1239 561 XV.
1287 526 1481 561 Aristotelis
1505 529 1619 570 categ-

203 583 250 616 ab
274 582 372 616 initio
398 583 544 615 mutilae
569 593 650 614 cum
684 593 812 614 comm.
835 582 1033 624 Ammonfi,
1065 584 1162 616 cuius
1186 583 1298 617 verba
1322 593 1344 615 a
1367 586 1529 615 contextu
1551 592 1620 614 non

203 637 473 682 distinguuntur.
528 637 730 670 Notandum
764 640 816 669 est
839 638 930 679 quod
954 638 989 670 in
1014 639 1266 671 commentario
1291 638 1407 670 fusius
1431 638 1550 681 agitur
1575 637 1620 670 de

200 692 243 725 iis
261 692 465 736 categoriis,
485 702 572 734 quas
590 691 797 725 Aristoteles
812 691 926 725 levius
942 695 1074 726 tantum
1089 693 1207 738 attigit
1223 694 1325 736 (nov,
1340 690 1441 734 ποτέ,
1461 693 1621 732 κεῖσθαι,

203 746 317 790 ἔχειν,
341 749 480 786 ποιεῖν,
504 745 693 790 πάσχειν),
721 752 910 790 antequam
936 759 978 780 ea
1002 759 1085 791 pars
1107 748 1189 781 libri
1213 748 1425 791 explicatur,
1450 758 1542 790 quae
1566 747 1619 780 di-

203 803 293 836 citur
323 803 715 845 Postpraedicamenta‚
747 803 800 835 ita
830 807 867 835 ut
898 803 940 835 de
972 803 1155 847 categoria
1179 802 1271 846 ἔχειν
1295 803 1414 836 nonin
1444 803 1516 835 fine
1539 801 1622 835 libri

202 858 355 900 dicatur,
388 858 451 890 sed
474 858 597 890 ultimo
621 860 700 891 loco
725 858 920 900 disputetur
955 859 998 891 de
1020 863 1126 891 motu.
1174 858 1258 891 Post
1283 858 1469 900 Philoponi
1491 868 1620 890 comm.

199 912 237 945 in
258 913 286 944 V
309 923 416 945 voces
440 912 514 946 sine
539 913 693 946 auctoris
720 914 860 946 nomine
884 913 1014 957 legitur
1037 923 1147 945 annus
1172 923 1239 955 quo
1271 913 1362 945 liber
1385 915 1547 945 exaratus
1571 914 1622 945 est

199 966 319 1005 gcmvg'
345 967 473 1001 ἰνδικτ.
499 966 549 1001 ια’
571 968 594 1001 i.
620 979 651 1000 e.
674 967 764 1000 6956
797 979 824 1000 s.
859 978 949 1000 anno
972 969 1057 1001 Chr.
1082 966 1188 1011 1448„
1226 967 1360 1000 Ultima
1395 968 1464 1000 duo
1489 966 1621 999 codicis

199 1023 289 1057 folia
311 1023 449 1056 initium
471 1023 607 1056 habent
628 1023 713 1056 libri
735 1023 779 1055 de
803 1023 901 1065 intp.‚
928 1024 985 1056 cui
1007 1023 1183 1056 subiectus
1208 1027 1260 1056 est
1282 1034 1409 1055 comm.
1434 1034 1599 1066 anonym.

290 1077 495 1110 Ambros.
519 1076 570 1116 L,
601 1076 654 1109 93
687 1078 837 1110 membr.
862 1078 893 1110 4.
919 1089 1012 1112 saec.
1038 1078 1144 1121 xjxl.
1192 1078 1304 1111 Tituli
1326 1078 1452 1111 litteris
1475 1076 1621 1110 maiori-

198 1132 268 1166 bus
289 1132 412 1175 scripti
436 1135 471 1165 et
493 1131 621 1176 figuris
642 1131 744 1175 pictis
768 1133 881 1174 ornati
904 1137 992 1166 sunt.
1038 1134 1184 1167 Scholia
1203 1133 1236 1166 in
1257 1144 1373 1178 marg.
1390 1137 1469 1167 sunt
1488 1131 1622 1166 saeculi

198 1188 272 1221 XV.
297 1188 419 1220 Prima
442 1197 549 1234 manu
572 1187 742 1230 scriptum
765 1188 925 1220 scholion
950 1188 983 1221 in
1003 1192 1075 1222 cat.
1093 1200 1200 1221 unum
1219 1189 1349 1228 inveni,
1373 1190 1464 1232 quod
1490 1190 1534 1222 de
1550 1187 1621 1231 pri-

198 1242 342 1277 vatione
373 1241 459 1286 agit.
505 1242 692 1274 Praecedit
713 1242 787 1275 vita
813 1243 1012 1276 Aristotelis
1035 1249 1178 1277 auctore
1202 1255 1377 1288 anonymo
1402 1245 1475 1287 (ed.
1501 1244 1621 1277 Buhle

186 1298 290 1342 .p.(50
299 1309 388 1340 sqq„
413 1297 474 1329 ubi
492 1298 701 1330 monendum
721 1301 771 1330 est
794 1298 936 1331 ultimos
959 1299 1027 1331 duo
1050 1311 1175 1332 versus
1193 1299 1281 1342 psi?
1300 1297 1559 1343 ἀναλφάβητος
1572 1321 1598 1330 ..
1611 1321 1620 1329 .

199 1350 308 1391 λάλος
338 1351 527 1385 recentiori
558 1362 667 1384 manu
693 1352 851 1385 adiectos
884 1364 952 1385 non
986 1355 1031 1386 ad
1071 1355 1222 1387 eundem
1255 1359 1435 1387 auctorem
1463 1354 1622 1386 referen-

200 1409 264 1441 dos
290 1418 367 1440 esse
392 1407 451 1449 qui
474 1407 673 1450 composuit
696 1408 845 1449 priores.
893 1408 1043 1441 Minime
1067 1409 1159 1442 enim
1185 1410 1228 1442 de
1251 1410 1438 1442 Aristotele
1462 1408 1532 1441 dici
1555 1419 1621 1451 pu-

198 1463 307 1496 tanda
329 1466 409 1494 sunt
431 1462 544 1494 verba
569 1461 827 1507 ἀναλφάβητος
852 1461 975 1497 οὑτοσὶ
996 1475 1163 1509 στιχογρ.,
1187 1465 1249 1497 sed
1273 1465 1316 1497 de
1340 1464 1416 1507 ipso
1441 1474 1621 1503 versuum,

201 1517 260 1560 qui
283 1520 570 1560 praecesserunt,
596 1520 768 1559 auctore).
816 1518 926 1551 Liber
949 1519 992 1551 de
1017 1518 1100 1562 intp.
1126 1520 1264 1552 scholia
1287 1520 1383 1552 haud
1405 1529 1487 1551 rara
1511 1519 1622 1551 habet

199 1573 316 1616 prima
329 1583 435 1605 manu
447 1582 513 1604 scr.
550 1572 689 1605 Folium
702 1573 815 1606 minus
839 1573 1018 1616 antiquum
1034 1585 1141 1617 quam
1158 1575 1295 1618 reliqua
1315 1575 1428 1607 codici
1451 1574 1620 1607 insertum

199 1631 252 1661 est
276 1628 388 1661 verba
411 1627 608 1660 Aristotelis
631 1627 676 1660 22
692 1628 714 1660 b
734 1628 753 1659 -1
770 1632 846 1667 τοῖς
945 1629 990 1661 32
1013 1626 1106 1663 εἶναι
1126 1631 1374 1672 complectens.
1422 1629 1622 1671 Sequuntur

201 1682 376 1726 quaedam
389 1693 432 1715 ex
444 1682 622 1715 Ammonii
647 1694 772 1716 comm.
787 1688 965 1727 excerpta.
1001 1684 1121 1718 Prima
1138 1686 1261 1717 decem
1282 1685 1399 1728 capita
1416 1684 1621 1727 Analytico-

199 1749 279 1771 rum
303 1737 500 1770 recentiora
522 1741 621 1779 sunt,
655 1738 833 1781 antiquam
857 1750 1001 1772 manum
1023 1751 1109 1773 vero
1133 1740 1265 1785 imitari
1295 1740 1450 1774 voluisse
1481 1739 1621 1773 videtur

200 1793 262 1837 qui
291 1793 362 1825 hoc
395 1793 679 1834 supplementum
712 1794 871 1836 scripsit,
912 1798 949 1826 ut
989 1795 1173 1829 difficilius
1202 1796 1247 1828 sit
1279 1796 1324 1828 ad
1356 1794 1620 1828 diiudicandum

200 1848 340 1892 quando
366 1847 542 1880 adiectum
565 1847 619 1880 sit.
673 1847 819 1881 Scholia
843 1860 935 1883 saec.
962 1851 1123 1895 xllsxul
1158 1850 1249 1883 inter
1278 1850 1434 1895 singulos
1458 1860 1528 1883 vss.
1551 1850 1620 1883 mi-

199 1904 277 1945 nio,
307 1903 342 1936 in
365 1913 480 1946 marg.
505 1906 702 1935 atramento
739 1903 872 1946 scripta
895 1908 985 1938 sunt.
1042 1906 1083 1938 ln
1106 1905 1303 1948 Analyticis
1335 1905 1471 1938 scholia
1504 1905 1620 1947 prima

199 1969 309 1992 manu
324 1969 391 1990 scr.
419 1955 535 2000 pauca
558 1961 692 1990 tantum
716 1963 925 1998 occurrunt,
948 1960 1014 1992 sub
1037 1960 1144 1993 finem
1172 1959 1254 1994 libri
1278 1961 1309 1992 ll
1335 1960 1492 2003 priorum
1517 1964 1551 1993 et
1573 1961 1618 1993 ab

197 2013 299 2048 initio
323 2012 407 2045 libri
430 2013 443 2044 1
468 2012 703 2054 posteriorum
727 2012 968 2056 frequentiora
991 2019 1080 2048 sunt.
1127 2015 1297 2048 Extrema
1319 2026 1401 2059 pars
1423 2015 1506 2049 libri
1529 2027 1619 2060 neg-

199 2069 350 2114 ligentiu
394 2071 540 2100 exarata
564 2070 627 2100 est
1334 2089 1340 2094 -

287 2123 389 2157 Amb
402 2133 485 2155 ros
511 2122 558 2162 F,
582 2122 634 2155 6⁷
656 2123 776 2156 bomb.
800 2123 831 2156 4.
857 2123 941 2157 min.
966 2126 1059 2158 saec.
1084 2125 1147 2158 XV
1168 2125 1271 2159 Anal.
1301 2128 1390 2169 post.
1412 2125 1619 2159 nitidissime

199 2189 265 2212 scr.
289 2179 365 2212 sine
392 2176 539 2210 scholiis
560 2177 682 2212 habet.

288 2233 489 2266 Ambros.
521 2232 570 2274 Q,
601 2232 654 2265 87
686 2233 806 2266 bomb.
839 2243 933 2266 saec.
966 2235 1028 2267 XV
1062 2235 1222 2278 pluribus
1256 2236 1420 2268 manibus
1453 2236 1617 2279 scriptus.

198 2290 320 2322 Insunt
334 2287 527 2330 Nicephori
545 2288 731 2332 Gregorae
743 2288 913 2332 scriptum
931 2290 974 2322 de
986 2290 1189 2323 Astrolabio
1217 2302 1237 2323 e
1269 2291 1378 2324 latino
1397 2293 1616 2332 translatum,

199 2343 445 2386 responsiones
476 2343 634 2386 episcopi
657 2343 744 2377 Litri
768 2344 926 2385 Ioannis,
959 2345 1133 2389 Porphyr.
1161 2346 1269 2390 isag.,
1293 2346 1433 2379 Aristot.
1458 2350 1524 2379 cat.
1539 2372 1549 2388 ,
1573 2347 1617 2380 de

200 2399 308 2442 intp.‚
339 2399 440 2432 Anal.
473 2406 524 2441 pr
563 2409 644 2431 cum
679 2399 827 2435 scholiis,
854 2411 896 2432 ex
920 2400 1106 2434 Ammonio
1144 2404 1179 2433 et
1203 2391 1399 2444 Philopono
1431 2402 1617 2445 excerptis,

198 2454 369 2487 brevibus
400 2454 492 2487 notis
521 2453 630 2486 minio
665 2454 806 2497 scriptis
839 2459 872 2488 et
906 2455 1033 2499 figuris
1065 2446 1230 2496 adiectis,
1263 2457 1419 2490 Euclidis
1442 2460 1617 2492 elementa

197 2520 281 2542 cum
306 2506 451 2543 scholiis
480 2509 683 2553 anonymis,
713 2509 910 2552 Aphthonii
937 2515 971 2543 et
1001 2510 1240 2555 Hermogenis
1272 2511 1404 2555 scripta
1427 2513 1615 2554 rhetorica.

200 2564 270 2607 Qui
298 2568 418 2598 notam
450 2564 590 2608 scripsit
619 2564 655 2597 in
686 2564 800 2608 primo
831 2565 919 2598 folio
951 2565 1245 2612 „codicisyhuius
1277 2577 1446 2612 magnam
1478 2572 1616 2611 partem

196 2619 444 2665 perantiquam
466 2631 543 2652 esse
567 2624 601 2653 et
623 2621 730 2654 valde
752 2621 905 2653 bonam'’
930 2625 990 2654 aut
1011 2621 1123 2656 falsus
1149 2618 1208 2655 es't.
1224 2626 1284 2655 aut
1305 2624 1481 2656 mentitus.

287 2666 488 2721 Amhbros'.
512 2674 555 2716 B,
579 2674 630 2708 54
653 2676 772 2709 bomb.
795 2674 828 2709 4.
870 2677 1050 2710 Cleom‘ed.
1075 2678 1119 2711 de
1141 2678 1230 2721 cycl.
1254 2678 1369 2711 theor.
1395 2681 1429 2711 ct
1451 2678 1614 2719 Meteon,

197 2728 360 2764 Ammon.
384 2730 421 2763 in
444 2730 472 2762 V
494 2741 594 2764 vocc.
616 2733 654 2765 et
677 2734 812 2775 categ;‚
843 2731 1051 2776 Magenteni
1072 2732 1108 2766 in
1128 2732 1191 2767 lib.
1216 2733 1260 2766 de
1282 2732 1368 2777 intp.
1395 2735 1614 2767 commenta-

1687 466 1719 505 {2³²
