1826 3112
284 206 363 246 192
799 208 1189 242 ΑΝΑΛΤΤΙΚΩΝ

237 324 271 351 15
287 305 375 352 ἐπεὶ
399 304 443 351 αἱ
464 304 541 364 μὲν
554 301 693 364 ἅρτιαι
712 303 755 349 οὶ
774 304 820 349 δὲ
845 306 1030 364 περιττοὶ
1051 297 1189 367 ἦσαν,
1209 302 1377 367 άνάγκη
1388 303 1696 365 παραλλάττειν

284 376 364 434 τῆς
377 369 513 433 αὐτῆς
525 369 804 429 προσθέσεως
812 371 1047 433 γινομένης.
1073 369 1126 416 τὰ
1138 371 1184 416 δὲ
1197 370 1538 431 συμπεράσματα
1549 369 1696 416 οὐκέτι

283 435 362 499 τὴν
384 435 522 497 αὐτὴν
541 435 619 490 ἕξει
628 434 747 490 τάξιν
758 434 858 482 οὔτε
868 435 981 495 πρὸς
989 435 1096 492 τούς
1106 434 1241 495 ὅρους
1265 435 1364 483 οὔτε
1378 435 1488 495 πρὸς
1498 434 1575 492 τὰς
1587 450 1697 495 προ-

283 503 445 558 τάσεις·
477 500 571 557 ἓνὸς
588 500 669 561 γὰρ
693 499 806 559 ὅρου
834 504 1179 561 προστιθεμένου
1199 502 1539 562 συμπεράσματα
1554 511 1696 559 προσ-

282 570 512 630 τεθήσεται
532 567 591 612 ἑνὶ
603 566 756 612 ἐλάττω
779 571 863 614 τῶν
875 568 1244 651 προϋπαρχόντων
1264 566 1396 627 ὅρων·
1434 566 1544 627 πρὸς
1557 567 1698 648 μόνον

234 633 364 696 τογὰρ
394 632 470 679 τὸν
500 634 676 693 ἔσχατον
706 632 765 679 ου’
791 640 909 680 ποιεῖ
935 636 1240 694 συμπέρασμα,
1272 632 1383 693 πρὸς
1415 636 1459 680 δε
1491 632 1597 689 τοὺς
1619 630 1697 677 αλ-

283 704 392 755 λους
426 699 612 755 πάντας,
652 697 746 745 οἷον
767 701 803 745 εἰ
821 704 881 765 τῷ
903 704 1025 746 ΑΒΓ
1040 701 1287 758 πρόσκειται
1315 699 1365 745 τὸ
1386 706 1440 756 Δ,
1462 697 1605 754 εὐθὺς
1625 699 1699 743 καὶ

284 765 624 825 συμπεράσματα
644 765 730 811 δύο
750 766 1019 849 πρόσκειται,
1040 765 1090 812 τό
1111 785 1154 812 τε
1172 764 1281 824 πρὸς
1298 764 1348 811 τὸ
1369 770 1405 810 Α
1424 767 1496 810 καὶ
1517 763 1567 810 τὸ
1585 761 1700 823 πρὸς

282 831 333 878 τὸ
353 836 402 877 Β.
440 830 602 890 ὁμοίως
630 833 676 876 δὲ
705 830 809 877 κάπὶ
839 836 928 877 τοῖν
948 831 1103 877 ἄλλων.
1136 850 1220 876 καν
1248 832 1307 886 εἷς
1325 829 1376 876 τὸ
1397 832 1536 889 μέσον
1546 831 1592 875 δὲ
1612 842 1698 874 πα-

283 898 508 958 ρεμπίπτῃ,
522 895 599 942 τὸν
611 895 750 942 αὐτὸν
768 897 954 955 τρόπον·
979 895 1093 955 πρὸς
1116 897 1189 942 ἕνα
1207 894 1288 956 γὰρ
1301 894 1439 954 μόνον
1451 894 1510 941 ου’
1528 893 1701 956 ποιήσει

234 981 268 1008 25
284 962 591 1022 συλλογισμόν.
643 960 752 1007 ω’στε
776 961 893 1007 πολύ
915 963 1046 1007 πλείω
1070 960 1123 1007 τά
1155 960 1498 1022 συμπεράσματα
1518 961 1593 1006 καὶ
1615 963 1702 1006 τῶν

285 1047 398 1088 ορων
418 1028 535 1073 ἔσται
559 1028 628 1071 καὶ
649 1031 739 1072 τοῖν
757 1027 1019 1085 προτάσεων.

203 1093 266 1136 26
415 1091 531 1138 Ἐπεὶ
563 1091 601 1137 δ’
635 1093 784 1151 ε’χοιιεν
812 1094 909 1159 περὶ
943 1095 1006 1139 ών
1023 1093 1066 1138 οὶ
1083 1091 1378 1152 συλλογισμοί,
1409 1091 1483 1136 καὶ
1509 1095 1637 1136 ποῖον
1655 1090 1701 1136 ἐν
1750 1087 1752 1089 ’

284 1158 447 1222 ἑκάστῳ
478 1156 660 1219 σχήματι
689 1159 761 1203 και
778 1163 981 1218 ποσαχως
1007 1159 1236 1213 δείκνυται,
1263 1154 1455 1217 φανερὸν
1482 1154 1584 1217 ἡμῖν
1614 1156 1702 1202 ἐστὶ

283 1225 354 1270 καὶ
385 1229 512 1270 ποῖον
541 1223 770 1285 πρόβλημα
800 1222 988 1283 χαλεπὸν
1016 1225 1089 1269 καὶ
1121 1229 1248 1269 ποῖον
1276 1221 1614 1283 εὐεπιχείρητον·
1647 1219 1699 1267 τὸ

233 1307 267 1334 ao
282 1308 359 1350 μεν
389 1288 471 1372 χάρ
505 1290 548 1335 έν
576 1290 742 1335 πλείοσι
775 1289 965 1351 σχήμασι
986 1291 1057 1334 καὶ
1078 1287 1150 1335 διά
1171 1288 1384 1334 πλειόνων
1401 1286 1602 1332 πτώσεων
1619 1300 1697 1333 πε-

282 1373 540 1417 ραινομενον
573 1354 706 1418 ραον,
730 1353 779 1400 τὸ
799 1354 838 1400 δ’
859 1356 904 1401 ἐν
931 1355 1123 1400 ἐλάττοσι
1144 1356 1217 1400 καὶ
1244 1352 1298 1399 δι’
1317 1352 1551 1399 ἐλαττόνων
1571 1356 1702 1399 δυσε-

282 1420 637 1483 πιχειρητότερον.
658 1419 710 1466 τὸ
728 1439 805 1479 μεν
824 1414 907 1467 οὖν
924 1418 1221 1480 καταφατικὸν
1241 1418 1290 1465 τὸ
1311 1418 1513 1465 καθόλου
1534 1417 1605 1465 διὰ
1622 1422 1704 1464 τοῦ

282 1488 464 1546 πρώτου
473 1486 690 1547 σχηματος
711 1487 926 1532 δείκνυται
946 1486 1103 1546 μόνου,
1123 1487 1193 1531 καὶ
1210 1484 1280 1531 δια
1301 1484 1464 1531 τούτου
1483 1488 1700 1545 μοναχῶς·

282 1551 333 1599 τὸ
364 1554 410 1599 δὲ
432 1551 683 1614 στερητικὸν
707 1552 779 1598 διά
796 1571 839 1597 τε
857 1556 941 1598 τοῦ
961 1552 1142 1611 πρώτου
1164 1553 1237 1596 καὶ
1258 1548 1329 1596 διά
1346 1555 1428 1596 τοῦ
1449 1552 1601 1609 μέσου,
1630 1551 1704 1595 καὶ

233 1635 268 1663 35
283 1617 355 1665 διὰ
382 1620 459 1676 μὲν
486 1622 570 1664 τοῦ
590 1617 766 1676 πρώτου
788 1622 1008 1678 μοναχῶς,
1043 1616 1115 1664 διά
1136 1619 1181 1663 δὲ
1201 1621 1283 1663 τοῦ
1303 1617 1442 1675 μέσου
1466 1620 1616 1676 διχῶς·
1651 1614 1703 1662 τὸ

282 1683 321 1731 δ’
343 1685 387 1730 ἐν
405 1685 523 1743 μέρει
555 1682 849 1743 καταφατικὸν
879 1682 950 1729 διά
970 1688 1053 1729 τοῦ
1075 1683 1256 1741 πρώτου
1274 1684 1345 1727 καὶ
1367 1680 1437 1727 διὰ
1471 1686 1552 1727 τοῦ
1575 1681 1702 1741 ἐσχά-

280 1768 378 1806 του,
398 1754 599 1810 μοναχῶς
617 1751 693 1809 μὲν
722 1748 793 1795 διά
814 1754 898 1795 τοῦ
920 1749 1113 1809 πρώτου,
1133 1752 1288 1808 τριχῶς
1310 1749 1355 1793 δὲ
1378 1745 1452 1793 διὰ
1473 1751 1556 1793 τοῦ
1576 1747 1703 1806 ἐσχά-

281 1835 377 1862 του.
411 1814 462 1862 τὸ
494 1818 540 1862 δὲ
565 1814 816 1878 στερητικὸν
835 1814 887 1861 τὸ
910 1813 1019 1861 κατὰ
1037 1816 1165 1874 μέρος
1183 1815 1226 1861 ἐν
1248 1812 1382 1859 ἅπασι
1402 1818 1493 1870 τοῖς
1515 1812 1704 1875 σχήμασι

282 1883 520 1936 δείκνυται,
564 1880 681 1943 πλὴν
721 1882 766 1927 ἐν
797 1900 873 1941 μεν
910 1886 970 1927 τῶ
995 1881 1149 1945 πρώτῳ
1182 1878 1316 1934 απαξ,
1348 1880 1392 1925 ἐν
1420 1880 1465 1924 δε
1492 1883 1552 1943 τῷ
1588 1878 1725 1943 μέσῳ,

232 1949 357 1993 τισκαὶ
398 1967 458 1993 τω
437 1946 646 2028 ἐσχάτω
676 1946 719 1993 ’ἐν
748 1951 808 2010 τῷ
838 1965 915 2006 μεν
951 1951 1082 2006 διχως
1115 1927 1159 1992 έν
1185 1950 1245 2010 τῷ
1277 1946 1322 1990 δὲ
1349 1948 1513 2025 τριχῶς.
1568 1962 1704 2003 φανε-

180 2030 270 2075 1».ss
286 2012 372 2074 ρὸν
393 2031 478 2059 ουν
496 2031 561 2058 οτι
579 2030 631 2057 το
652 1994 859 2058 καθόλου
877 2011 1169 2073 κατηγορικὸν
1190 1991 1512 2056 κατασκευάσαι
1531 2027 1608 2068 μεν
1626 2028 1704 2069 χα-

284 2079 538 2133 λεπώτατον,
560 2076 854 2124 άνασκευάσαι
874 2079 919 2123 δε
942 2078 1116 2141 ρᾷστον.
1142 2076 1252 2133 ὅλως
1273 2075 1435 2122 δ’ἐστὶν
1454 2074 1706 2135 ἀναιροῦντι

283 2164 360 2205 μεν
388 2164 440 2191 τα
470 2144 676 2190 καθόλου
708 2162 797 2190 των
831 2144 875 2190 ἐν
896 2145 1011 2203 μέρει
1039 2143 1153 2207 ράω·
1188 2144 1260 2188 καὶ
1284 2138 1413 2223 γάρ”“
1385 2159 1440 2203 ην
1461 2143 1610 2203 μηδενὶ
1631 2141 1706 2186 καὶ
1740 2160 1747 2166 ·

283 2209 342 2273 ἢν
366 2212 451 2257 τινὶ
479 2209 539 2271 μὴ
566 2208 755 2270 υπάρχη,
785 2208 1014 2271 άνηρηται·
1048 2208 1218 2255 τούτων
1245 2209 1290 2254 δε
1309 2206 1359 2253 τὸ
1380 2225 1456 2266 μεν
1476 2208 1558 2253 τινὶ
1580 2226 1639 2268 μη
1661 2207 1705 2253 ἐν

251 2290 267 2317 ⁵
285 2276 419 2323 ἅπασι
447 2282 539 2332 τοῖς
567 2276 754 2338 σχήιιασι
785 2277 1015 2331 δείκνυται,
1046 2274 1097 2321 τὸ
1131 2276 1177 2321 δε
1205 2275 1355 2336 μηδενὶ
1386 2274 1429 2319 ἐν
1449 2278 1540 2329 τοῖς
1562 2273 1703 2318 δυσίν.

282 2341 360 2389 τὸν
382 2340 519 2388 αὐτὸν
541 2343 586 2388 δε
605 2341 769 2401 τρόπον
787 2340 893 2387 κάπὶ
911 2346 996 2387 τῶν
1015 2344 1293 2403 στερητικῶν·
1329 2340 1402 2384 καὶ
1419 2337 1501 2399 γάρ
1523 2339 1559 2384 εἰ
1578 2339 1706 2385 παντὶ

283 2410 365 2455 καὶ
382 2410 420 2455 εἰ
437 2409 542 2466 τινί,
578 2406 787 2470 ἀνῄρηται
805 2406 855 2454 τὸ
885 2407 979 2463 ἐξ’
951 2424 1104 2470 αρχης·
1138 2411 1269 2453 τοῦτο
1289 2403 1328 2451 δ’
1348 2423 1407 2468 ην
1425 2405 1469 2451 ἐν
1490 2403 1574 2451 δύο
1596 2403 1702 2467 σχή-

371 2575 414 2606 22
429 2571 681 2617 προσκείσεται
698 2583 731 2604 n.
757 2591 801 2597 —
832 2573 876 2604 23
895 2570 956 2605 καὶ
973 2569 1033 2606 ἐπὶ
1049 2583 1082 2604 n.
1116 2589 1159 2597 —
1189 2571 1233 2604 <24
1248 2570 1347 2603 ποιεῖ
1365 2568 1397 2600 d.
1423 2585 1468 2592 —
1499 2567 1541 2599 27
1562 2566 1611 2609 οὶ]
1631 2566 1700 2600 εἰσὶ

284 2617 320 2651 οὶ
337 2629 369 2649 τι.
395 2637 437 2643 —-
470 2616 531 2650 καὶ
549 2619 674 2650 ποῖον.
713 2617 780 2650 .28
802 2614 889 2658 ημῖν
907 2615 979 2650 ἐστὶ
1004 2629 1057 2648 om
1082 2617 1120 2648 A.
1148 2634 1188 2640 —
1220 2615 1262 2647 30
1280 2623 1475 2646 πτωσεων
1496 2623 1574 2644 corr
1591 2613 1631 2645 B.
1659 2630 1699 2636 -

283 2663 326 2695 36
345 2658 597 2715 καταφατικὸν
613 2660 675 2694 καὶ
693 2658 754 2694 διὰ
775 2662 836 2693 Βιι.
862 2679 902 2685 —-
929 2662 1010 2702 3952
984 2660 1161 2703 μοναχῶς,
1183 2657 1220 2692 ἐν
1241 2657 1280 2691 δὲ
1301 2669 1334 2690 τι.

284 2703 656 2784 76⁴12{5alt‹'20111A.
681 2704 928 2751 -2ῥᾷονη.
954 2702 1324 2739 —30t4sccorrd.
1348 2698 1698 2743 -4μὴτινὶπ.-

347 2760 391 2783 υσ
427 2761 448 2781 η
