<?xml version="1.0" encoding="UTF-8"?>
<!DOCTYPE html PUBLIC "-//W3C//DTD XHTML 1.0 Transitional//EN"
    "http://www.w3.org/TR/xhtml1/DTD/xhtml1-transitional.dtd">
<html xmlns="http://www.w3.org/1999/xhtml" xml:lang="en" lang="en">
 <head>
  <title>
</title>
<meta http-equiv="Content-Type" content="text/html;charset=utf-8" />
  <meta name='ocr-system' content='tesseract 3.04.00' />
  <meta name='ocr-capabilities' content='ocr_page ocr_carea ocr_par ocr_line ocrx_word'/>
</head>
<body>
  <div class='ocr_page' id='page_1' title='image "aristotelisorgan01arisuoft_0419.png"; bbox 0 0 1838 3086; ppageno 0'>
   <div class='ocr_carea' id='block_1_1' title="bbox 652 187 1658 238">
    <p class='ocr_par' dir='ltr' id='par_1_1' title="bbox 652 187 1658 238">
     <span class='ocr_line' id='line_1_1' title="bbox 652 187 1658 238; baseline -0.005 -11"><span class='ocrx_word' id='word_1_1' title='bbox 652 190 908 238; x_wconf 70' lang='lat' dir='ltr'><strong>Analytica</strong></span> <span class='ocrx_word' id='word_1_2' title='bbox 938 188 1115 235; x_wconf 80' lang='lat' dir='ltr'><strong>priora.</strong></span> <span class='ocrx_word' id='word_1_3' title='bbox 1574 187 1658 228; x_wconf 75' lang='lat'><strong>885</strong></span> 
     </span>
    </p>
   </div>
   <div class='ocr_carea' id='block_1_2' title="bbox 143 285 1693 1229">
    <p class='ocr_par' dir='ltr' id='par_1_2' title="bbox 143 285 1693 1229">
     <span class='ocr_line' id='line_1_2' title="bbox 192 285 1658 344; baseline -0.005 -12"><span class='ocrx_word' id='word_1_4' title='bbox 192 291 334 344; x_wconf 83' lang='lat' dir='ltr'><strong>figuris</strong></span> <span class='ocrx_word' id='word_1_5' title='bbox 361 303 439 332; x_wconf 91' lang='lat' dir='ltr'><strong>non</strong></span> <span class='ocrx_word' id='word_1_6' title='bbox 472 289 694 344; x_wconf 75' lang='lat' dir='ltr'>cogitetur:</span> <span class='ocrx_word' id='word_1_7' title='bbox 734 289 794 329; x_wconf 85' lang='lat' dir='ltr'><strong>sie</strong></span> <span class='ocrx_word' id='word_1_8' title='bbox 830 288 939 329; x_wconf 88' lang='lat' dir='ltr'><strong>enim</strong></span> <span class='ocrx_word' id='word_1_9' title='bbox 975 288 1056 328; x_wconf 85' lang='lat' dir='ltr'><strong>iam</strong></span> <span class='ocrx_word' id='word_1_10' title='bbox 1092 299 1215 341; x_wconf 80' lang='lat' dir='ltr'><strong>supra</strong></span> <span class='ocrx_word' id='word_1_11' title='bbox 1252 285 1658 326; x_wconf 75' lang='lat' dir='ltr'><strong>commemoravimus</strong></span> 
     </span>
     <span class='ocr_line' id='line_1_3' title="bbox 193 350 1656 410; baseline -0.004 -14"><span class='ocrx_word' id='word_1_12' title='bbox 193 371 236 410; x_wconf 86' lang='lat' dir='ltr'><strong>p.</strong></span> <span class='ocrx_word' id='word_1_13' title='bbox 267 358 358 395; x_wconf 82' lang='grc'><strong>-268</strong></span> <span class='ocrx_word' id='word_1_14' title='bbox 403 352 456 395; x_wconf 81' lang='grc' dir='ltr'><strong>τὰ</strong></span> <span class='ocrx_word' id='word_1_15' title='bbox 505 354 698 407; x_wconf 83' lang='grc' dir='ltr'><strong><em>σχήματα</em></strong></span> <span class='ocrx_word' id='word_1_16' title='bbox 734 354 811 408; x_wconf 82' lang='grc' dir='ltr'><strong>τῆς</strong></span> <span class='ocrx_word' id='word_1_17' title='bbox 853 351 1117 406; x_wconf 79' lang='grc' dir='ltr'><strong><em>κατηγορίας</em></strong></span> <span class='ocrx_word' id='word_1_18' title='bbox 1151 351 1214 391; x_wconf 77' lang='lat' dir='ltr'><strong>vel</strong></span> <span class='ocrx_word' id='word_1_19' title='bbox 1247 350 1337 391; x_wconf 80' lang='grc' dir='ltr'><strong>τῶν</strong></span> <span class='ocrx_word' id='word_1_20' title='bbox 1370 351 1656 404; x_wconf 79' lang='grc' dir='ltr'><strong><em>κατηγοριῶν,</em></strong></span> 
     </span>
     <span class='ocr_line' id='line_1_4' title="bbox 194 415 1659 469; baseline -0.003 -9"><span class='ocrx_word' id='word_1_21' title='bbox 194 434 232 462; x_wconf 86' lang='lat' dir='ltr'><strong>v.</strong></span> <span class='ocrx_word' id='word_1_22' title='bbox 262 422 476 468; x_wconf 67' lang='lat'>1017023,</span> <span class='ocrx_word' id='word_1_23' title='bbox 515 420 736 468; x_wconf 68' lang='lat'>10241213,</span> <span class='ocrx_word' id='word_1_24' title='bbox 777 419 1002 467; x_wconf 47' lang='lat' dir='ltr'><strong>lomna&amp;</strong></span> <span class='ocrx_word' id='word_1_25' title='bbox 1030 418 1088 457; x_wconf 86' lang='lat' dir='ltr'><strong>sic</strong></span> <span class='ocrx_word' id='word_1_26' title='bbox 1116 417 1214 457; x_wconf 84' lang='lat' dir='ltr'><strong>dicit</strong></span> <span class='ocrx_word' id='word_1_27' title='bbox 1242 417 1416 456; x_wconf 62' lang='lat'>102924</span> <span class='ocrx_word' id='word_1_28' title='bbox 1441 415 1490 457; x_wconf 90' lang='grc' dir='ltr'><strong>τὸ</strong></span> <span class='ocrx_word' id='word_1_29' title='bbox 1519 417 1659 469; x_wconf 83' lang='grc' dir='ltr'><strong><em>σχῆμα</em></strong></span> 
     </span>
     <span class='ocr_line' id='line_1_5' title="bbox 193 477 1693 538; baseline -0.003 -13"><span class='ocrx_word' id='word_1_30' title='bbox 193 486 270 538; x_wconf 83' lang='grc' dir='ltr'><strong>τῆς</strong></span> <span class='ocrx_word' id='word_1_31' title='bbox 297 482 425 532; x_wconf 83' lang='grc' dir='ltr'><strong><em>ἰδέας.</em></strong></span> <span class='ocrx_word' id='word_1_32' title='bbox 481 484 660 522; x_wconf 73' lang='lat'>1456119</span> <span class='ocrx_word' id='word_1_33' title='bbox 685 480 738 522; x_wconf 85' lang='grc' dir='ltr'><strong>τὰ</strong></span> <span class='ocrx_word' id='word_1_34' title='bbox 766 480 960 534; x_wconf 82' lang='grc' dir='ltr'><strong><em>σχήματα</em></strong></span> <span class='ocrx_word' id='word_1_35' title='bbox 986 483 1062 535; x_wconf 84' lang='grc' dir='ltr'><strong>τῆς</strong></span> <span class='ocrx_word' id='word_1_36' title='bbox 1088 478 1248 531; x_wconf 80' lang='grc' dir='ltr'><strong>λέξεως,</strong></span> <span class='ocrx_word' id='word_1_37' title='bbox 1293 481 1347 522; x_wconf 85' lang='lat' dir='ltr'><strong>cf.</strong></span> <span class='ocrx_word' id='word_1_38' title='bbox 1376 482 1582 520; x_wconf 80' lang='lat' dir='ltr'>1408b21</span> <span class='ocrx_word' id='word_1_39' title='bbox 1609 477 1659 520; x_wconf 89' lang='grc' dir='ltr'><strong>τὸ</strong></span> <span class='ocrx_word' id='word_1_40' title='bbox 1691 504 1693 507; x_wconf 50' lang='grc'><strong>&lt;</strong></span> 
     </span>
     <span class='ocr_line' id='line_1_6' title="bbox 194 541 1658 602; baseline -0.003 -12"><span class='ocrx_word' id='word_1_41' title='bbox 194 547 242 590; x_wconf 80' lang='grc' dir='ltr'><strong>δὲ</strong></span> <span class='ocrx_word' id='word_1_42' title='bbox 269 551 409 602; x_wconf 84' lang='grc' dir='ltr'><strong><em>σχῆμα</em></strong></span> <span class='ocrx_word' id='word_1_43' title='bbox 435 549 511 602; x_wconf 83' lang='grc' dir='ltr'><strong>τῆς</strong></span> <span class='ocrx_word' id='word_1_44' title='bbox 536 545 685 596; x_wconf 82' lang='grc' dir='ltr'><em>λέξεως</em></span> <span class='ocrx_word' id='word_1_45' title='bbox 712 545 777 586; x_wconf 84' lang='grc' dir='ltr'><strong>δεῖ</strong></span> <span class='ocrx_word' id='word_1_46' title='bbox 802 545 906 598; x_wconf 82' lang='grc' dir='ltr'><strong><em>μήτε</em></strong></span> <span class='ocrx_word' id='word_1_47' title='bbox 925 544 1134 597; x_wconf 79' lang='grc' dir='ltr'><strong><em>ἔμμετρον</em></strong></span> <span class='ocrx_word' id='word_1_48' title='bbox 1154 541 1264 594; x_wconf 81' lang='grc' dir='ltr'><strong><em>εἶναι</em></strong></span> <span class='ocrx_word' id='word_1_49' title='bbox 1284 544 1388 598; x_wconf 81' lang='grc' dir='ltr'><strong><em>μήτε</em></strong></span> <span class='ocrx_word' id='word_1_50' title='bbox 1411 542 1658 598; x_wconf 81' lang='grc' dir='ltr'><strong>ἄρῤυθμον.</strong></span> 
     </span>
     <span class='ocr_line' id='line_1_7' title="bbox 193 605 1656 664; baseline -0.003 -11"><span class='ocrx_word' id='word_1_51' title='bbox 193 614 250 654; x_wconf 90' lang='lat' dir='ltr'><strong>lb.</strong></span> <span class='ocrx_word' id='word_1_52' title='bbox 279 616 331 652; x_wconf 75' lang='lat'><strong>2³</strong></span> <span class='ocrx_word' id='word_1_53' title='bbox 365 612 390 655; x_wconf 86' lang='grc' dir='ltr'>ὁ</span> <span class='ocrx_word' id='word_1_54' title='bbox 418 610 464 652; x_wconf 85' lang='grc' dir='ltr'><strong>δὲ</strong></span> <span class='ocrx_word' id='word_1_55' title='bbox 490 613 570 652; x_wconf 85' lang='grc' dir='ltr'><strong>τοῦ</strong></span> <span class='ocrx_word' id='word_1_56' title='bbox 599 610 812 664; x_wconf 80' lang='grc' dir='ltr'><strong><em>σχήματος</em></strong></span> <span class='ocrx_word' id='word_1_57' title='bbox 838 612 913 664; x_wconf 80' lang='grc' dir='ltr'><strong>τῆς</strong></span> <span class='ocrx_word' id='word_1_58' title='bbox 939 609 1089 662; x_wconf 76' lang='grc' dir='ltr'><em>λέξεως</em></span> <span class='ocrx_word' id='word_1_59' title='bbox 1116 609 1302 662; x_wconf 77' lang='grc' dir='ltr'><strong><em>ἀριθμὸς</em></strong></span> <span class='ocrx_word' id='word_1_60' title='bbox 1330 607 1502 662; x_wconf 82' lang='grc' dir='ltr'><em>ῥυθμός</em></span> <span class='ocrx_word' id='word_1_61' title='bbox 1528 605 1656 650; x_wconf 82' lang='grc' dir='ltr'><strong><em>ἐστιν.</em></strong></span> 
     </span>
     <span class='ocr_line' id='line_1_8' title="bbox 143 670 1657 729; baseline -0.002 -12"><span class='ocrx_word' id='word_1_62' title='bbox 143 717 146 719; x_wconf 72' lang='grc'><strong>,</strong></span> <span class='ocrx_word' id='word_1_63' title='bbox 192 678 396 716; x_wconf 59' lang='grc'>13181126</span> <span class='ocrx_word' id='word_1_64' title='bbox 424 675 492 716; x_wconf 82' lang='grc' dir='ltr'><strong>δεῖ</strong></span> <span class='ocrx_word' id='word_1_65' title='bbox 514 674 704 727; x_wconf 84' lang='grc' dir='ltr'><strong><em>νομίζειν</em></strong></span> <span class='ocrx_word' id='word_1_66' title='bbox 730 673 804 715; x_wconf 87' lang='grc' dir='ltr'><strong>καὶ</strong></span> <span class='ocrx_word' id='word_1_67' title='bbox 831 676 949 715; x_wconf 85' lang='grc' dir='ltr'><strong><em>τοῦτ’</em></strong></span> <span class='ocrx_word' id='word_1_68' title='bbox 979 670 1090 715; x_wconf 82' lang='grc' dir='ltr'><strong><em>εἶναι</em></strong></span> <span class='ocrx_word' id='word_1_69' title='bbox 1119 674 1259 729; x_wconf 77' lang='grc' dir='ltr'><em>σχῆμά</em></span> <span class='ocrx_word' id='word_1_70' title='bbox 1286 688 1326 714; x_wconf 88' lang='grc' dir='ltr'><strong>τι</strong></span> <span class='ocrx_word' id='word_1_71' title='bbox 1355 672 1657 727; x_wconf 79' lang='grc' dir='ltr'><strong><em>δημοκρατίας.</em></strong></span> 
     </span>
     <span class='ocr_line' id='line_1_9' title="bbox 193 739 1660 795; baseline -0.001 -14"><span class='ocrx_word' id='word_1_72' title='bbox 193 741 256 782; x_wconf 83' lang='lat' dir='ltr'><strong>Cf.</strong></span> <span class='ocrx_word' id='word_1_73' title='bbox 299 739 601 795; x_wconf 75' lang='grc' dir='ltr'><strong><em>ὁμοιοσχήμων</em></strong></span> <span class='ocrx_word' id='word_1_74' title='bbox 637 741 788 780; x_wconf 81' lang='grc' dir='ltr'>2Π)11</span> <span class='ocrx_word' id='word_1_75' title='bbox 828 745 869 779; x_wconf 85' lang='lat' dir='ltr'><strong>et</strong></span> <span class='ocrx_word' id='word_1_76' title='bbox 905 753 1010 791; x_wconf 84' lang='lat' dir='ltr'><strong>quae</strong></span> <span class='ocrx_word' id='word_1_77' title='bbox 1044 741 1219 779; x_wconf 81' lang='lat' dir='ltr'><strong>diximus</strong></span> <span class='ocrx_word' id='word_1_78' title='bbox 1258 739 1308 777; x_wconf 87' lang='lat' dir='ltr'><strong>ad</strong></span> <span class='ocrx_word' id='word_1_79' title='bbox 1346 742 1482 779; x_wconf 67' lang='lat'><strong>36:27.</strong></span> <span class='ocrx_word' id='word_1_80' title='bbox 1538 739 1660 779; x_wconf 84' lang='lat' dir='ltr'><strong>Biese</strong></span> 
     </span>
     <span class='ocr_line' id='line_1_10' title="bbox 191 802 1662 857; baseline -0.003 -12"><span class='ocrx_word' id='word_1_81' title='bbox 191 805 223 847; x_wconf 90' lang='grc' dir='ltr'><strong>Ι.</strong></span> <span class='ocrx_word' id='word_1_82' title='bbox 248 819 290 857; x_wconf 87' lang='lat' dir='ltr'><strong>p.</strong></span> <span class='ocrx_word' id='word_1_83' title='bbox 313 809 364 844; x_wconf 82' lang='grc' dir='ltr'><strong>’Π</strong></span> <span class='ocrx_word' id='word_1_84' title='bbox 392 811 474 845; x_wconf 87' lang='lat' dir='ltr'><strong>not.</strong></span> <span class='ocrx_word' id='word_1_85' title='bbox 503 811 544 844; x_wconf 88' lang='lat' dir='ltr'><strong>et</strong></span> <span class='ocrx_word' id='word_1_86' title='bbox 571 817 674 856; x_wconf 88' lang='lat' dir='ltr'><strong>quae</strong></span> <span class='ocrx_word' id='word_1_87' title='bbox 700 816 774 843; x_wconf 89' lang='lat' dir='ltr'><strong>nos</strong></span> <span class='ocrx_word' id='word_1_88' title='bbox 803 803 854 841; x_wconf 85' lang='lat' dir='ltr'><strong>ad</strong></span> <span class='ocrx_word' id='word_1_89' title='bbox 881 805 1046 845; x_wconf 73' lang='lat'>261134.</span> <span class='ocrx_word' id='word_1_90' title='bbox 1070 825 1122 832; x_wconf 89' lang='lat'><strong>-—</strong></span> <span class='ocrx_word' id='word_1_91' title='bbox 1158 803 1438 842; x_wconf 89' lang='lat' dir='ltr'><strong>Adscribimus</strong></span> <span class='ocrx_word' id='word_1_92' title='bbox 1467 802 1662 852; x_wconf 82' lang='lat' dir='ltr'><strong>tabulam‚‘</strong></span> 
     </span>
     <span class='ocr_line' id='line_1_11' title="bbox 194 867 1659 923; baseline -0.002 -14"><span class='ocrx_word' id='word_1_93' title='bbox 194 883 271 923; x_wconf 89' lang='lat' dir='ltr'><strong>qua</strong></span> <span class='ocrx_word' id='word_1_94' title='bbox 299 882 438 909; x_wconf 86' lang='lat' dir='ltr'><strong>omnes</strong></span> <span class='ocrx_word' id='word_1_95' title='bbox 476 868 586 907; x_wconf 84' lang='lat' dir='ltr'><strong>modi</strong></span> <span class='ocrx_word' id='word_1_96' title='bbox 614 868 952 920; x_wconf 78' lang='lat' dir='ltr'><strong>syllogismorum,</strong></span> <span class='ocrx_word' id='word_1_97' title='bbox 990 868 1059 919; x_wconf 83' lang='lat' dir='ltr'><strong>qui</strong></span> <span class='ocrx_word' id='word_1_98' title='bbox 1096 867 1199 906; x_wconf 83' lang='lat' dir='ltr'><strong>fiunt</strong></span> <span class='ocrx_word' id='word_1_99' title='bbox 1233 872 1277 906; x_wconf 85' lang='lat' dir='ltr'><strong>et</strong></span> <span class='ocrx_word' id='word_1_100' title='bbox 1303 867 1344 906; x_wconf 88' lang='lat' dir='ltr'><strong>in</strong></span> <span class='ocrx_word' id='word_1_101' title='bbox 1371 867 1502 919; x_wconf 85' lang='lat' dir='ltr'><strong>prima</strong></span> <span class='ocrx_word' id='word_1_102' title='bbox 1530 867 1659 917; x_wconf 76' lang='lat' dir='ltr'><strong>figura</strong></span> 
     </span>
     <span class='ocr_line' id='line_1_12' title="bbox 193 927 1660 984; baseline -0.003 -11"><span class='ocrx_word' id='word_1_103' title='bbox 193 939 234 974; x_wconf 86' lang='lat' dir='ltr'><strong>et</strong></span> <span class='ocrx_word' id='word_1_104' title='bbox 262 935 300 973; x_wconf 90' lang='lat' dir='ltr'><strong>in</strong></span> <span class='ocrx_word' id='word_1_105' title='bbox 328 933 508 984; x_wconf 79' lang='lat' dir='ltr'><strong>reliquis,</strong></span> <span class='ocrx_word' id='word_1_106' title='bbox 538 933 799 973; x_wconf 80' lang='lat' dir='ltr'><strong>continentur.</strong></span> <span class='ocrx_word' id='word_1_107' title='bbox 857 927 1108 971; x_wconf 84' lang='lat' dir='ltr'><strong>Servavimus</strong></span> <span class='ocrx_word' id='word_1_108' title='bbox 1136 930 1333 978; x_wconf 73' lang='lat' dir='ltr'><strong>ordinem,</strong></span> <span class='ocrx_word' id='word_1_109' title='bbox 1363 944 1483 982; x_wconf 86' lang='lat' dir='ltr'><strong>quem</strong></span> <span class='ocrx_word' id='word_1_110' title='bbox 1503 931 1660 969; x_wconf 86' lang='lat' dir='ltr'><strong>Aristo-</strong></span> 
     </span>
     <span class='ocr_line' id='line_1_13' title="bbox 193 990 1660 1048; baseline -0.003 -11"><span class='ocrx_word' id='word_1_111' title='bbox 193 997 297 1038; x_wconf 86' lang='lat' dir='ltr'><strong>teles</strong></span> <span class='ocrx_word' id='word_1_112' title='bbox 325 998 366 1036; x_wconf 91' lang='lat' dir='ltr'><strong>in</strong></span> <span class='ocrx_word' id='word_1_113' title='bbox 395 996 642 1048; x_wconf 82' lang='lat' dir='ltr'><strong>exponendis</strong></span> <span class='ocrx_word' id='word_1_114' title='bbox 672 990 917 1047; x_wconf 71' lang='lat' dir='ltr'><strong>syllogismis</strong></span> <span class='ocrx_word' id='word_1_115' title='bbox 945 1000 1109 1035; x_wconf 86' lang='lat' dir='ltr'><strong>secutus</strong></span> <span class='ocrx_word' id='word_1_116' title='bbox 1138 999 1216 1043; x_wconf 86' lang='lat' dir='ltr'><strong>est,</strong></span> <span class='ocrx_word' id='word_1_117' title='bbox 1259 1007 1497 1045; x_wconf 81' lang='lat' dir='ltr'><strong>quamquam</strong></span> <span class='ocrx_word' id='word_1_118' title='bbox 1526 994 1660 1045; x_wconf 86' lang='lat' dir='ltr'><strong>ipsum</strong></span> 
     </span>
     <span class='ocr_line' id='line_1_14' title="bbox 191 1057 1660 1112; baseline -0.003 -11"><span class='ocrx_word' id='word_1_119' title='bbox 191 1062 231 1101; x_wconf 88' lang='lat' dir='ltr'><strong>in</strong></span> <span class='ocrx_word' id='word_1_120' title='bbox 274 1061 536 1112; x_wconf 75' lang='lat' dir='ltr'><strong>sequentibus</strong></span> <span class='ocrx_word' id='word_1_121' title='bbox 574 1072 654 1099; x_wconf 91' lang='lat' dir='ltr'><strong>non</strong></span> <span class='ocrx_word' id='word_1_122' title='bbox 694 1059 868 1098; x_wconf 90' lang='lat' dir='ltr'><strong>eundem</strong></span> <span class='ocrx_word' id='word_1_123' title='bbox 897 1072 1058 1111; x_wconf 83' lang='lat' dir='ltr'><strong>semper</strong></span> <span class='ocrx_word' id='word_1_124' title='bbox 1085 1059 1266 1098; x_wconf 85' lang='lat' dir='ltr'><strong>ordinem</strong></span> <span class='ocrx_word' id='word_1_125' title='bbox 1296 1058 1573 1098; x_wconf 84' lang='lat' dir='ltr'><strong>observavisse</strong></span> <span class='ocrx_word' id='word_1_126' title='bbox 1599 1057 1660 1096; x_wconf 84' lang='lat' dir='ltr'><strong>vi-</strong></span> 
     </span>
     <span class='ocr_line' id='line_1_15' title="bbox 192 1121 1661 1176; baseline -0.003 -11"><span class='ocrx_word' id='word_1_127' title='bbox 192 1125 387 1165; x_wconf 85' lang='lat' dir='ltr'><strong>debimus.</strong></span> <span class='ocrx_word' id='word_1_128' title='bbox 445 1124 503 1163; x_wconf 85' lang='lat' dir='ltr'><strong>Ut</strong></span> <span class='ocrx_word' id='word_1_129' title='bbox 529 1123 805 1176; x_wconf 64' lang='lat' dir='ltr'><strong>intelligantur</strong></span> <span class='ocrx_word' id='word_1_130' title='bbox 832 1135 935 1175; x_wconf 87' lang='lat' dir='ltr'><strong>quae</strong></span> <span class='ocrx_word' id='word_1_131' title='bbox 963 1127 1197 1175; x_wconf 80' lang='lat' dir='ltr'><strong>sequuntur,</strong></span> <span class='ocrx_word' id='word_1_132' title='bbox 1235 1122 1371 1163; x_wconf 80' lang='lat' dir='ltr'><strong>tabula</strong></span> <span class='ocrx_word' id='word_1_133' title='bbox 1397 1123 1438 1162; x_wconf 84' lang='lat' dir='ltr'><strong>in</strong></span> <span class='ocrx_word' id='word_1_134' title='bbox 1467 1121 1661 1162; x_wconf 88' lang='lat' dir='ltr'><strong>memoria</strong></span> 
     </span>
     <span class='ocr_line' id='line_1_16' title="bbox 192 1188 569 1229; baseline -0.005 -1"><span class='ocrx_word' id='word_1_135' title='bbox 192 1189 363 1229; x_wconf 86' lang='lat' dir='ltr'><strong>haerere</strong></span> <span class='ocrx_word' id='word_1_136' title='bbox 390 1188 569 1228; x_wconf 79' lang='lat' dir='ltr'><strong>debebit.</strong></span> 
     </span>
    </p>
   </div>
   <div class='ocr_carea' id='block_1_3' title="bbox 238 1270 1607 1320">
    <p class='ocr_par' dir='ltr' id='par_1_3' title="bbox 238 1270 1607 1320">
     <span class='ocr_line' id='line_1_17' title="bbox 238 1270 1607 1320; baseline -0.002 -10"><span class='ocrx_word' id='word_1_137' title='bbox 238 1275 256 1310; x_wconf 92' lang='lat'>1</span> <span class='ocrx_word' id='word_1_138' title='bbox 279 1272 326 1310; x_wconf 81' lang='grc' dir='ltr'><strong>α’.</strong></span> <span class='ocrx_word' id='word_1_139' title='bbox 349 1272 392 1308; x_wconf 81' lang='grc' dir='ltr'><strong>τὸ</strong></span> <span class='ocrx_word' id='word_1_140' title='bbox 418 1276 446 1308; x_wconf 90' lang='lat' dir='ltr'><strong>A</strong></span> <span class='ocrx_word' id='word_1_141' title='bbox 469 1271 566 1308; x_wconf 78' lang='grc' dir='ltr'><strong><em>κατὰ</em></strong></span> <span class='ocrx_word' id='word_1_142' title='bbox 590 1270 733 1314; x_wconf 78' lang='grc' dir='ltr'><strong><em>παντὸς</em></strong></span> <span class='ocrx_word' id='word_1_143' title='bbox 756 1272 826 1308; x_wconf 80' lang='grc' dir='ltr'><strong>τοῦ</strong></span> <span class='ocrx_word' id='word_1_144' title='bbox 850 1274 894 1317; x_wconf 87' lang='grc' dir='ltr'><strong>Β,</strong></span> <span class='ocrx_word' id='word_1_145' title='bbox 975 1270 1020 1320; x_wconf 81' lang='grc' dir='ltr'><strong>β’.</strong></span> <span class='ocrx_word' id='word_1_146' title='bbox 1045 1270 1087 1308; x_wconf 78' lang='grc' dir='ltr'><strong>τὸ</strong></span> <span class='ocrx_word' id='word_1_147' title='bbox 1116 1275 1144 1307; x_wconf 86' lang='grc' dir='ltr'><em>Α</em></span> <span class='ocrx_word' id='word_1_148' title='bbox 1167 1270 1263 1307; x_wconf 77' lang='grc' dir='ltr'><strong><em>κατὰ</em></strong></span> <span class='ocrx_word' id='word_1_149' title='bbox 1284 1270 1449 1317; x_wconf 74' lang='grc' dir='ltr'><strong><em>μηδενὸς</em></strong></span> <span class='ocrx_word' id='word_1_150' title='bbox 1471 1273 1541 1307; x_wconf 75' lang='grc' dir='ltr'><strong>τοῦ</strong></span> <span class='ocrx_word' id='word_1_151' title='bbox 1565 1274 1607 1316; x_wconf 87' lang='grc' dir='ltr'><strong>Β,</strong></span> 
     </span>
    </p>
   </div>
   <div class='ocr_carea' id='block_1_4' title="bbox 197 1326 1624 2549">
    <p class='ocr_par' dir='ltr' id='par_1_4' title="bbox 197 1326 1624 2549">
     <span class='ocr_line' id='line_1_18' title="bbox 345 1326 1600 1370; baseline 0 -7"><span class='ocrx_word' id='word_1_152' title='bbox 345 1328 388 1364; x_wconf 84' lang='grc' dir='ltr'><strong>τὸ</strong></span> <span class='ocrx_word' id='word_1_153' title='bbox 419 1331 448 1363; x_wconf 91' lang='grc' dir='ltr'>Β</span> <span class='ocrx_word' id='word_1_154' title='bbox 472 1326 571 1363; x_wconf 73' lang='grc' dir='ltr'><strong><em>κατὰ</em></strong></span> <span class='ocrx_word' id='word_1_155' title='bbox 597 1328 741 1368; x_wconf 82' lang='grc' dir='ltr'><strong><em>παντὸς</em></strong></span> <span class='ocrx_word' id='word_1_156' title='bbox 769 1329 839 1363; x_wconf 81' lang='grc' dir='ltr'><strong>τοῦ</strong></span> <span class='ocrx_word' id='word_1_157' title='bbox 868 1331 907 1369; x_wconf 86' lang='grc' dir='ltr'><strong>Γ,</strong></span> <span class='ocrx_word' id='word_1_158' title='bbox 1043 1327 1087 1364; x_wconf 80' lang='grc' dir='ltr'><strong>τὸ</strong></span> <span class='ocrx_word' id='word_1_159' title='bbox 1112 1332 1142 1364; x_wconf 92' lang='grc' dir='ltr'><strong>Β</strong></span> <span class='ocrx_word' id='word_1_160' title='bbox 1173 1327 1269 1364; x_wconf 79' lang='grc' dir='ltr'><strong><em>κατὰ</em></strong></span> <span class='ocrx_word' id='word_1_161' title='bbox 1293 1327 1438 1369; x_wconf 72' lang='grc' dir='ltr'><strong><em>παντὸς</em></strong></span> <span class='ocrx_word' id='word_1_162' title='bbox 1460 1329 1532 1363; x_wconf 77' lang='grc' dir='ltr'><strong>τοῦ</strong></span> <span class='ocrx_word' id='word_1_163' title='bbox 1556 1330 1600 1370; x_wconf 90' lang='grc' dir='ltr'><strong>Γ,</strong></span> 
     </span>
     <span class='ocr_line' id='line_1_19' title="bbox 342 1388 1607 1437; baseline -0.002 -9"><span class='ocrx_word' id='word_1_164' title='bbox 342 1392 386 1429; x_wconf 76' lang='grc' dir='ltr'><strong>τὸ</strong></span> <span class='ocrx_word' id='word_1_165' title='bbox 411 1397 439 1428; x_wconf 89' lang='grc' dir='ltr'><em>Α</em></span> <span class='ocrx_word' id='word_1_166' title='bbox 463 1391 561 1428; x_wconf 81' lang='grc' dir='ltr'><strong><em>κατὰ</em></strong></span> <span class='ocrx_word' id='word_1_167' title='bbox 585 1392 727 1433; x_wconf 77' lang='grc' dir='ltr'><strong><em>παντὸς</em></strong></span> <span class='ocrx_word' id='word_1_168' title='bbox 750 1393 819 1427; x_wconf 77' lang='grc' dir='ltr'><strong>τοῦ</strong></span> <span class='ocrx_word' id='word_1_169' title='bbox 845 1394 887 1426; x_wconf 92' lang='grc' dir='ltr'><strong>Γ.</strong></span> <span class='ocrx_word' id='word_1_170' title='bbox 1045 1391 1087 1427; x_wconf 77' lang='grc' dir='ltr'><strong>τὸ</strong></span> <span class='ocrx_word' id='word_1_171' title='bbox 1112 1395 1141 1427; x_wconf 87' lang='lat' dir='ltr'><em>A</em></span> <span class='ocrx_word' id='word_1_172' title='bbox 1166 1390 1261 1427; x_wconf 76' lang='grc' dir='ltr'><strong><em>κατὰ</em></strong></span> <span class='ocrx_word' id='word_1_173' title='bbox 1283 1388 1446 1437; x_wconf 73' lang='grc' dir='ltr'><strong><em>μηδενὸς</em></strong></span> <span class='ocrx_word' id='word_1_174' title='bbox 1469 1391 1540 1427; x_wconf 78' lang='grc' dir='ltr'><strong>τοῦ</strong></span> <span class='ocrx_word' id='word_1_175' title='bbox 1564 1393 1607 1426; x_wconf 87' lang='grc' dir='ltr'><strong>Γ.</strong></span> 
     </span>
     <span class='ocr_line' id='line_1_20' title="bbox 273 1454 1609 1505; baseline -0.002 -9"><span class='ocrx_word' id='word_1_176' title='bbox 273 1459 318 1505; x_wconf 71' lang='grc' dir='ltr'><strong>γ’.</strong></span> <span class='ocrx_word' id='word_1_177' title='bbox 344 1459 387 1496; x_wconf 82' lang='grc' dir='ltr'><strong>τὸ</strong></span> <span class='ocrx_word' id='word_1_178' title='bbox 412 1465 440 1496; x_wconf 90' lang='grc' dir='ltr'><em>Α</em></span> <span class='ocrx_word' id='word_1_179' title='bbox 464 1459 559 1496; x_wconf 78' lang='grc' dir='ltr'><strong><em>κατὰ</em></strong></span> <span class='ocrx_word' id='word_1_180' title='bbox 583 1458 725 1500; x_wconf 82' lang='grc' dir='ltr'><strong><em>παντὸς</em></strong></span> <span class='ocrx_word' id='word_1_181' title='bbox 749 1460 818 1495; x_wconf 77' lang='grc' dir='ltr'><strong>τοῦ</strong></span> <span class='ocrx_word' id='word_1_182' title='bbox 842 1454 885 1502; x_wconf 89' lang='grc' dir='ltr'><strong>Β,</strong></span> <span class='ocrx_word' id='word_1_183' title='bbox 941 1471 944 1473; x_wconf 69' lang='grc'><strong>’</strong></span> <span class='ocrx_word' id='word_1_184' title='bbox 976 1457 1022 1495; x_wconf 76' lang='grc' dir='ltr'><strong>δ’.</strong></span> <span class='ocrx_word' id='word_1_185' title='bbox 1047 1458 1092 1495; x_wconf 78' lang='grc' dir='ltr'><strong>τὸ</strong></span> <span class='ocrx_word' id='word_1_186' title='bbox 1115 1463 1144 1494; x_wconf 89' lang='grc' dir='ltr'><em>Α</em></span> <span class='ocrx_word' id='word_1_187' title='bbox 1167 1457 1265 1495; x_wconf 75' lang='grc' dir='ltr'><strong>κατὰ</strong></span> <span class='ocrx_word' id='word_1_188' title='bbox 1288 1457 1449 1505; x_wconf 75' lang='grc' dir='ltr'><strong><em>μηδενός</em></strong></span> <span class='ocrx_word' id='word_1_189' title='bbox 1472 1459 1542 1494; x_wconf 85' lang='grc' dir='ltr'><strong><em>τοῦ</em></strong></span> <span class='ocrx_word' id='word_1_190' title='bbox 1562 1461 1609 1503; x_wconf 88' lang='grc' dir='ltr'><strong>Β,</strong></span> 
     </span>
     <span class='ocr_line' id='line_1_21' title="bbox 343 1513 1554 1558; baseline -0.002 -7"><span class='ocrx_word' id='word_1_191' title='bbox 343 1514 385 1551; x_wconf 77' lang='grc' dir='ltr'><strong>τὸ</strong></span> <span class='ocrx_word' id='word_1_192' title='bbox 414 1520 442 1551; x_wconf 92' lang='grc' dir='ltr'><em>Β</em></span> <span class='ocrx_word' id='word_1_193' title='bbox 466 1514 560 1550; x_wconf 80' lang='grc' dir='ltr'><strong><em>κατὰ</em></strong></span> <span class='ocrx_word' id='word_1_194' title='bbox 585 1513 689 1556; x_wconf 74' lang='grc' dir='ltr'><strong><em>τινὸς</em></strong></span> <span class='ocrx_word' id='word_1_195' title='bbox 712 1516 781 1550; x_wconf 83' lang='grc' dir='ltr'><strong>τοῦ</strong></span> <span class='ocrx_word' id='word_1_196' title='bbox 806 1518 850 1557; x_wconf 88' lang='grc' dir='ltr'><strong>Γ,</strong></span> <span class='ocrx_word' id='word_1_197' title='bbox 1045 1515 1088 1550; x_wconf 82' lang='grc' dir='ltr'><strong>τὸ</strong></span> <span class='ocrx_word' id='word_1_198' title='bbox 1113 1518 1143 1549; x_wconf 93' lang='grc' dir='ltr'>Β</span> <span class='ocrx_word' id='word_1_199' title='bbox 1167 1516 1263 1551; x_wconf 75' lang='grc' dir='ltr'><strong><em>κατὰ</em></strong></span> <span class='ocrx_word' id='word_1_200' title='bbox 1289 1513 1392 1556; x_wconf 77' lang='grc' dir='ltr'><strong><em>τινὸς</em></strong></span> <span class='ocrx_word' id='word_1_201' title='bbox 1414 1516 1484 1550; x_wconf 78' lang='grc' dir='ltr'><strong>τοῦ</strong></span> <span class='ocrx_word' id='word_1_202' title='bbox 1510 1518 1554 1558; x_wconf 93' lang='grc' dir='ltr'><strong>Γ,</strong></span> 
     </span>
     <span class='ocr_line' id='line_1_22' title="bbox 343 1574 1624 1618; baseline -0.002 -5"><span class='ocrx_word' id='word_1_203' title='bbox 343 1577 387 1613; x_wconf 78' lang='grc' dir='ltr'><strong>τὸ</strong></span> <span class='ocrx_word' id='word_1_204' title='bbox 411 1582 440 1612; x_wconf 98' lang='lat' dir='ltr'><strong>A</strong></span> <span class='ocrx_word' id='word_1_205' title='bbox 463 1577 557 1612; x_wconf 75' lang='grc' dir='ltr'><strong>κατὰ</strong></span> <span class='ocrx_word' id='word_1_206' title='bbox 590 1577 692 1618; x_wconf 75' lang='grc' dir='ltr'><strong><em>τινὸς</em></strong></span> <span class='ocrx_word' id='word_1_207' title='bbox 725 1578 792 1612; x_wconf 83' lang='grc' dir='ltr'><strong>τοῦ</strong></span> <span class='ocrx_word' id='word_1_208' title='bbox 817 1579 859 1610; x_wconf 92' lang='grc' dir='ltr'><strong>Γ.</strong></span> <span class='ocrx_word' id='word_1_209' title='bbox 1045 1577 1087 1612; x_wconf 77' lang='grc' dir='ltr'><strong>τὸ</strong></span> <span class='ocrx_word' id='word_1_210' title='bbox 1113 1581 1142 1612; x_wconf 86' lang='grc' dir='ltr'><em>Α</em></span> <span class='ocrx_word' id='word_1_211' title='bbox 1165 1575 1262 1612; x_wconf 80' lang='grc' dir='ltr'><strong><em>κατὰ</em></strong></span> <span class='ocrx_word' id='word_1_212' title='bbox 1285 1575 1388 1618; x_wconf 75' lang='grc' dir='ltr'><strong><em>τινὸς</em></strong></span> <span class='ocrx_word' id='word_1_213' title='bbox 1411 1578 1479 1612; x_wconf 79' lang='grc' dir='ltr'><strong>τοῦ</strong></span> <span class='ocrx_word' id='word_1_214' title='bbox 1506 1579 1542 1611; x_wconf 91' lang='grc' dir='ltr'><strong>Γ</strong></span> <span class='ocrx_word' id='word_1_215' title='bbox 1563 1574 1624 1611; x_wconf 79' lang='grc' dir='ltr'><strong>οὔ.</strong></span> 
     </span>
     <span class='ocr_line' id='line_1_23' title="bbox 210 1642 1593 1691; baseline -0.003 -9"><span class='ocrx_word' id='word_1_216' title='bbox 210 1647 247 1682; x_wconf 89' lang='lat'><strong>11</strong></span> <span class='ocrx_word' id='word_1_217' title='bbox 271 1644 318 1682; x_wconf 88' lang='grc' dir='ltr'><strong>α’.</strong></span> <span class='ocrx_word' id='word_1_218' title='bbox 341 1643 383 1681; x_wconf 85' lang='grc' dir='ltr'><strong>τὸ</strong></span> <span class='ocrx_word' id='word_1_219' title='bbox 409 1650 437 1680; x_wconf 87' lang='grc' dir='ltr'><em>Α</em></span> <span class='ocrx_word' id='word_1_220' title='bbox 462 1645 557 1680; x_wconf 82' lang='grc' dir='ltr'><strong><em>κατὰ</em></strong></span> <span class='ocrx_word' id='word_1_221' title='bbox 580 1642 738 1690; x_wconf 79' lang='grc' dir='ltr'><strong><em>μηδενὸς</em></strong></span> <span class='ocrx_word' id='word_1_222' title='bbox 762 1645 831 1679; x_wconf 84' lang='grc' dir='ltr'><strong>τοῦ</strong></span> <span class='ocrx_word' id='word_1_223' title='bbox 855 1646 898 1688; x_wconf 84' lang='lat'><strong>13,</strong></span> <span class='ocrx_word' id='word_1_224' title='bbox 975 1642 1022 1691; x_wconf 84' lang='grc' dir='ltr'><strong>β’.</strong></span> <span class='ocrx_word' id='word_1_225' title='bbox 1046 1643 1088 1680; x_wconf 84' lang='grc' dir='ltr'><strong>τὸ</strong></span> <span class='ocrx_word' id='word_1_226' title='bbox 1114 1649 1143 1680; x_wconf 91' lang='lat' dir='ltr'><em>A</em></span> <span class='ocrx_word' id='word_1_227' title='bbox 1166 1643 1262 1679; x_wconf 78' lang='grc' dir='ltr'><strong><em>κατὰ</em></strong></span> <span class='ocrx_word' id='word_1_228' title='bbox 1286 1643 1429 1685; x_wconf 77' lang='grc' dir='ltr'><strong><em>παντὸς</em></strong></span> <span class='ocrx_word' id='word_1_229' title='bbox 1453 1645 1522 1680; x_wconf 78' lang='grc' dir='ltr'><strong>τοῦ</strong></span> <span class='ocrx_word' id='word_1_230' title='bbox 1547 1646 1593 1687; x_wconf 90' lang='grc' dir='ltr'><strong>Β,</strong></span> 
     </span>
     <span class='ocr_line' id='line_1_24' title="bbox 341 1698 1610 1744; baseline 0 -8"><span class='ocrx_word' id='word_1_231' title='bbox 341 1700 383 1736; x_wconf 82' lang='grc' dir='ltr'><strong>τὸ</strong></span> <span class='ocrx_word' id='word_1_232' title='bbox 410 1705 438 1736; x_wconf 83' lang='grc' dir='ltr'><em>Α</em></span> <span class='ocrx_word' id='word_1_233' title='bbox 461 1698 556 1735; x_wconf 75' lang='grc' dir='ltr'><strong><em>κατὰ</em></strong></span> <span class='ocrx_word' id='word_1_234' title='bbox 579 1699 721 1741; x_wconf 76' lang='grc' dir='ltr'><strong><em>παντὸς</em></strong></span> <span class='ocrx_word' id='word_1_235' title='bbox 740 1701 810 1735; x_wconf 79' lang='grc' dir='ltr'><strong>τοῦ</strong></span> <span class='ocrx_word' id='word_1_236' title='bbox 836 1703 877 1743; x_wconf 95' lang='grc' dir='ltr'><strong>Γ,</strong></span> <span class='ocrx_word' id='word_1_237' title='bbox 1045 1700 1087 1736; x_wconf 71' lang='lat' dir='ltr'><strong>vd</strong></span> <span class='ocrx_word' id='word_1_238' title='bbox 1115 1703 1144 1735; x_wconf 88' lang='lat' dir='ltr'><em>A</em></span> <span class='ocrx_word' id='word_1_239' title='bbox 1167 1700 1263 1735; x_wconf 74' lang='grc' dir='ltr'><strong>κατὰ</strong></span> <span class='ocrx_word' id='word_1_240' title='bbox 1287 1700 1447 1744; x_wconf 72' lang='grc' dir='ltr'><strong><em>μηδενὸς</em></strong></span> <span class='ocrx_word' id='word_1_241' title='bbox 1470 1702 1541 1736; x_wconf 75' lang='grc' dir='ltr'><strong>τοῦ</strong></span> <span class='ocrx_word' id='word_1_242' title='bbox 1566 1704 1610 1741; x_wconf 89' lang='grc' dir='ltr'><strong>Γ,</strong></span> 
     </span>
     <span class='ocr_line' id='line_1_25' title="bbox 341 1754 1610 1808; baseline 0.001 -10"><span class='ocrx_word' id='word_1_243' title='bbox 341 1762 385 1799; x_wconf 85' lang='grc' dir='ltr'><strong>τὸ</strong></span> <span class='ocrx_word' id='word_1_244' title='bbox 412 1766 441 1797; x_wconf 94' lang='grc' dir='ltr'><strong><em>Β</em></strong></span> <span class='ocrx_word' id='word_1_245' title='bbox 464 1760 560 1797; x_wconf 73' lang='grc' dir='ltr'><strong>κατὰ</strong></span> <span class='ocrx_word' id='word_1_246' title='bbox 585 1761 743 1808; x_wconf 72' lang='grc' dir='ltr'><strong><em>μηδενὸς</em></strong></span> <span class='ocrx_word' id='word_1_247' title='bbox 770 1762 839 1797; x_wconf 82' lang='grc' dir='ltr'><strong>τοῦ</strong></span> <span class='ocrx_word' id='word_1_248' title='bbox 865 1754 906 1796; x_wconf 83' lang='grc' dir='ltr'><strong>Γ.</strong></span> <span class='ocrx_word' id='word_1_249' title='bbox 1042 1761 1085 1798; x_wconf 85' lang='grc' dir='ltr'><strong>τὸ</strong></span> <span class='ocrx_word' id='word_1_250' title='bbox 1115 1766 1145 1797; x_wconf 90' lang='grc' dir='ltr'><strong><em>Β</em></strong></span> <span class='ocrx_word' id='word_1_251' title='bbox 1168 1762 1265 1799; x_wconf 77' lang='grc' dir='ltr'><strong><em>κατὰ</em></strong></span> <span class='ocrx_word' id='word_1_252' title='bbox 1288 1763 1449 1808; x_wconf 78' lang='grc' dir='ltr'><strong><em>μηδενὸς</em></strong></span> <span class='ocrx_word' id='word_1_253' title='bbox 1473 1765 1542 1799; x_wconf 77' lang='grc' dir='ltr'><strong>τοῦ</strong></span> <span class='ocrx_word' id='word_1_254' title='bbox 1568 1766 1610 1799; x_wconf 93' lang='grc' dir='ltr'><strong>Γ.</strong></span> 
     </span>
     <span class='ocr_line' id='line_1_26' title="bbox 272 1827 1588 1877; baseline 0 -11"><span class='ocrx_word' id='word_1_255' title='bbox 272 1829 318 1877; x_wconf 79' lang='grc' dir='ltr'><strong>γ’.</strong></span> <span class='ocrx_word' id='word_1_256' title='bbox 343 1827 385 1866; x_wconf 82' lang='grc' dir='ltr'><strong>τὸ</strong></span> <span class='ocrx_word' id='word_1_257' title='bbox 411 1835 440 1865; x_wconf 88' lang='lat' dir='ltr'><strong>A</strong></span> <span class='ocrx_word' id='word_1_258' title='bbox 463 1828 558 1865; x_wconf 80' lang='grc' dir='ltr'><strong><em>κατὰ</em></strong></span> <span class='ocrx_word' id='word_1_259' title='bbox 581 1827 741 1874; x_wconf 82' lang='grc' dir='ltr'><strong><em>μηδενὸς</em></strong></span> <span class='ocrx_word' id='word_1_260' title='bbox 768 1829 839 1864; x_wconf 78' lang='grc' dir='ltr'><strong>τοῦ</strong></span> <span class='ocrx_word' id='word_1_261' title='bbox 862 1831 906 1872; x_wconf 90' lang='grc' dir='ltr'><strong>Β,</strong></span> <span class='ocrx_word' id='word_1_262' title='bbox 974 1828 1020 1866; x_wconf 80' lang='grc' dir='ltr'><strong>δ’.</strong></span> <span class='ocrx_word' id='word_1_263' title='bbox 1046 1828 1088 1865; x_wconf 83' lang='grc' dir='ltr'><strong>τὰ</strong></span> <span class='ocrx_word' id='word_1_264' title='bbox 1113 1835 1142 1865; x_wconf 89' lang='lat' dir='ltr'><strong>A</strong></span> <span class='ocrx_word' id='word_1_265' title='bbox 1165 1828 1262 1866; x_wconf 77' lang='grc' dir='ltr'><strong><em>κατὰ</em></strong></span> <span class='ocrx_word' id='word_1_266' title='bbox 1286 1828 1428 1872; x_wconf 76' lang='grc' dir='ltr'><strong><em>παντὸς</em></strong></span> <span class='ocrx_word' id='word_1_267' title='bbox 1451 1832 1520 1866; x_wconf 81' lang='grc' dir='ltr'><strong>τοῦ</strong></span> <span class='ocrx_word' id='word_1_268' title='bbox 1545 1834 1588 1876; x_wconf 85' lang='grc' dir='ltr'><strong>Β,</strong></span> 
     </span>
     <span class='ocr_line' id='line_1_27' title="bbox 342 1883 1620 1928; baseline 0.001 -7"><span class='ocrx_word' id='word_1_269' title='bbox 342 1884 384 1921; x_wconf 80' lang='grc' dir='ltr'><strong>τὸ</strong></span> <span class='ocrx_word' id='word_1_270' title='bbox 410 1890 438 1921; x_wconf 90' lang='grc' dir='ltr'><em>Α</em></span> <span class='ocrx_word' id='word_1_271' title='bbox 462 1884 558 1920; x_wconf 74' lang='grc' dir='ltr'><strong>κατὰ</strong></span> <span class='ocrx_word' id='word_1_272' title='bbox 583 1883 687 1925; x_wconf 79' lang='grc' dir='ltr'><strong><em>τινὸς</em></strong></span> <span class='ocrx_word' id='word_1_273' title='bbox 709 1886 778 1921; x_wconf 78' lang='grc' dir='ltr'><strong>τοῦ</strong></span> <span class='ocrx_word' id='word_1_274' title='bbox 805 1888 845 1928; x_wconf 89' lang='grc' dir='ltr'><strong>Γ,</strong></span> <span class='ocrx_word' id='word_1_275' title='bbox 1044 1885 1088 1921; x_wconf 84' lang='grc' dir='ltr'><strong>τὸ</strong></span> <span class='ocrx_word' id='word_1_276' title='bbox 1114 1891 1142 1921; x_wconf 84' lang='grc' dir='ltr'><em>Α</em></span> <span class='ocrx_word' id='word_1_277' title='bbox 1166 1884 1262 1921; x_wconf 78' lang='grc' dir='ltr'><strong><em>κατὰ</em></strong></span> <span class='ocrx_word' id='word_1_278' title='bbox 1286 1885 1387 1928; x_wconf 80' lang='grc' dir='ltr'><strong><em>τινὸς</em></strong></span> <span class='ocrx_word' id='word_1_279' title='bbox 1409 1888 1480 1923; x_wconf 78' lang='grc' dir='ltr'><strong>τοῦ</strong></span> <span class='ocrx_word' id='word_1_280' title='bbox 1506 1889 1542 1921; x_wconf 91' lang='grc' dir='ltr'><strong>Γ</strong></span> <span class='ocrx_word' id='word_1_281' title='bbox 1559 1883 1620 1927; x_wconf 68' lang='grc' dir='ltr'><strong>οὔ,</strong></span> 
     </span>
     <span class='ocr_line' id='line_1_28' title="bbox 341 1945 1620 1990; baseline 0.001 -6"><span class='ocrx_word' id='word_1_282' title='bbox 341 1947 384 1984; x_wconf 77' lang='grc' dir='ltr'><strong>τὸ</strong></span> <span class='ocrx_word' id='word_1_283' title='bbox 412 1950 441 1982; x_wconf 92' lang='grc' dir='ltr'>Β</span> <span class='ocrx_word' id='word_1_284' title='bbox 466 1945 562 1982; x_wconf 75' lang='grc' dir='ltr'><strong><em>κατὰ</em></strong></span> <span class='ocrx_word' id='word_1_285' title='bbox 588 1945 690 1989; x_wconf 78' lang='grc' dir='ltr'><strong><em>τινὸς</em></strong></span> <span class='ocrx_word' id='word_1_286' title='bbox 712 1948 782 1983; x_wconf 80' lang='grc' dir='ltr'><strong>τοῦ</strong></span> <span class='ocrx_word' id='word_1_287' title='bbox 806 1950 841 1981; x_wconf 93' lang='grc' dir='ltr'><strong>Γ</strong></span> <span class='ocrx_word' id='word_1_288' title='bbox 871 1945 928 1983; x_wconf 75' lang='grc' dir='ltr'><strong>οὔ.</strong></span> <span class='ocrx_word' id='word_1_289' title='bbox 1043 1947 1086 1984; x_wconf 84' lang='grc' dir='ltr'><strong>τὸ</strong></span> <span class='ocrx_word' id='word_1_290' title='bbox 1116 1952 1145 1983; x_wconf 91' lang='grc' dir='ltr'>Β</span> <span class='ocrx_word' id='word_1_291' title='bbox 1169 1949 1264 1985; x_wconf 76' lang='grc' dir='ltr'><strong><em>κατὰ</em></strong></span> <span class='ocrx_word' id='word_1_292' title='bbox 1288 1950 1390 1990; x_wconf 81' lang='grc' dir='ltr'><strong><em>τινὸς</em></strong></span> <span class='ocrx_word' id='word_1_293' title='bbox 1413 1952 1481 1985; x_wconf 87' lang='grc' dir='ltr'><strong>τοῦ</strong></span> <span class='ocrx_word' id='word_1_294' title='bbox 1507 1953 1543 1984; x_wconf 93' lang='grc' dir='ltr'><strong>Γ</strong></span> <span class='ocrx_word' id='word_1_295' title='bbox 1562 1947 1620 1985; x_wconf 74' lang='grc' dir='ltr'><strong>οὔ.</strong></span> 
     </span>
     <span class='ocr_line' id='line_1_29' title="bbox 197 2012 1601 2062; baseline 0.001 -10"><span class='ocrx_word' id='word_1_296' title='bbox 197 2018 250 2052; x_wconf 78' lang='lat' dir='ltr'><strong>III</strong></span> <span class='ocrx_word' id='word_1_297' title='bbox 274 2015 321 2053; x_wconf 84' lang='grc' dir='ltr'><strong>α’.</strong></span> <span class='ocrx_word' id='word_1_298' title='bbox 345 2012 389 2051; x_wconf 74' lang='grc' dir='ltr'><strong>τὸ</strong></span> <span class='ocrx_word' id='word_1_299' title='bbox 416 2019 445 2050; x_wconf 88' lang='grc' dir='ltr'><em>Α</em></span> <span class='ocrx_word' id='word_1_300' title='bbox 467 2012 564 2050; x_wconf 75' lang='grc' dir='ltr'><strong><em>κατὰ</em></strong></span> <span class='ocrx_word' id='word_1_301' title='bbox 589 2013 729 2055; x_wconf 82' lang='grc' dir='ltr'><strong><em>παντὸς</em></strong></span> <span class='ocrx_word' id='word_1_302' title='bbox 751 2016 822 2050; x_wconf 78' lang='grc' dir='ltr'><strong>τοῦ</strong></span> <span class='ocrx_word' id='word_1_303' title='bbox 846 2017 888 2058; x_wconf 94' lang='grc' dir='ltr'><strong>Γ,</strong></span> <span class='ocrx_word' id='word_1_304' title='bbox 973 2014 1019 2062; x_wconf 73' lang='grc' dir='ltr'><strong>β’</strong></span> <span class='ocrx_word' id='word_1_305' title='bbox 1041 2016 1085 2052; x_wconf 81' lang='grc' dir='ltr'><strong>τὸ</strong></span> <span class='ocrx_word' id='word_1_306' title='bbox 1109 2021 1138 2052; x_wconf 87' lang='grc' dir='ltr'><em>Α</em></span> <span class='ocrx_word' id='word_1_307' title='bbox 1161 2014 1257 2052; x_wconf 76' lang='grc' dir='ltr'><strong><em>κατὰ</em></strong></span> <span class='ocrx_word' id='word_1_308' title='bbox 1278 2015 1440 2062; x_wconf 80' lang='grc' dir='ltr'><strong><em>μηδενὸς</em></strong></span> <span class='ocrx_word' id='word_1_309' title='bbox 1462 2019 1533 2053; x_wconf 77' lang='grc' dir='ltr'><strong>τοῦ</strong></span> <span class='ocrx_word' id='word_1_310' title='bbox 1558 2019 1601 2060; x_wconf 85' lang='grc' dir='ltr'><strong>Γ,</strong></span> 
     </span>
     <span class='ocr_line' id='line_1_30' title="bbox 341 2069 1588 2116; baseline 0.002 -9"><span class='ocrx_word' id='word_1_311' title='bbox 341 2069 384 2107; x_wconf 89' lang='grc' dir='ltr'><strong>τὸ</strong></span> <span class='ocrx_word' id='word_1_312' title='bbox 412 2074 440 2104; x_wconf 92' lang='grc' dir='ltr'>Β</span> <span class='ocrx_word' id='word_1_313' title='bbox 465 2070 562 2105; x_wconf 81' lang='grc' dir='ltr'><strong><em>κατὰ</em></strong></span> <span class='ocrx_word' id='word_1_314' title='bbox 585 2069 727 2111; x_wconf 81' lang='grc' dir='ltr'><strong><em>παντὸς</em></strong></span> <span class='ocrx_word' id='word_1_315' title='bbox 749 2071 818 2106; x_wconf 85' lang='grc' dir='ltr'><strong>τοῦ</strong></span> <span class='ocrx_word' id='word_1_316' title='bbox 844 2074 886 2115; x_wconf 91' lang='grc' dir='ltr'><strong>Γ,</strong></span> <span class='ocrx_word' id='word_1_317' title='bbox 1042 2071 1084 2108; x_wconf 85' lang='grc' dir='ltr'><strong>τὸ</strong></span> <span class='ocrx_word' id='word_1_318' title='bbox 1113 2077 1142 2108; x_wconf 91' lang='grc' dir='ltr'>Β</span> <span class='ocrx_word' id='word_1_319' title='bbox 1166 2071 1263 2108; x_wconf 77' lang='grc' dir='ltr'><strong><em>κατὰ</em></strong></span> <span class='ocrx_word' id='word_1_320' title='bbox 1286 2073 1430 2115; x_wconf 80' lang='grc' dir='ltr'><strong><em>παντὸς</em></strong></span> <span class='ocrx_word' id='word_1_321' title='bbox 1452 2075 1520 2109; x_wconf 82' lang='grc' dir='ltr'><strong>τοῦ</strong></span> <span class='ocrx_word' id='word_1_322' title='bbox 1546 2077 1588 2116; x_wconf 89' lang='grc' dir='ltr'><strong>Γ,</strong></span> 
     </span>
     <span class='ocr_line' id='line_1_31' title="bbox 341 2132 1615 2175; baseline -0.001 -6"><span class='ocrx_word' id='word_1_323' title='bbox 341 2133 386 2170; x_wconf 79' lang='grc' dir='ltr'><strong>τὸ</strong></span> <span class='ocrx_word' id='word_1_324' title='bbox 412 2138 441 2169; x_wconf 89' lang='lat' dir='ltr'><strong>A</strong></span> <span class='ocrx_word' id='word_1_325' title='bbox 464 2134 563 2169; x_wconf 75' lang='grc' dir='ltr'><strong><em>κατὰ</em></strong></span> <span class='ocrx_word' id='word_1_326' title='bbox 586 2133 689 2175; x_wconf 75' lang='grc' dir='ltr'><strong><em>τινὸς</em></strong></span> <span class='ocrx_word' id='word_1_327' title='bbox 711 2136 782 2169; x_wconf 81' lang='grc' dir='ltr'><strong>τοῦ</strong></span> <span class='ocrx_word' id='word_1_328' title='bbox 805 2137 849 2169; x_wconf 91' lang='grc' dir='ltr'><strong>Β.</strong></span> <span class='ocrx_word' id='word_1_329' title='bbox 1042 2133 1086 2168; x_wconf 83' lang='grc' dir='ltr'><strong>τὸ</strong></span> <span class='ocrx_word' id='word_1_330' title='bbox 1111 2137 1140 2168; x_wconf 88' lang='grc' dir='ltr'><em>Α</em></span> <span class='ocrx_word' id='word_1_331' title='bbox 1163 2132 1261 2169; x_wconf 76' lang='grc' dir='ltr'><strong><em>κατὰ</em></strong></span> <span class='ocrx_word' id='word_1_332' title='bbox 1284 2133 1388 2174; x_wconf 74' lang='grc' dir='ltr'><strong><em>τινος</em></strong></span> <span class='ocrx_word' id='word_1_333' title='bbox 1410 2135 1479 2170; x_wconf 77' lang='grc' dir='ltr'><strong>τοῦ</strong></span> <span class='ocrx_word' id='word_1_334' title='bbox 1503 2138 1533 2169; x_wconf 92' lang='grc' dir='ltr'>Β</span> <span class='ocrx_word' id='word_1_335' title='bbox 1557 2133 1615 2169; x_wconf 78' lang='grc' dir='ltr'><strong>οὗ.</strong></span> 
     </span>
     <span class='ocr_line' id='line_1_32' title="bbox 275 2199 1588 2246; baseline -0.002 -9"><span class='ocrx_word' id='word_1_336' title='bbox 275 2200 320 2246; x_wconf 76' lang='grc' dir='ltr'><strong>γ’.</strong></span> <span class='ocrx_word' id='word_1_337' title='bbox 343 2200 386 2236; x_wconf 85' lang='grc' dir='ltr'><strong>τὸ</strong></span> <span class='ocrx_word' id='word_1_338' title='bbox 411 2204 439 2236; x_wconf 89' lang='grc' dir='ltr'><em>Α</em></span> <span class='ocrx_word' id='word_1_339' title='bbox 462 2200 560 2236; x_wconf 77' lang='grc' dir='ltr'><strong><em>κατὰ</em></strong></span> <span class='ocrx_word' id='word_1_340' title='bbox 582 2201 685 2244; x_wconf 77' lang='grc' dir='ltr'><strong><em>τινὸς</em></strong></span> <span class='ocrx_word' id='word_1_341' title='bbox 708 2203 775 2237; x_wconf 79' lang='grc' dir='ltr'><strong>τοῦ</strong></span> <span class='ocrx_word' id='word_1_342' title='bbox 801 2204 844 2244; x_wconf 94' lang='grc' dir='ltr'><strong>Γ,</strong></span> <span class='ocrx_word' id='word_1_343' title='bbox 975 2200 1021 2238; x_wconf 76' lang='grc' dir='ltr'><strong>δ’.</strong></span> <span class='ocrx_word' id='word_1_344' title='bbox 1045 2199 1088 2237; x_wconf 81' lang='grc' dir='ltr'><strong>τὸ</strong></span> <span class='ocrx_word' id='word_1_345' title='bbox 1113 2206 1142 2236; x_wconf 91' lang='lat' dir='ltr'><strong>A</strong></span> <span class='ocrx_word' id='word_1_346' title='bbox 1165 2199 1261 2242; x_wconf 65' lang='grc' dir='ltr'><strong><em>κατὰ,</em></strong></span> <span class='ocrx_word' id='word_1_347' title='bbox 1285 2200 1428 2242; x_wconf 81' lang='grc' dir='ltr'><strong><em>παντὸς</em></strong></span> <span class='ocrx_word' id='word_1_348' title='bbox 1451 2202 1518 2236; x_wconf 84' lang='grc' dir='ltr'><strong>τοῦ</strong></span> <span class='ocrx_word' id='word_1_349' title='bbox 1543 2203 1588 2244; x_wconf 85' lang='grc' dir='ltr'><strong>Γ,</strong></span> 
     </span>
     <span class='ocr_line' id='line_1_33' title="bbox 342 2255 1548 2300; baseline -0.001 -7"><span class='ocrx_word' id='word_1_350' title='bbox 342 2256 386 2293; x_wconf 84' lang='grc' dir='ltr'><strong>τὸ</strong></span> <span class='ocrx_word' id='word_1_351' title='bbox 411 2260 440 2292; x_wconf 92' lang='grc' dir='ltr'>Β</span> <span class='ocrx_word' id='word_1_352' title='bbox 465 2256 560 2292; x_wconf 80' lang='grc' dir='ltr'><strong><em>κατὰ</em></strong></span> <span class='ocrx_word' id='word_1_353' title='bbox 583 2255 727 2298; x_wconf 78' lang='grc' dir='ltr'><strong><em>παντὸς</em></strong></span> <span class='ocrx_word' id='word_1_354' title='bbox 751 2259 819 2293; x_wconf 70' lang='grc' dir='ltr'><strong>τοῦ</strong></span> <span class='ocrx_word' id='word_1_355' title='bbox 832 2259 875 2300; x_wconf 87' lang='grc' dir='ltr'><strong>Γ,</strong></span> <span class='ocrx_word' id='word_1_356' title='bbox 1041 2256 1084 2293; x_wconf 85' lang='grc' dir='ltr'><strong>τὸ</strong></span> <span class='ocrx_word' id='word_1_357' title='bbox 1112 2260 1140 2291; x_wconf 94' lang='grc' dir='ltr'>Β</span> <span class='ocrx_word' id='word_1_358' title='bbox 1165 2255 1260 2292; x_wconf 79' lang='grc' dir='ltr'><strong><em>κατὰ</em></strong></span> <span class='ocrx_word' id='word_1_359' title='bbox 1284 2255 1388 2298; x_wconf 80' lang='grc' dir='ltr'><strong><em>τινὸς</em></strong></span> <span class='ocrx_word' id='word_1_360' title='bbox 1411 2258 1479 2292; x_wconf 80' lang='grc' dir='ltr'><strong>τοῦ</strong></span> <span class='ocrx_word' id='word_1_361' title='bbox 1504 2260 1548 2299; x_wconf 91' lang='grc' dir='ltr'><strong>Γ,</strong></span> 
     </span>
     <span class='ocr_line' id='line_1_34' title="bbox 342 2311 1549 2361; baseline -0.002 -6"><span class='ocrx_word' id='word_1_362' title='bbox 342 2311 441 2356; x_wconf 50' lang='lat' dir='ltr'><strong>io]</strong></span> <span class='ocrx_word' id='word_1_363' title='bbox 463 2319 560 2355; x_wconf 76' lang='grc' dir='ltr'><strong><em>κατὰ</em></strong></span> <span class='ocrx_word' id='word_1_364' title='bbox 583 2319 689 2361; x_wconf 70' lang='grc' dir='ltr'><strong><em>τινός</em></strong></span> <span class='ocrx_word' id='word_1_365' title='bbox 709 2321 778 2356; x_wconf 80' lang='grc' dir='ltr'><strong>τοῦ</strong></span> <span class='ocrx_word' id='word_1_366' title='bbox 803 2324 843 2355; x_wconf 92' lang='grc' dir='ltr'><strong>Β.</strong></span> <span class='ocrx_word' id='word_1_367' title='bbox 1041 2318 1085 2355; x_wconf 88' lang='grc' dir='ltr'><strong>τὸ</strong></span> <span class='ocrx_word' id='word_1_368' title='bbox 1111 2323 1139 2354; x_wconf 89' lang='lat' dir='ltr'><strong>A</strong></span> <span class='ocrx_word' id='word_1_369' title='bbox 1164 2319 1261 2354; x_wconf 79' lang='grc' dir='ltr'><strong><em>κατὰ</em></strong></span> <span class='ocrx_word' id='word_1_370' title='bbox 1284 2319 1387 2360; x_wconf 69' lang='grc' dir='ltr'><strong><em>τινὸς</em></strong></span> <span class='ocrx_word' id='word_1_371' title='bbox 1411 2320 1481 2355; x_wconf 79' lang='grc' dir='ltr'><strong>τοῦ</strong></span> <span class='ocrx_word' id='word_1_372' title='bbox 1505 2321 1549 2353; x_wconf 92' lang='grc' dir='ltr'><strong>Β.</strong></span> 
     </span>
     <span class='ocr_line' id='line_1_35' title="bbox 274 2383 1608 2433; baseline -0.001 -10"><span class='ocrx_word' id='word_1_373' title='bbox 274 2387 315 2424; x_wconf 79' lang='grc' dir='ltr'><strong>ε’.</strong></span> <span class='ocrx_word' id='word_1_374' title='bbox 345 2386 388 2423; x_wconf 79' lang='grc' dir='ltr'><strong>τὸ</strong></span> <span class='ocrx_word' id='word_1_375' title='bbox 416 2391 445 2423; x_wconf 92' lang='lat' dir='ltr'><strong>A</strong></span> <span class='ocrx_word' id='word_1_376' title='bbox 467 2386 565 2423; x_wconf 77' lang='grc' dir='ltr'><strong><em>κατὰ</em></strong></span> <span class='ocrx_word' id='word_1_377' title='bbox 588 2387 690 2429; x_wconf 79' lang='grc' dir='ltr'><strong><em>τινὸς</em></strong></span> <span class='ocrx_word' id='word_1_378' title='bbox 720 2389 790 2424; x_wconf 82' lang='grc' dir='ltr'><strong>τοῦ</strong></span> <span class='ocrx_word' id='word_1_379' title='bbox 813 2390 850 2423; x_wconf 92' lang='grc' dir='ltr'><strong>Γ</strong></span> <span class='ocrx_word' id='word_1_380' title='bbox 871 2385 930 2433; x_wconf 72' lang='grc' dir='ltr'><strong>οὔ,</strong></span> <span class='ocrx_word' id='word_1_381' title='bbox 975 2386 1020 2427; x_wconf 84' lang='grc' dir='ltr'><strong>ς’.</strong></span> <span class='ocrx_word' id='word_1_382' title='bbox 1049 2386 1091 2422; x_wconf 84' lang='grc' dir='ltr'><strong>τὸ</strong></span> <span class='ocrx_word' id='word_1_383' title='bbox 1117 2390 1146 2421; x_wconf 92' lang='grc' dir='ltr'><em>Α</em></span> <span class='ocrx_word' id='word_1_384' title='bbox 1169 2383 1265 2422; x_wconf 78' lang='grc' dir='ltr'><strong><em>κατὰ</em></strong></span> <span class='ocrx_word' id='word_1_385' title='bbox 1287 2385 1448 2432; x_wconf 79' lang='grc' dir='ltr'><strong><em>μηδενὸς</em></strong></span> <span class='ocrx_word' id='word_1_386' title='bbox 1469 2387 1541 2422; x_wconf 75' lang='grc' dir='ltr'><strong>τοῦ</strong></span> <span class='ocrx_word' id='word_1_387' title='bbox 1565 2388 1608 2430; x_wconf 89' lang='grc' dir='ltr'><strong>Γ,</strong></span> 
     </span>
     <span class='ocr_line' id='line_1_36' title="bbox 342 2440 1556 2489; baseline -0.001 -10"><span class='ocrx_word' id='word_1_388' title='bbox 342 2443 387 2479; x_wconf 81' lang='grc' dir='ltr'><strong>τὸ</strong></span> <span class='ocrx_word' id='word_1_389' title='bbox 414 2446 444 2478; x_wconf 91' lang='grc' dir='ltr'>Β</span> <span class='ocrx_word' id='word_1_390' title='bbox 468 2443 565 2480; x_wconf 76' lang='grc' dir='ltr'><strong><em>κατὰ</em></strong></span> <span class='ocrx_word' id='word_1_391' title='bbox 588 2443 731 2486; x_wconf 74' lang='grc' dir='ltr'><strong><em>παντὸς</em></strong></span> <span class='ocrx_word' id='word_1_392' title='bbox 755 2446 824 2480; x_wconf 76' lang='grc' dir='ltr'><strong>τοῦ</strong></span> <span class='ocrx_word' id='word_1_393' title='bbox 847 2447 891 2489; x_wconf 91' lang='grc' dir='ltr'><strong>Γ,</strong></span> <span class='ocrx_word' id='word_1_394' title='bbox 1045 2442 1088 2478; x_wconf 80' lang='grc' dir='ltr'><strong>τὰ</strong></span> <span class='ocrx_word' id='word_1_395' title='bbox 1115 2445 1145 2477; x_wconf 92' lang='grc' dir='ltr'>Β</span> <span class='ocrx_word' id='word_1_396' title='bbox 1169 2440 1266 2478; x_wconf 80' lang='grc' dir='ltr'><strong><em>κατὰ</em></strong></span> <span class='ocrx_word' id='word_1_397' title='bbox 1288 2441 1392 2484; x_wconf 81' lang='grc' dir='ltr'><strong><em>τινὸς</em></strong></span> <span class='ocrx_word' id='word_1_398' title='bbox 1414 2445 1485 2479; x_wconf 78' lang='grc' dir='ltr'><strong>τοῦ</strong></span> <span class='ocrx_word' id='word_1_399' title='bbox 1512 2445 1556 2484; x_wconf 89' lang='grc' dir='ltr'><strong>Γ,</strong></span> 
     </span>
     <span class='ocr_line' id='line_1_37' title="bbox 343 2502 1619 2549; baseline -0.002 -7"><span class='ocrx_word' id='word_1_400' title='bbox 343 2505 387 2543; x_wconf 82' lang='grc' dir='ltr'><strong>τὸ</strong></span> <span class='ocrx_word' id='word_1_401' title='bbox 413 2511 441 2542; x_wconf 91' lang='lat' dir='ltr'><strong>A</strong></span> <span class='ocrx_word' id='word_1_402' title='bbox 467 2507 564 2543; x_wconf 74' lang='grc' dir='ltr'><strong><em>κατὰ</em></strong></span> <span class='ocrx_word' id='word_1_403' title='bbox 589 2508 692 2549; x_wconf 82' lang='grc' dir='ltr'><strong><em>τινὸς</em></strong></span> <span class='ocrx_word' id='word_1_404' title='bbox 714 2509 785 2544; x_wconf 74' lang='grc' dir='ltr'><strong>τοῦ</strong></span> <span class='ocrx_word' id='word_1_405' title='bbox 810 2512 839 2544; x_wconf 92' lang='grc' dir='ltr'>Β</span> <span class='ocrx_word' id='word_1_406' title='bbox 874 2505 933 2543; x_wconf 77' lang='grc' dir='ltr'><strong>οὔ.</strong></span> <span class='ocrx_word' id='word_1_407' title='bbox 1044 2503 1087 2541; x_wconf 88' lang='grc' dir='ltr'><strong>τὸ</strong></span> <span class='ocrx_word' id='word_1_408' title='bbox 1115 2509 1141 2541; x_wconf 83' lang='grc' dir='ltr'><em>Α</em></span> <span class='ocrx_word' id='word_1_409' title='bbox 1164 2504 1260 2541; x_wconf 75' lang='grc' dir='ltr'><strong><em>κατὰ</em></strong></span> <span class='ocrx_word' id='word_1_410' title='bbox 1284 2505 1386 2547; x_wconf 75' lang='grc' dir='ltr'><strong><em>τινὸς</em></strong></span> <span class='ocrx_word' id='word_1_411' title='bbox 1408 2507 1478 2542; x_wconf 81' lang='grc' dir='ltr'><strong>τοῦ</strong></span> <span class='ocrx_word' id='word_1_412' title='bbox 1505 2509 1534 2541; x_wconf 91' lang='grc' dir='ltr'>Β</span> <span class='ocrx_word' id='word_1_413' title='bbox 1558 2502 1619 2541; x_wconf 70' lang='grc' dir='ltr'><strong>οὔ.</strong></span> 
     </span>
    </p>
   </div>
   <div class='ocr_carea' id='block_1_5' title="bbox 195 2600 1666 2784">
    <p class='ocr_par' dir='ltr' id='par_1_5' title="bbox 195 2600 1666 2784">
     <span class='ocr_line' id='line_1_38' title="bbox 195 2600 1665 2654; baseline -0.002 -12"><span class='ocrx_word' id='word_1_414' title='bbox 195 2602 429 2643; x_wconf 88' lang='lat' dir='ltr'><strong>Tenendum</strong></span> <span class='ocrx_word' id='word_1_415' title='bbox 460 2607 524 2643; x_wconf 85' lang='lat' dir='ltr'><strong>est</strong></span> <span class='ocrx_word' id='word_1_416' title='bbox 560 2603 745 2642; x_wconf 87' lang='lat' dir='ltr'><strong>ultimum</strong></span> <span class='ocrx_word' id='word_1_417' title='bbox 782 2603 946 2643; x_wconf 85' lang='lat' dir='ltr'><strong>modum</strong></span> <span class='ocrx_word' id='word_1_418' title='bbox 985 2602 1184 2642; x_wconf 81' lang='lat' dir='ltr'><strong>secundae</strong></span> <span class='ocrx_word' id='word_1_419' title='bbox 1222 2607 1263 2642; x_wconf 85' lang='lat' dir='ltr'><strong>et</strong></span> <span class='ocrx_word' id='word_1_420' title='bbox 1302 2603 1483 2654; x_wconf 79' lang='lat' dir='ltr'><strong>quintum</strong></span> <span class='ocrx_word' id='word_1_421' title='bbox 1518 2600 1665 2641; x_wconf 80' lang='lat' dir='ltr'><strong>tertiae</strong></span> 
     </span>
     <span class='ocr_line' id='line_1_39' title="bbox 196 2664 1666 2718; baseline -0.001 -13"><span class='ocrx_word' id='word_1_422' title='bbox 196 2667 348 2718; x_wconf 81' lang='lat' dir='ltr'><strong>figurae</strong></span> <span class='ocrx_word' id='word_1_423' title='bbox 385 2680 464 2707; x_wconf 93' lang='lat' dir='ltr'><strong>non</strong></span> <span class='ocrx_word' id='word_1_424' title='bbox 500 2667 770 2706; x_wconf 83' lang='lat' dir='ltr'><strong>demonstrari</strong></span> <span class='ocrx_word' id='word_1_425' title='bbox 807 2667 886 2706; x_wconf 87' lang='lat' dir='ltr'><strong>nisi</strong></span> <span class='ocrx_word' id='word_1_426' title='bbox 923 2667 1165 2706; x_wconf 81' lang='lat' dir='ltr'><strong>deductione</strong></span> <span class='ocrx_word' id='word_1_427' title='bbox 1199 2666 1307 2705; x_wconf 84' lang='lat' dir='ltr'><strong>facta</strong></span> <span class='ocrx_word' id='word_1_428' title='bbox 1345 2667 1396 2706; x_wconf 87' lang='lat' dir='ltr'><strong>ad</strong></span> <span class='ocrx_word' id='word_1_429' title='bbox 1433 2664 1666 2706; x_wconf 81' lang='lat' dir='ltr'><strong>absurdum.</strong></span> 
     </span>
     <span class='ocr_line' id='line_1_40' title="bbox 201 2729 1666 2784; baseline -0.001 -15"><span class='ocrx_word' id='word_1_430' title='bbox 201 2730 426 2783; x_wconf 80' lang='lat' dir='ltr'><strong>Appuleius</strong></span> <span class='ocrx_word' id='word_1_431' title='bbox 454 2732 495 2770; x_wconf 92' lang='lat' dir='ltr'><strong>in</strong></span> <span class='ocrx_word' id='word_1_432' title='bbox 523 2732 758 2784; x_wconf 86' lang='lat' dir='ltr'><strong>explicanda</strong></span> <span class='ocrx_word' id='word_1_433' title='bbox 783 2731 914 2782; x_wconf 84' lang='lat' dir='ltr'><strong>prima</strong></span> <span class='ocrx_word' id='word_1_434' title='bbox 942 2731 1069 2782; x_wconf 83' lang='lat' dir='ltr'><strong>figura</strong></span> <span class='ocrx_word' id='word_1_435' title='bbox 1096 2729 1424 2782; x_wconf 80' lang='lat' dir='ltr'><strong>Theophrastum</strong></span> <span class='ocrx_word' id='word_1_436' title='bbox 1466 2730 1666 2781; x_wconf 85' lang='lat' dir='ltr'><strong>sequitur,</strong></span> 
     </span>
    </p>
   </div>
   <div class='ocr_carea' id='block_1_6' title="bbox 200 2794 1667 2892">
    <p class='ocr_par' dir='ltr' id='par_1_6' title="bbox 200 2794 1667 2892">
     <span class='ocr_line' id='line_1_41' title="bbox 200 2794 1667 2892; baseline -0.001 -59"><span class='ocrx_word' id='word_1_437' title='bbox 200 2795 270 2891; x_wconf 47' lang='lat' dir='ltr'><strong>qui</strong></span> <span class='ocrx_word' id='word_1_438' title='bbox 297 2807 439 2836; x_wconf 85' lang='lat' dir='ltr'><strong>novem</strong></span> <span class='ocrx_word' id='word_1_439' title='bbox 461 2795 603 2836; x_wconf 86' lang='lat' dir='ltr'><strong>modos</strong></span> <span class='ocrx_word' id='word_1_440' title='bbox 629 2795 853 2849; x_wconf 79' lang='lat' dir='ltr'><strong>proposuit.</strong></span> <span class='ocrx_word' id='word_1_441' title='bbox 893 2794 1078 2848; x_wconf 79' lang='lat' dir='ltr'><strong>Namque</strong></span> <span class='ocrx_word' id='word_1_442' title='bbox 1097 2807 1148 2836; x_wconf 86' lang='lat' dir='ltr'><strong>ex</strong></span> <span class='ocrx_word' id='word_1_443' title='bbox 1176 2800 1399 2892; x_wconf 65' lang='grc' dir='ltr'><strong>«μιαιῑῑιιοι-25</strong></span> <span class='ocrx_word' id='word_1_444' title='bbox 1389 2794 1536 2843; x_wconf 85' lang='lat' dir='ltr'><strong>modi,</strong></span> <span class='ocrx_word' id='word_1_445' title='bbox 1564 2805 1667 2846; x_wconf 80' lang='lat' dir='ltr'><strong>quos</strong></span> 
     </span>
    </p>
   </div>
  </div>
 </body>
</html>
