1838 3086
613 200 868 246 Analytica
896 197 1066 244 priora,
1526 200 1605 241 431

149 301 280 352 Quum
307 303 440 341 autem
468 312 727 340 numerorum
755 299 1037 351 quadratorum
1066 298 1222 351 parium
1248 297 1438 337 dimidiae
1466 303 1605 350 partes

149 367 286 417 utique
313 366 394 405 sint
421 365 576 404 numeri
603 377 722 415 pares
751 364 917 409 (etenim
946 376 1201 403 numerorum
1227 363 1511 413 quadratorum
1540 376 1604 403 ra-

150 431 261 469 dices
290 434 359 468 aut
386 443 504 482 pares
533 434 627 468 sunt
655 433 723 467 aut
751 428 949 478 impares:
993 428 1027 466 si
1068 429 1182 467 radix
1210 433 1272 466 est
1300 439 1490 466 numerus
1521 441 1606 479 par,

149 507 339 534 numerus
375 495 591 545 quadratus
630 493 707 531 erit
749 494 867 540 (2n)2
899 509 961 523 =
988 493 1094 539 47223
1145 492 1180 530 si
1222 491 1376 543 impar,
1416 504 1606 530 numerus

150 558 364 609 quadratus
404 559 483 597 erit
519 559 663 602 (2η-ι-
686 559 754 601 1)2
783 572 845 587 =
871 557 951 593 4722
973 568 1027 596 -i-
1046 557 1102 594 4η
1126 568 1179 596 -i-
1214 559 1256 604 1,
1297 555 1403 594 unde
1442 561 1610 608 apparet

150 634 308 661 omnem
336 634 543 661 numerum
572 620 809 671 quadratum
840 625 909 658 aut
939 620 1130 671 imparem
1167 632 1258 658 esse
1292 625 1362 659 aut
1397 621 1518 660 etiam
1546 620 1610 659 di-

148 685 307 724 midiam
347 685 432 723 eius
469 689 623 735 partem
664 696 756 722 esse
792 697 1000 723 numerum
1031 687 1206 735 parem),
1251 683 1330 735 571²
1361 691 1494 724 autem
1533 697 1610 724 ex-

147 749 267 800 primi
303 748 448 788 debeat
483 761 649 787 numero
685 748 796 800 pari,
839 749 928 798 quia
969 747 1049 798 βγ2
1071 764 1134 778 ==
1156 747 1298 793 21162:
1351 749 1611 800 consequitur

150 812 231 864 «1532
264 831 326 845 =
357 811 471 863 ὲβγῖ
495 829 558 843 =
575 815 651 859 2723
696 813 772 850 erit
809 812 933 863 igitur
966 811 1024 863 βγ
1051 827 1062 851 :
1088 811 1144 864 αβ
1165 829 1227 844 =
1246 815 1302 851 2n
1325 826 1335 852 :
1362 814 1429 851 2m
1467 818 1610 863 (quum

150 878 257 917 enim
284 877 503 915 viderimus
531 888 740 915 numerum
770 876 1006 926 quadratum
1031 890 1167 927 parem
1193 890 1300 923 esse,
1331 878 1364 915 ni
1393 878 1508 916 radix
1537 891 1612 929 par

150 943 227 990 sit,
270 941 326 993 βγ
364 948 406 980 et
443 939 500 991 αβ
540 953 616 979 non
656 944 844 992 poterunt
878 953 956 979 non
994 942 1165 992 exprimi
1203 941 1380 980 numeris
1414 943 1611 993 paribus),

149 1007 379 1056 neutiquam
408 1018 503 1044 vero
539 1005 640 1043 ratio
679 1017 795 1056 quam
833 1004 1003 1043 habeant
1041 1006 1169 1044 lineae
1197 1004 1253 1057 βγ
1281 1011 1323 1045 et
1351 1005 1408 1057 αβ
1438 1006 1611 1058 exprimi

149 1070 300 1122 poterit
326 1070 409 1108 sive
436 1070 538 1120 binis
567 1069 743 1107 numeris
771 1069 986 1120 imparibus
1016 1070 1099 1108 sive
1125 1071 1252 1109 altero
1281 1071 1368 1123 pari
1390 1071 1518 1110 altero
1537 1071 1611 1110 im-

150 1136 250 1187 pari.
305 1134 419 1173 Hanc
456 1133 755 1184 proportionem
797 1133 839 1185 si
872 1132 1117 1172 conferimus
1146 1147 1238 1173 cum
1266 1148 1313 1173 ea
1341 1148 1460 1186 quam
1488 1147 1609 1186 supra

149 1200 383 1246 habuimus,
424 1198 492 1247 ubi
520 1197 717 1236 rationem
747 1197 938 1236 linearum
969 1197 1025 1249 βγ
1053 1202 1094 1237 et
1122 1198 1178 1250 αβ
1207 1204 1274 1238 aut
1302 1200 1406 1239 binis
1434 1199 1612 1238 numeris

149 1264 311 1317 paribus
341 1265 410 1302 aut
439 1262 568 1301 altero
597 1263 683 1313 pari
710 1261 836 1301 altero
866 1262 1010 1314 impari
1046 1264 1348 1314 exprimendam
1387 1276 1479 1302 esse
1506 1263 1610 1303 dixi-

149 1341 254 1375 mus,
292 1339 500 1366 numerum
535 1327 730 1377 imparem
768 1326 856 1377 pari
892 1327 1099 1377 aequalem
1138 1327 1273 1367 dicere
1301 1328 1431 1367 coacti
1460 1340 1612 1376 sumus,

151 1391 258 1444 quod
287 1390 504 1431 absurdum
533 1394 612 1429 est.
668 1390 729 1429 De
754 1391 923 1430 veritate
951 1391 1070 1430 huius
1100 1390 1458 1432 demonstrationis
1476 1393 1612 1444 dispu-

150 1464 249 1506 tare,
289 1455 527 1507 praesertim
568 1467 689 1505 quum
719 1455 811 1506 quid
841 1455 1099 1494 statuendum
1129 1456 1180 1494 sit
1209 1456 1259 1494 de
1287 1469 1336 1494 ea
1363 1456 1461 1495 satis
1489 1456 1612 1496 facile

151 1522 205 1560 sit
233 1520 282 1558 ad
309 1519 621 1569 intelligendum,
651 1531 728 1557 non
758 1524 821 1558 est
847 1519 965 1557 huius
993 1519 1095 1566 loci3
1135 1520 1247 1558 nobis
1277 1520 1383 1558 enim
1410 1520 1490 1559 hoc
1518 1520 1608 1559 loco

148 1585 247 1624 nihil
293 1583 543 1634 propositum
581 1586 645 1621 est
679 1583 756 1622 nisi
796 1587 842 1622 ut
875 1596 1007 1622 veram
1048 1586 1225 1623 mentem
1266 1583 1494 1623 Aristotelis
1530 1597 1608 1636 pa-

148 1648 397 1688 tefaciamus.

97 1716 146 1752 41
161 1715 244 1752 2132
272 1709 343 1751 διὰ
370 1708 450 1762 τὴν
477 1707 518 1759 ἐξ
543 1740 553 1750 .
578 1741 587 1750 .
607 1740 617 1750 .
647 1724 722 1762 per
759 1724 846 1749 eam
884 1710 1130 1761 hypothesin
1168 1724 1286 1762 quam
1319 1711 1535 1751 sumsimus
1555 1712 1612 1751 ·ab

149 1777 266 1815 initio
303 1775 558 1814 deductionis
597 1774 646 1812 ad
683 1774 954 1825 impossibile:
994 1775 1101 1813 unde
1139 1775 1295 1826 colligit
1329 1788 1351 1813 a
1380 1776 1612 1829 syllogismo

151 1841 218 1891 qui
253 1844 366 1877 recta
401 1839 596 1890 procedat
633 1838 912 1877 deductionem
950 1850 1028 1876 non
1054 1839 1142 1888 ipsa
1169 1838 1434 1878 concludendi
1461 1840 1615 1879 ratione

151 1904 343 1951 differre,
381 1903 453 1941 sed
490 1915 538 1941 eo
567 1902 675 1953 qnod
703 1903 1025 1941 demonstretur:
1052 1902 1121 1940 illo
1150 1903 1257 1941 enim
1286 1905 1479 1954 probatur
1507 1903 1614 1955 quod

150 1981 288 2008 verum
318 1972 404 2015 est,
432 1967 508 2005 hac
537 1966 642 2017 quod
671 1970 811 2018 aperte
840 1966 986 2005 salsum
1015 1971 1079 2005 est
1106 1978 1157 2005 ex
1185 1978 1235 2005 eo
1262 1967 1384 2017 quod,
1412 1966 1510 2006 licet
1535 1967 1613 2006 fal-

152 2046 255 2080 sum,
282 2031 458 2083 positum
487 2036 551 2069 est
579 2035 766 2082 tanquam
795 2043 945 2069 verum.

52 2106 59 2109 “
97 2099 242 2136 41839
268 2092 317 2135 τὸ
345 2093 779 2147 μεταλαμβανόμενον
807 2093 1035 2134 Alexander
1062 2093 1215 2145 optime
1240 2093 1296 2133 ita
1336 2094 1533 2146 explicat,
1570 2099 1615 2134 ut

150 2161 256 2212 quod
284 2161 459 2210 positum
487 2160 541 2199 sit
568 2164 749 2198 sumatur
776 2159 892 2198 aliter
920 2172 1037 2210 quam
1067 2158 1240 2209 positum
1271 2157 1334 2196 sit.
1399 2158 1611 2208 Quomodo

151 2225 229 2263 hoc
257 2224 341 2270 fiat,
363 2223 545 2274 exemplo
567 2222 775 2274 proposito
802 2224 1002 2262 ostendit:
1031 2236 1120 2261 nam
1141 2223 1247 2272 quod
1268 2235 1357 2260 cum
1385 2222 1613 2263 conditione

150 2288 353 2341 prolatum
381 2291 468 2334 est,
509 2287 549 2324 id
578 2287 657 2324 iam
686 2287 912 2326 conditione
942 2286 1090 2325 omissa
1119 2286 1408 2337 pronuntiatur.
1464 2287 1509 2326 Si
1537 2288 1613 2339 igi-

151 2358 220 2393 tur
247 2350 481 2390 Aristoteles
523 2351 563 2389 in
607 2350 788 2389 omnibus
818 2351 1057 2402 syllogismis
1085 2350 1357 2401 hypotheticis
1387 2351 1612 2391 conclusio-

152 2429 244 2456 nem
282 2415 370 2453 fieri
408 2415 507 2454 dicit
544 2412 651 2465 πρὸς
687 2413 736 2455 τὸ
769 2413 1230 2466 μεταλαμβανόμενον,
1266 2415 1344 2454 hoc
1378 2415 1475 2453 nihil
1504 2415 1613 2455 aliud

152 2485 229 2528 est,
252 2480 443 2531 quamsi
472 2479 626 2518 diceret
653 2480 691 2518 in
720 2479 974 2519 conclusione
1002 2479 1089 2518 sine
1117 2479 1346 2518 conditione
1374 2479 1612 2530 simpliciter

152 2542 474 2595 (ὑπαρχόντως)
513 2543 687 2595 proferri
724 2543 829 2594 quod
868 2548 984 2582 antea
1023 2556 1115 2582 cum
1153 2544 1378 2582 conditione
1412 2543 1610 2594 prolatum

153 2611 227 2650 sit:
256 2622 293 2647 v.
325 2622 360 2648 c.
389 2608 431 2647 Si
459 2608 641 2647 voluntas
670 2620 747 2647 non
774 2609 926 2660 pendet
952 2621 1001 2647 ex
1029 2620 1215 2660 corpore,
1243 2620 1390 2659 corpus
1418 2620 1495 2647 non
1522 2620 1610 2647 mo-

141 2668 265 2712 ¹vetur
300 2687 376 2726 per
411 2686 456 2712 se
483 2673 634 2711 solum:
672 2672 854 2711 voluntas
882 2684 960 2711 non
989 2673 1138 2723 pendet
1165 2684 1215 2711 ex
1244 2684 1412 2723 corpore
1442 2672 1511 2720 (τὸ
1539 2684 1610 2725 μεο

152 2736 553 2790 ταλαμβανόμενον)
569 2767 581 2787 ,
626 2737 771 2788 corpus
802 2736 926 2788 igitur
960 2748 1037 2776 non
1076 2740 1260 2776 movetur
1290 2748 1437 2788 perse
1464 2737 1610 2778 solum.
