1780 3100
201 239 281 278 342
764 241 1137 275 Hermeneutica.

257 334 337 376 οὐκ
364 334 513 385 ἔπιθι
550 350 640 376 nam
667 350 787 388 quum
824 337 920 376 nihii
955 338 1157 389 impediat,
1194 338 1287 390 quin
1326 338 1423 376 alius
1460 342 1551 389 post
1577 340 1683 378 mille

258 412 378 440 annos
414 403 491 440 hoc
528 404 757 439 eventurum
793 413 882 439 esse
909 401 1035 449 dicat,
1071 401 1170 439 alius
1197 406 1327 452 neget,
1354 402 1518 439 aiterum
1545 414 1683 441 neces-

258 465 362 502 sario
388 477 525 502 verum
554 466 651 510 erat,
692 463 857 502 alterum
886 463 1053 502 falsum:
1090 467 1359 501 verumtamen
1388 463 1436 501 ad
1473 476 1538 502 res
1566 465 1685 515 ipsas,

259 538 361 577 quae
401 530 611 564 eventurae
649 530 761 575 sunt,
798 526 893 564 nihil
932 526 1073 564 attinet
1109 539 1200 564 num
1239 527 1326 576 quis
1358 526 1612 565 affirmaverit
1638 539 1686 566 an

258 589 482 640 negaverit:
519 600 595 626 non
632 591 845 639 propterea
881 589 983 627 enim
1019 601 1084 627 res
1122 589 1326 637 eveniunt,
1355 589 1460 638 quod
1488 589 1549 626 vel
1577 589 1686 628 affir-

258 657 388 689 matae
402 651 462 688 vei
483 655 647 700 negatae
675 655 765 689 sunt
793 651 866 696 (cf.
890 652 1191 700 l4b19—22),
1219 652 1537 700 attamen.„quydu
1551 665 1685 692 verum

258 713 336 751 fuit
362 714 401 751 in
431 713 612 758 dicendo..
636 712 677 753 id
698 714 1464 763 trevetnwsstifilmn„.eY9niat.,necesseuest.

207 777 354 814 19:110
376 773 449 815 καὶ
484 773 541 827 μὴ
580 773 736 827 ὁμοίως
772 777 812 814 h.
839 790 874 815 e.
900 773 972 816 καὶ
1004 772 1052 815 τὸ
1088 775 1275 816 δυνατὸν
1301 773 1359 827 μὴ
1386 770 1494 815 εἶναι
1520 773 1685 828 ὁμοίως.

259 839 366 887 Quid
397 839 582 878 differant
609 837 795 879 δυνατὸν
823 843 863 877 et
891 837 1165 890 ἐνδεχόμενον
1190 852 1226 876 ν.
1256 838 1303 876 ad
1332 839 1467 875 31118.

207 902 349 939 19:211
378 900 564 953 δύναμιν
589 900 668 954 τὴν
691 900 895 952 τοιαύτην
922 902 961 940 h.
989 914 1025 941 e.
1052 899 1131 953 τὴν
1157 902 1235 940 τοῦ
1265 897 1551 950 ἐνδεχομένου.

206 965 353 1002 19a20
378 963 430 1004 τὰ
458 962 503 1004 δὲ
522 994 533 1006 .
557 994 569 1005 .
590 994 601 1006 .
626 967 666 1002 in
699 965 787 1003 aliis
824 976 918 1002 vero
953 964 1118 1002 aiterum
1158 967 1220 1002 est
1247 964 1496 1002 verisimilius
1523 968 1562 1002 et
1588 964 1689 1003 solet

259 1028 431 1075 evenire,
458 1039 587 1077 neque
614 1031 743 1065 tamen
770 1027 995 1066 necessario
1022 1027 1164 1065 evenit.

206 1089 351 1127 19a23
379 1089 508 1137 Quum
536 1089 680 1141 aliquid
709 1092 794 1136 est,
829 1102 994 1128 necesse
1033 1093 1095 1128 est
1131 1089 1170 1127 id
1196 1101 1298 1131 ,esse
1335 1089 1415 1128 tale
1450 1089 1562 1140 quale
1600 1093 1687 1127 est:

258 1152 442 1200 quoniam
481 1152 585 1191 enim
622 1153 702 1190 tale
740 1155 824 1199 est,
861 1165 936 1190 non
973 1156 1106 1202 potest
1143 1152 1303 1201 cogitari
1341 1157 1486 1190 utnon
1514 1153 1567 1189 sit
1595 1151 1688 1198 tale,

255 1225 384 1264 neque
427 1217 558 1253 tamen
602 1219 814 1266 propterea
850 1215 1072 1253 necessario
1107 1219 1200 1252 sunt
1237 1215 1365 1252 omnia
1402 1215 1529 1265 qualia
1568 1219 1686 1252 sunt:

255 1288 423 1326 namque
451 1290 569 1315 esse
597 1278 676 1315 dici
703 1281 890 1328 poterunt
927 1277 1000 1323 (ita
1036 1276 1156 1315 intell.
1186 1281 1227 1314 nt
1254 1274 1397 1325 „esse”
1426 1289 1502 1315 non
1529 1281 1688 1326 tempus

255 1351 445 1389 praesens
483 1340 552 1378 sed
584 1340 772 1378 aoristum
802 1340 1020 1391 significet)
1051 1342 1091 1376 et
1117 1351 1370 1389 quaecunque
1397 1339 1602 1389 aiiquando
1632 1338 1690 1376 sa-

259 1405 322 1439 cta
358 1406 514 1440 suntet
541 1415 797 1452 quaecunque
833 1415 1003 1452 unquam
1042 1407 1134 1440 sunt
1161 1402 1314 1448 futura,
1348 1403 1560 1440 necessitas
1597 1413 1691 1439 vero

259 1476 337 1502 non
377 1469 439 1502 est
474 1466 546 1503 nisi
584 1466 623 1503 in
664 1466 782 1504 rebus
819 1465 1117 1515 praesentibus,
1155 1469 1196 1503 et
1232 1464 1270 1502 in
1305 1465 1368 1502 his
1403 1477 1478 1502 non
1508 1464 1582 1501 nisi
1610 1467 1691 1501 tum

261 1538 378 1575 quum
419 1528 627 1566 exsistunt.
691 1527 801 1575 Quae
838 1540 958 1576 quum
994 1528 1048 1564 ita
1075 1527 1175 1573 sint,
1204 1531 1270 1564 aut
1297 1527 1596 1564 affirmationem
1626 1528 1692 1562 aut

263 1589 508 1637 negationem
536 1601 668 1626 veram
697 1601 786 1627 esse
815 1601 980 1627 necesse
1007 1589 1102 1636 erit,
1144 1588 1236 1638 quia
1264 1601 1328 1627 res
1356 1589 1441 1639 ipsa
1468 1594 1535 1626 aut
1562 1588 1692 1625 futura

261 1655 322 1689 est
349 1656 415 1689 aut
440 1651 573 1688 futura
600 1663 674 1688 non
711 1656 792 1697 est,
830 1663 958 1699 neque
995 1656 1125 1688 tamen
1161 1652 1408 1688 dirimentem
1445 1651 1607 1687 aiteram
1644 1650 1692 1686 ab

261 1714 385 1751 altera
411 1725 526 1751 unam
555 1725 687 1750 veram
717 1713 850 1749 dicere
877 1711 1031 1755 iicebit,
1061 1709 1222 1747 aiteram
1251 1711 1404 1757 falsam,
1432 1712 1560 1749 adhue
1589 1712 1691 1749 enim

259 1775 452 1813 incertum
481 1778 544 1811 est
570 1774 674 1823 quod
703 1777 934 1811 eventurum
964 1772 1028 1809 sit.
1074 1772 1297 1809 Aristotelis
1314 1773 1430 1810 verba
1451 1774 1566 1823 plana
1588 1778 1692 1822 sunt,

258 1838 336 1876 nini
374 1837 479 1887 quod
517 1835 730 1873 infinitivus
767 1847 824 1873 vs.
853 1836 905 1872 29
945 1833 1135 1873 διελόντα
1169 1845 1218 1884 γε
1244 1832 1373 1873 εἰπεῖν
1400 1836 1594 1886 duplicem
1624 1847 1693 1873 ex-

257 1900 430 1951 plicandi
449 1899 642 1936 rationem
660 1898 853 1936 admittit:
877 1899 1019 1936 etenim
1039 1902 1106 1936 ant
1123 1897 1175 1934 ita
1195 1898 1348 1947 positus
1369 1902 1443 1942 est,
1459 1903 1502 1936 ut
1522 1897 1694 1934 1:360h6

259 1959 477 2001 τουτέστιν
514 1957 560 2000 ἓν
587 1959 801 2011 κεφαλαίῳ
829 1958 959 1999 εἰπεῖν
984 1959 1012 2012 ἥ
1039 1961 1074 1999 τ’
1103 1953 1352 2009 εὐδαιμονία
1380 1958 1450 1998 καὶ
1475 1959 1526 1999 τὰ
1553 1958 1692 2009 μόρια.

260 2027 369 2063 101a
385 2027 434 2062 19
451 2022 643 2062 καθόλου
666 2022 705 2062 δ’
727 2021 868 2061 εἰπεῖν.
898 2025 1068 2061 116b19
1090 2020 1230 2068 ἁπλῶς
1249 2020 1286 2060 δ’
1307 2021 1449 2067 εἰπεῖν,
1475 2022 1526 2061 cf.
1549 2024 1693 2060 ⁷5b23

258 2089 334 2141 τῆς
361 2076 502 2133 ἅπλῶς
529 2085 660 2125 εἰπεῖν
686 2084 949 2133 ἀποδείξεως,
978 2087 1017 2124 ἰη
1045 2086 1184 2136 quibus
1214 2085 1386 2123 adverbii
1414 2085 1544 2122 iocum
1571 2089 1694 2134 tenet,

259 2155 327 2190 aut
365 2150 489 2201 (quod
527 2151 651 2199 magis
679 2150 829 2200 piacet)
859 2149 1007 2200 pendet
1035 2161 1083 2186 ex
1111 2146 1243 2194 ἔστιν,
1273 2148 1377 2198 quod
1404 2147 1521 2184 facile
1548 2147 1694 2185 inteili-

262 2215 380 2264 gitur,
419 2212 472 2252 οὐ
508 2210 653 2264 μέντοι
690 2211 880 2252 διελόντα
913 2223 962 2262 γε
998 2210 1109 2249 ἔστιν
1135 2209 1265 2250 εἰπεῖν
1289 2240 1298 2251 .
1320 2239 1330 2250 .
1353 2239 1363 2249 .
1394 2210 1479 2248 Alia
1506 2210 1606 2248 ratio
1634 2214 1696 2248 est

262 2278 462 2316 1281b2⁷
498 2275 547 2316 τὸ
584 2274 662 2326 μὲν
687 2274 768 2327 γὰρ
797 2274 978 2327 μετέχειν
1005 2268 1160 2320 αὐτοὺς
1187 2274 1272 2313 τῶν
1299 2271 1443 2323 ἀρχῶν
1467 2272 1552 2310 τῶν
1579 2270 1695 2322 μεγίμ

262 2346 374 2379 στων
412 2339 492 2379 οὐκ
531 2338 716 2390 ἀσφαλές
755 2338 843 2393 (διά
879 2351 923 2378 τε
960 2336 1041 2388 γὰρ
1069 2337 1238 2377 ἀδικίαν
1264 2333 1335 2377 καὶ
1363 2335 1417 2375 δι’
1446 2334 1695 2386 ἀφροσύνην

261 2401 313 2442 τὰ
349 2400 426 2453 μὲν
461 2402 622 2442 ἀδικεῖν
662 2401 716 2442 ἂν
741 2401 792 2442 τὰ
819 2402 857 2442 δ’
886 2400 1142 2454 ἁμαρτάνειν
1171 2399 1368 2446 αὐτούς),
1394 2397 1442 2438 τὸ
1470 2397 1514 2437 δὲ
1541 2397 1597 2449 μὴ
1625 2410 1693 2449 με-

263 2466 487 2507 ταδιδόναι
513 2464 619 2519 μηδὲ
644 2464 826 2518 μετέχειν
852 2465 1059 2517 φοβερόνε
1088 2466 1262 2503 indicare
1289 2464 1392 2501 enim
1422 2462 1574 2500 videtur
1602 2474 1692 2511 par-

259 2531 380 2569 ticula
393 2532 448 2570 ἄν
467 2544 557 2570 eum
577 2532 615 2569 in
638 2536 770 2569 mente
787 2531 972 2570 habuisse
997 2527 1106 2575 εἰκὸς
1130 2526 1182 2568 ἂν
1204 2526 1266 2579 εἴη
1286 2526 1346 2564 vei
1367 2526 1471 2563 aliud
1491 2525 1581 2574 quid
1611 2525 1690 2562 hu-

259 2594 443 2640 iusmodi,
468 2594 571 2645 quod
595 2607 828 2644 quamquam
853 2607 928 2632 non
956 2593 1104 2644 poterit
1131 2592 1219 2630 elici
1248 2603 1270 2628 e
1296 2589 1423 2627 verbis
1452 2586 1530 2627 οὐκ
1557 2585 1692 2637 ἀσφα-

259 2654 348 2702 λές,
377 2662 531 2706 tamen,
568 2658 659 2707 quia
699 2657 839 2696 similis
879 2662 1074 2695 structura
1113 2659 1154 2693 et
1190 2651 1406 2707 praecessit
1434 2657 1475 2689 et
1503 2652 1692 2700 sequitur,

259 2717 449 2765 infinitivi,
467 2733 701 2770 quamquam
722 2720 867 2759 habent
895 2719 1000 2770 quod
1029 2717 1214 2764 offendat,
1243 2715 1340 2753 ferri
1369 2717 1563 2764 poterunt.
1606 2713 1691 2751 Ma-

259 2780 385 2820 iorem
413 2782 685 2822 difficultatem
713 2783 835 2822 habet
859 2782 1071 2822 infinitivus
1099 2779 1296 2826 478521,
1325 2777 1413 2827 qnia
1440 2789 1566 2827 neque
1594 2788 1693 2826 quae
