1884 3100
693 186 1032 222 ΠΡΟΤΕΡΩΝ
1058 188 1099 222 Α.
1534 186 1616 227 155

163 286 294 335 παντὶ
309 286 385 334 καὶ
394 284 548 349 μηδενὶ
556 282 783 346 ὑπάρχειν.
817 282 917 345 ὅροι
933 288 1020 332 τοῦ
1035 284 1189 349 μηδενὶ
1199 282 1414 346 ὑπάρχειν
1424 285 1615 333 λευκόν-

164 354 366 413 κύκνος·
379 354 532 412 λίθος·
555 357 639 400 τοί
659 355 707 400 ὁὲ
726 354 855 400 παντὶ
875 351 962 400 οὐκ
982 354 1100 400 ἔσται
1120 357 1268 414 λαβεῖν
1286 351 1361 399 διὰ
1372 350 1456 416 τὴν
1469 351 1615 417 αὐτὴν

165 423 308 469 αἰτίαν
328 419 465 485 ἥνπερ
485 420 718 504 πρότερον,
740 417 836 467 ἄλλ’
847 420 894 466 ἐκ
904 438 988 467 του
973 419 1262 480 ιῖδιορίστου
1272 421 1478 468 δεικτέον.
1508 422 1546 468 εἰ
1563 422 1612 468 δὲ

163 488 217 537 τό
238 489 450 537 καθόλου
461 487 574 548 πρὸς
586 487 638 535 τὸ
649 485 864 535 ἕλαττον”
834 506 974 548 ακρον
984 489 1086 543 ἐστι’,
1108 487 1246 535 καὶτὰ
1261 493 1314 536 Μ
1316 507 1377 535 τω
1386 490 1511 577 μέν’-Ζ
1480 520 1516 540 μ..
1485 488 1613 552 “4⁶22-

164 558 257 604 δενὶ
284 560 346 622 τῷ
376 558 423 602 δὲ
455 558 505 602 Ν
530 557 611 602 τινὶ
646 553 708 618 μή
740 553 942 616 ὑπάρχει,
974 556 1186 617 ἐνδέχεται
1214 555 1267 604 τό
1299 559 1350 604 Ν
1375 575 1437 622 τῳ
1469 556 1509 609 Ξ
1536 557 1612 603 καὶ
1629 574 1665 601 so

162 625 291 671 παντὶ
304 623 378 669 καὶ
395 624 550 685 μηδενὶ
558 620 783 683 ὑπάρχειν.
805 620 904 681 ὅροι
922 627 1007 670 τοῦ
1030 622 1247 685 ὑπάρχειν
1265 623 1461 671 λευκόν-
1474 627 1614 690 ζῶον-

163 689 321 751 κοραξ,
331 708 415 737 του
423 708 485 752 μη
498 687 709 751 ὑπάρχειν
719 689 915 737 λευκόν·
926 691 1088 748 λίθος·
1102 690 1256 750 κόραξ.
1269 711 1306 738 ει
1297 692 1365 738 ’δε
1378 710 1614 755 κατηγορι-

162 759 238 804 καὶ
257 759 302 804 αὶ
322 756 568 817 προτάσεις,
591 756 694 817 ὅροι
713 761 798 804 τοῦ
817 778 844 818 μ
852 777 878 820 η
896 756 1111 818 ὑπάρχειν
1123 759 1323 805 λευκόν-
1335 763 1482 824 ζῶον·
1494 758 1614 820 χιών,

161 829 248 872 τοῦ
255 823 467 892 ὑπάρχειν
478 824 670 872 λευκόν-
678 829 817 891 ζῶον·
825 825 1005 910 κύκνος.
1017 825 1218 887 φανερὸν
1226 844 1326 880 ουν,
1340 824 1448 873 ὅταν
1459 824 1615 886 ὁμοιο-

162 892 379 956 σχήμονες
388 893 495 938 ὠσιν
509 893 554 939 αὶ
564 893 798 951 προτάσεις
806 894 879 939 και
897 891 923 955 ἡ
939 912 1017 954 μεν
1029 892 1275 940 καθόλου
1250 913 1279 954 η
1291 892 1331 940 6'
1340 894 1386 941 ἐν
1395 894 1529 955 μέρει,
1545 891 1614 941 ὅτι
1630 910 1665 938 35

161 958 371 1020 οὐδαμῶς
383 961 451 1021 γίν
453 978 541 1006 εται
555 958 868 1021 συλλογισμός.
894 959 988 1007 ἄλλ’
1005 959 1106 1008 οὐδ’
1120 965 1164 1007 ει
1166 980 1251 1007 τινι
1263 959 1494 1028 ἑκατερω
1464 960 1615 1023 υπάρ-

161 1045 225 1088 χει
256 1024 287 1090 ἢ
320 1024 381 1090 μὴ
405 1025 620 1088 ὑπάρχει,
667 1025 699 1090 ἢ
716 1031 777 1092 τῷ
796 1046 876 1088 μεν
898 1033 959 1094 τῷ
979 1030 1026 1074 δε
1052 1026 1114 1091 μὴ
1143 1025 1176 1090 ἢ
1195 1027 1298 1092 μηδ’
1317 1029 1446 1095 ἑτέρῳ
1469 1030 1613 1086 παντί,

160 1091 192 1158 ἢ
210 1092 481 1153 άὸιοριἍστως
507 1092 608 1152 ὅροι
629 1096 676 1141 δε
700 1096 841 1140 κοινοὶ
856 1095 1033 1142 πάντων
1055 1095 1255 1143 λευκόν·
1271 1099 1419 1162 ζῷον·
1416 1077 1612 1158 ἄνθρω-

160 1176 259 1220 πος,
281 1159 481 1208 λευκόν-
499 1164 643 1243 ζῷον·
655 1160 845 1222 αψυχον.

300 1226 505 1288 Φανερὸν
525 1247 612 1275 ουν
624 1229 769 1275 ἐκτῶν
780 1224 1060 1290 εἰρημένων”
1030 1245 1099 1274 οτι
1111 1227 1239 1275 ἐάντε
1251 1226 1395 1286 οὕτως
1407 1229 1560 1289 εχωσιν
1569 1228 1613 1275 οἱ
1630 1247 1664 1279 Ρ·
1674 1235 1726 1277 ²8.

162 1293 261 1355 ὅροι
300 1294 417 1355 πρὸς
455 1295 680 1378 άλλήλους
708 1294 768 1354 ὦς
803 1297 963 1380 ἐλέχθη
976 1329 988 1350 ,
1023 1296 1185 1356 γίνεται
1227 1294 1532 1357 συλλογισμὸς
1570 1294 1617 1352 ἐξ

162 1361 301 1424 άνάγκ
307 1382 370 1425 ης,
395 1361 450 1409 ἄν
461 1362 495 1410 τ’
507 1383 536 1424 ῃ
519 1357 761 1425 συλλογι
735 1377 791 1423 (ιι
797 1383 862 1420 ος,
876 1361 1046 1425 ἀνάγκη
1058 1361 1142 1409 τοὺ
1143 1382 1168 1420 ς
1181 1360 1322 1422 ὅρους
1334 1362 1479 1421 οὕτως
1491 1364 1613 1424 ἔχειν.

162 1432 300 1493 δῆλον
318 1432 364 1477 ὄε
385 1432 458 1476 και
482 1428 549 1477 ὅτι
570 1430 728 1488 πάντες
741 1408 903 1487 άτελεῒς
922 1431 1033 1477 εἰσὶν
1056 1431 1100 1476 οἱ
1117 1431 1163 1477 ἐν
1179 1449 1258 1478 τοι
1252 1432 1325 1496 ’τῳ
1343 1436 1405 1478 τῶ
1426 1429 1616 1494 σχήιιατι

162 1499 458 1560 συλλογισμοί
485 1498 670 1560 (πάντες
700 1496 784 1560 γὰρ
823 1500 1120 1545 ἐπιτελοῦνται
1151 1501 1614 1559 προσλαμβανομένων
1629 1514 1648 1542 5

162 1569 305 1621 τινῶν,
339 1562 367 1611 ἱι
400 1562 428 1628 ἢ
459 1565 690 1627 ἐνυπάρχει
722 1571 817 1622 τοῖς
849 1563 974 1626 ὅροις
998 1563 1092 1620 ἐξ’
1064 1565 1260 1630 ανάγκης
1284 1564 1312 1630 ἢ
1335 1567 1528 1614 τίθενται
1551 1585 1616 1624 ως

161 1630 524 1690 ὑποθέσεις,οἷον
534 1631 642 1680 ὅταν
652 1631 724 1680 διὰ
735 1653 818 1680 του
799 1632 1057 1680 άόυνάτου
1065 1633 1219 1680 damst
1210 1636 1376 1697 ταμεν),
1389 1637 1463 1681 καὶ
1475 1631 1544 1681 ὅτι
1554 1652 1615 1682 ου

162 1701 322 1762 γίνεται
343 1699 646 1761 καταφατικὸς
667 1698 969 1762 συλλογισμὸς
990 1698 1063 1746 διὰ
1086 1701 1256 1748 τούτου
1271 1706 1356 1749 τοῦ
1379 1702 1615 1764 σχήματος,

165 1765 279 1813 ἀλλὰ
301 1766 459 1824 πάντες
476 1769 743 1829 στερητικοί,
779 1769 853 1814 καὶ
872 1768 916 1813 οἱ
936 1765 1148 1821 καθόλου
1171 1770 1247 1814 καὶ
1266 1770 1310 1815 οὶ
1334 1767 1446 1815 κατὰ
1467 1770 1614 1829 μέρος.

296 1833 402 1881 Ἐαν
431 1835 477 1881 ὁε
490 1839 551 1901 τῷ
580 1833 701 1898 αὐτῷ
731 1832 784 1881 τὰ
816 1853 896 1895 μεν
922 1836 1051 1880 παντὶ
1081 1833 1134 1881 τὸ
1171 1837 1218 1881 δε
1239 1838 1394 1899 μηδενὶ
1419 1834 1613 1897 ὑπάρχῃ,
1640 1839 1674 1883 6

166 1897 197 1964 ἢ
225 1899 358 1962 ἄμφω
388 1904 516 1948 παντὶ
546 1922 574 1965 η
616 1902 782 1965 μηδενί,
814 1900 867 1948 vd
899 1920 979 1962 μεν
1002 1906 1148 1963 σχῆμα
1177 1900 1229 1949 τὸ
1257 1922 1468 1950 τοιουτον
1487 1907 1615 1950 καλω
1641 1921 1675 1949 11

163 1969 322 2028 τρίτον,
341 1969 478 2028 μέσον
496 1967 536 2016 6'
558 1969 603 2016 ἐν
626 1968 748 2034 αὐτῷ
764 1969 875 2030 λέγω
894 1967 1002 2015 καθ’
1024 1972 1083 2016 οὑ
1100 1967 1235 2030 ἄμφω
1253 1989 1308 2016 τα
1327 1970 1613 2033 κατηγορού-

163 2054 285 2096 μενα,
307 2033 421 2094 ἄκρα
438 2037 485 2083 ὄε
505 2034 558 2082 τὰ
577 2036 955 2098 κατηγορούμενα,
978 2040 1125 2096 μεῖζον
1144 2035 1184 2083 6’
1202 2056 1344 2096 ακρον
1357 2036 1409 2085 τὸ
1431 2037 1612 2098 ποῤῥώ·

163 2121 292 2163 τερον
309 2108 392 2150 τοῦ
414 2104 571 2164 μέσου,
587 2104 764 2151 ελαττον
775 2105 822 2151 ὁε
835 2122 886 2150 το
871 2101 1142 2164 ἐγγύτερον.
1173 2106 1339 2151 τίθεται
1353 2107 1400 2152 ὁε
1415 2104 1467 2152 τὸ
1478 2107 1615 2166 μέσον

165 2169 244 2226 ἔξω
255 2190 332 2231 μεν
345 2174 431 2217 τῶν
443 2190 604 2230 ακρων,
617 2172 796 2233 εσχατον
805 2172 852 2218 δε
863 2190 917 2232 τῃ
899 2171 1067 2218 θέσει.
1101 2172 1267 2230 τέλειος
1279 2192 1358 2234 μεν
1373 2166 1459 2220 οὖν
1469 2192 1529 2219 ου
1517 2171 1611 2234 'yt—
1628 2193 1663 2221 15

164 2256 281 2285 νεται
298 2237 595 2299 συλλογισμὸς
607 2237 705 2285 οὕὸ’
717 2239 763 2286 ἐν
775 2257 919 2286 τουτο)
930 2243 1012 2322 τῷ
1002 2253 1044 2284 6
1031 2259 1202 2302 χηιιατι,
1223 2238 1418 2297 δυνατὸς
1437 2239 1478 2286 6’
1494 2241 1612 2288 εσται

166 2307 239 2351 καὶ
252 2305 463 2352 καθόλου
478 2325 550 2352 και
575 2305 636 2368 μὴ
657 2306 868 2354 καθόλου
878 2311 963 2353 τῶν
984 2305 1104 2366 ὅρων
1120 2306 1261 2354 ὄντων
1271 2306 1384 2366 πρὸς
1395 2305 1444 2353 τό
1460 2307 1610 2368 μέσον.

164 2372 372 2421 καθόλου
390 2392 468 2435 μεν
493 2367 580 2421 οὖν
600 2372 755 2431 ὄντων,
777 2372 884 2421 ὅταν
903 2376 978 2420 καὶ
998 2372 1051 2422 τὸ
1067 2378 1118 2421 Π
1135 2377 1210 2422 καὶ
1230 2373 1281 2422 τὸ
1305 2379 1347 2422 Ρ
1359 2376 1616 2441 παντὶτῷΣ

257 2570 303 2603 27
319 2567 362 2604 τὰ
388 2570 423 2603 G.
448 2589 495 2598 -
526 2573 571 2607 32
598 2571 635 2607 εἰ
651 2570 705 2615 δε]
733 2568 860 2614 ἐπειδὴ
886 2571 990 2605 ι1.·-
1023 2572 1067 2606 33
1085 2585 1199 2616 χιων.
1211 2571 1360 2628 ..ζῷον
1362 2583 1418 2605 om
1442 2583 1484 2616 pr
1503 2572 1542 2609 C.
1566 2592 1612 2599 —

167 2614 320 2672 34τοιῖ]
331 2616 398 2650 τοῦ
419 2615 459 2651 δε
478 2630 513 2650 rc
537 2619 572 2651 C.
598 2635 644 2643 --
681 2631 739 2653 οτι
766 2614 832 2652 ἐὰν
863 2618 907 2659 C,
940 2615 1000 2652 ὅτι
1021 2630 1066 2650 αν
1087 2618 1121 2650 d.
1148 2637 1188 2644 ——
1225 2619 1268 2651 35
1285 2616 1482 2652 ὑπόκειται
1506 2617 1542 2652 d.
1564 2638 1612 2645 —

167 2657 255 2694 37*
231 2673 254 2704 η
274 2658 324 2717 μὴ
341 2659 499 2716 ὑπάρχει
515 2675 570 2697 om
587 2675 610 2696 u
631 2671 666 2696 et
683 2676 725 2709 pr
747 2664 789 2697 Β.
806 2682 847 2688 -
871 2661 941 2706 μέν
958 2675 1031 2697 τινι
1045 2663 1098 2709 τῷ
1118 2663 1142 2696 i.
1160 2682 1206 2689 —
1227 2663 1415 2712 μηδετέρῳ
1427 2663 1611 2708 Aecum,

166 2705 250 2750 μηδ’
270 2706 430 2765 εκατέρῳ
450 2709 475 2742 ι’.

254 2751 344 2785 28⁸3
364 2752 430 2787 ἐὰν
445 2755 495 2788 Οἱ.
507 2772 552 2780 -
570 2749 634 2787 4⁶
612 2766 670 2788 οτι
682 2751 745 2787 καὶ
765 2752 826 2786 ΟιΙ.
843 2772 884 2779 -
902 2750 1016 2787 9ιὶλλ’“
1021 2749 1183 2793 απαντες
1199 2754 1236 2787 C.
1249 2773 1295 2781 —
1307 2751 1385 2789 lo'‘
1363 2768 1454 2790 οταν
1468 2753 1510 2790 δε
1522 2755 1609 2790 d.—

171 2796 211 2829 ]l
231 2798 382 2832 τοιοῦτο
400 2800 441 2833 Β.
455 2817 501 2824 -
516 2801 556 2833 12
575 2795 693 2855 ἄμφω
718 2801 977 2842 κατηγορεῖται
998 2799 1099 2832 Marc
1113 2800 1192 2833 231.
1210 2801 1306 2834 -13
1299 2800 1588 2859 πορρωτέρω..

170 2838 349 2889 ἐγγυτέρω
370 2856 405 2878 π.
424 2862 467 2871 -
489 2845 531 2879 17
545 2857 613 2890 μεν
629 2844 749 2882 ὄντων
760 2844 834 2879 τῶν
853 2844 952 2891 ὅρων
970 2845 1005 2879 C.
1017 2863 1062 2871 —
1081 2846 1124 2879 18
1140 2841 1244 2890 ὅταν]
1261 2859 1336 2881 των
1350 2844 1608 2894 ὅρων,ὅτανπ.
