1838 3086
704 178 1007 225 categoriae.
1536 179 1619 220 319

156 286 290 324 motus
317 291 465 332 genera
493 280 811 329 enumeraverit,
851 292 975 330 quum
1003 279 1193 326 (201218)
1231 277 1380 324 dixerit
1410 276 1619 330 κινήσεως

155 344 229 387 καὶ
256 343 494 397 μεταβολῆς
523 340 638 383 ἐστὶν
666 342 755 395 εἴδη
783 345 974 383 τοσαῦτα
1003 337 1190 383 ὅσα,τοῦ
1212 342 1350 389 ὄντος.
1391 340 1617 381 Difficunas

156 411 310 451 tollitur
337 422 399 456 eo,
427 409 532 460 quod
571 409 638 447 ubi
665 408 744 448 hoc
771 409 870 446 dicit
896 407 1149 447 subtiliorem
1175 408 1228 447 de
1257 413 1367 445 motu
1395 406 1617 445 doctrinam

156 476 330 516 nondum
368 474 555 512 tradidit:
601 485 724 523 quare
758 472 858 511 dicit
893 472 1180 519 „videntur
1220 472 1382 522 quidem
1421 474 1482 510 tot
1532 483 1619 509 mo-

156 546 222 579 tu·
251 535 395 590 genera
424 542 522 588 quot
550 537 837 586 categoriarum
855 565 864 583 ‚
901 549 1140 586 quamquam
1168 549 1214 574 re
1241 536 1462 576 accuratius
1490 540 1531 574 et
1559 535 1618 573 di-

154 604 339 655 ligentius
367 613 563 653 perpensa
591 600 801 650 apparebit
836 612 913 638 non
951 600 1038 638 fieri
1069 612 1190 650 posse
1217 603 1368 638 motum
1399 600 1620 639 secundum

156 666 346 717 quasdam
376 663 647 715 categoriaff,
686 663 789 714 quod
834 664 1094 702 manifestum
1133 665 1209 702 erit
1248 676 1298 702 ex
1334 664 1384 701 iis
1424 676 1527 714 quae
1554 676 1620 703 se-

157 736 345 782 quuntur.
391 731 533 767 225³?
555 726 721 779 ἀνάγκη
741 725 787 767 ἐκ
807 728 895 768 τῶν
915 726 1151 779 εἰρημένων
1170 729 1283 778 τρεῖς
1303 722 1414 767 εἶναι
1438 727 1620 779 μεταβο-

158 793 255 843 λάς,
284 792 363 845 τήν
383 805 426 832 τε
446 788 486 841 ἐξ
509 789 797 843 ὑποκειμένου
818 791 875 840 εἰς
894 790 1178 844 ὑποκείμενον
1195 790 1268 832 καὶ
1288 790 1367 844 τὴν
1388 788 1429 841 ἐξ
1447 790 1620 832 ὑποκει-

159 855 294 911 μένου
315 856 374 905 εἰς
393 855 449 909 μὴ
472 855 771 907 ὑποκείμενον,
789 855 862 897 καὶ
881 854 960 910 τὴν
984 855 1029 898 ἐκ
1044 856 1102 911 μὴ
1124 854 1412 908 ὑποκειμένου
1434 855 1493 904 εἰς
1510 855 1620 896 ὐπο-

156 923 365 975 κείμενον.
393 920 422 974 ἡ
438 920 520 973 γὰρ
537 921 617 961 οὐκ
630 918 671 970 ἐξ
681 919 967 973 ὑποκειμένου
987 921 1045 969 εἰς
1064 920 1122 975 μὴ
1132 921 1419 973 ὑποκείμενον
1439 921 1521 962 οὐκ
1538 920 1623 962 ἔστι

157 985 370 1040 μεταβολὴ
390 985 460 1026 διὰ
482 985 530 1026 τὸ
544 984 601 1039 μὴ
617 981 726 1026 εἶναι
745 988 835 1026 κατ’
856 986 1076 1027 ἀντίθεσιν
1090 998 1098 1006 ·
1119 989 1217 1027 οὔτε
1233 985 1316 1038 γὰρ
1337 983 1510 1026 ἐναντία
1523 987 1622 1026 οὔτε

157 1051 385 1104 ἀντίφασίς
399 1049 524 1091 ἐστιν.
553 1050 582 1103 ή
598 1048 677 1101 μὲν
692 1046 773 1091 οὖν
789 1050 869 1091 οὐκ
893 1049 934 1100 ἐξ
954 1049 1244 1103 ὑποκειμένου
1265 1050 1324 1098 εἰς
1337 1049 1623 1102 ὑποκείμενον

156 1115 369 1170 μεταβολὴ
387 1116 480 1156 κατ’
502 1115 735 1167 ἀντίφασιν
755 1115 917 1167 γένεσίς
939 1115 1054 1157 ἐστιν
1076 1147 1085 1157 .
1105 1145 1114 1155 .
1136 1147 1146 1156 .
1168 1115 1197 1169 ἡ
1211 1115 1249 1156 δ’
1271 1113 1312 1166 ἐξ
1333 1112 1623 1168 ὑποκειμένου

156 1181 216 1230 εἰς
244 1181 324 1234 οὐχ
350 1179 636 1231 ὑποκείμενον
663 1181 827 1232 φθορά.
884 1182 936 1221 lb.
962 1195 1018 1220 vs.
1038 1183 1089 1220 34
1125 1179 1213 1221 ἐπεὶ
1242 1179 1288 1220 δὲ
1315 1184 1432 1225 πᾶσα
1460 1180 1626 1233 κίνησις

156 1246 371 1299 μεταβολή
399 1259 473 1298 τις,
501 1243 735 1296 μεταβολαὶ
764 1243 811 1286 δὲ
836 1247 950 1296 τρεῖς
978 1244 1025 1285 αἱ
1051 1244 1281 1297 εἰρημέναι,
1310 1245 1480 1286 τούτων
1506 1243 1555 1289 δὲ
1580 1243 1627 1285 αἱ

157 1310 266 1353 κατὰ
294 1309 460 1363 γένεσιν
487 1309 560 1350 καὶ
587 1309 765 1362 φθορὰν
793 1309 846 1351 οὐ
874 1310 1073 1364 κινήσεις,
1104 1302 1231 1351 αὗται
1258 1309 1297 1351 δ’
1326 1308 1434 1356 εἰσὶν
1462 1309 1509 1352 αἱ
1532 1310 1624 1350 κατ’

156 1375 403 1426 ἀντίφασιν,
432 1374 597 1427 ἀνάγκη
625 1373 705 1428 τὴν
733 1372 776 1424 ἐξ
801 1373 1090 1427 ὑποκειμένου
1115 1375 1172 1424 εἰς
1194 1374 1482 1426 ὑποκείμενον
1501 1388 1623 1426 μετα-

158 1438 295 1493 βολὴν
322 1439 488 1492 κίνησιν
516 1435 628 1480 εἶναι
653 1439 794 1492 μόνην
816 1471 827 1481 .
850 1471 858 1480 .
883 1470 894 1480 .
921 1439 957 1481 εἰ
986 1435 1068 1481 οὖν
1095 1439 1141 1480 αἱ
1166 1439 1420 1492 κατηγορίαι
1449 1439 1625 1495 διῄρην-

155 1519 226 1545 ται
252 1503 379 1558 οὐσίᾳ
405 1502 478 1544 καὶ
503 1503 697 1557 ποιότητι
722 1503 796 1545 καὶ
822 1509 880 1556 τῷ
899 1507 988 1545 ποῦ
1016 1503 1089 1545 καὶ
1107 1509 1166 1557 τῷ
1197 1504 1299 1545 ποτὲ
1326 1503 1399 1547 καὶ
1426 1506 1486 1560 τῷ
1517 1504 1625 1555 πρός

156 1582 198 1609 τι
223 1566 297 1609 καὶ
323 1569 382 1624 τῷ
409 1572 531 1621 ποσῷ
558 1566 630 1609 καὶ
656 1570 716 1622 τῷ
743 1572 884 1609 ποιεῖν
910 1568 937 1621 ἢ
966 1569 1156 1621 πάσχειν,
1184 1569 1351 1621 ἀνάγκη
1372 1572 1486 1620 τρεῖς
1515 1565 1625 1610 εἶναι

155 1633 362 1686 κινήσεις,
399 1633 479 1686 τήν
516 1646 560 1673 τε
587 1636 667 1674 τοῦ
694 1636 826 1674 ποιοῦ
855 1639 978 1684 (quae
1006 1636 1058 1674 de
1088 1636 1187 1674 coel.
1218 1637 1392 1674 310a24
1420 1636 1567 1676 dicitur
1593 1632 1623 1686 ἦ

155 1700 249 1739 κατ’
277 1693 391 1744 εἶδος
417 1697 603 1748 κίνησις)
642 1696 715 1743 καὶ
743 1695 823 1750 τὴν
849 1700 929 1741 τοῦ
957 1701 1099 1740 ποσοῦ
1127 1697 1200 1739 καὶ
1227 1697 1307 1750 τὴν
1333 1696 1442 1740 κατὰ
1469 1697 1619 1739 τόπον.

156 1765 303 1806 22685
339 1759 387 1802 ἐν
422 1758 584 1814 ἑκάστῳ
619 1761 702 1814 γάρ
742 1759 829 1802 ἐστι
864 1761 1032 1801 τούτων
1061 1759 1321 1810 ἐναντίωσις.
1377 1761 1407 1815 ἦ
1434 1760 1514 1814 μὲν
1541 1757 1623 1803 οὖν

156 1825 266 1868 κατὰ
292 1825 342 1867 τὸ
369 1824 497 1866 ποιὸν
524 1826 691 1878 κίνησις
717 1825 943 1873 ἀλλοίωσις
970 1823 1077 1867 ἔστω
1098 1858 1107 1866 .
1130 1858 1138 1867 .
1162 1857 1172 1867 .
1201 1826 1230 1880 ἠ
1257 1825 1303 1867 δὲ
1330 1825 1440 1866 κατὰ
1467 1825 1514 1867 τὸ
1542 1839 1619 1867 πο-

159 1891 252 1938 σόν,
280 1891 329 1931 τὸ
357 1889 437 1943 μὲν
463 1890 615 1932 κοινὸν
641 1890 891 1941 ἀνώνυμον,
922 1892 1022 1930 καθ’
1052 1887 1255 1942 ἑκάτερον
1283 1890 1323 1932 δ’
1353 1890 1529 1943 αὔξησις
1549 1889 1622 1931 καὶ

158 1956 323 2008 φθίσις,
352 1954 382 2008 ή
408 1954 487 2005 μὲν
514 1954 574 2003 εἰς
600 1953 650 1996 τὸ
675 1954 835 1996 τέλειον
863 1953 1045 2007 μέγεθος
1072 1956 1259 2007 αὔξησις,
1287 1955 1318 2009 ἦ
1337 1955 1376 1996 δ’
1399 1955 1445 2001 ἐκ
1463 1955 1623 1996 τούτου

158 2020 321 2073 φθίσις.
361 2019 390 2073 ἦ
417 2018 463 2061 δὲ
491 2018 599 2060 κατὰ
626 2019 761 2060 τόπον
788 2018 860 2060 καὶ
887 2020 936 2060 τὸ
963 2019 1114 2061 κοινὸν
1142 2020 1213 2061 καὶ
1239 2020 1289 2061 τὸ
1317 2019 1433 2061 ἰ’διον
1454 2019 1622 2061 ἀνώνυ-

157 2100 250 2139 μσς,
261 2085 366 2126 ἔστω
381 2082 426 2125 δὲ
439 2083 558 2136 φορὰ
570 2083 812 2137 καλουμένη
832 2084 881 2125 τὸ
893 2084 1057 2135 κοινόν,
1086 2087 1138 2125 cf.
1153 2088 1231 2125 243
1244 2089 1319 2131 a6,
1341 2087 1518 2124 406a12
1537 2099 1622 2136 seq.

159 2151 295 2199 Quare
322 2150 442 2188 etiam
476 2149 798 2203 1088a130—2353
835 2154 888 2202 τῇ
917 2150 1101 2203 κινήσει,
1139 2156 1185 2190 ut
1212 2163 1314 2201 quae
1341 2150 1410 2188 fiat
1436 2148 1548 2189 κατὰ
1574 2147 1623 2189 τὸ

159 2212 311 2262 ποσόν,
331 2210 437 2252 κατὰ
464 2212 513 2252 τὸ
542 2212 671 2252 ποιόν
692 2217 733 2251 et
751 2212 860 2254 κατὰ
886 2214 1034 2262 τόπον,
1064 2216 1277 2266 opponitur
1304 2211 1412 2253 κατὰ
1438 2211 1519 2265 τὴν
1546 2212 1621 2254 οὐ-

160 2276 260 2316 σίαν
295 2275 325 2328 ἦ
360 2274 473 2329 ἁπλῆ
509 2274 672 2327 γένεσις
710 2276 783 2318 καὶ
810 2278 975 2330 φθορά.
1032 2280 1273 2317 Adiiciamus
1301 2279 1364 2316 his
1393 2290 1495 2328 quae
1523 2278 1623 2323 dicit

159 2342 228 2380 ubi
263 2347 416 2380 motum
454 2354 531 2380 non
568 2342 768 2387 infinitum
805 2356 896 2382 esse
938 2345 1056 2382 docet
1093 2344 1270 2380 24:3³2&
1305 2341 1394 2380 τῶν
1420 2338 1500 2392 μὲν
1526 2342 1620 2382 κατ’

158 2404 392 2454 ἀντίφασιν
421 2405 671 2458 (κινήσεων)
708 2404 737 2458 ἦ
765 2406 895 2457 φάσις
929 2405 1002 2448 καὶ
1028 2405 1056 2459 ἦ
1085 2404 1304 2455 ἀπόφασις
1329 2403 1487 2456 πέρας,
1526 2399 1620 2450 οἷον

157 2468 362 2522 γενέσεως
398 2468 476 2522 μὲν
503 2469 552 2510 τὸ
591 2471 664 2519 ὄν,
700 2472 872 2522 φθορᾶς
910 2470 956 2512 δὲ
992 2470 1041 2512 τὸ
1069 2469 1127 2523 μὴ
1156 2471 1231 2520 ὄν,
1272 2471 1361 2510 τῶν
1389 2469 1428 2510 δ’
1456 2466 1503 2511 ἐν
1530 2472 1622 2518 τοῖς

159 2531 369 2582 ἐναντίοις
394 2534 446 2575 τὰ
474 2532 660 2576 ἐναντία.
709 2539 846 2577 ταῦτα
872 2535 954 2589 γὰρ
983 2537 1096 2586 ἄκρα
1123 2537 1197 2588 τῆς
1225 2534 1486 2589 μεταβολῆς,
1514 2532 1620 2576 ὥστε

158 2596 232 2645 καὶ
257 2598 521 2648 ἀλλοιώσεως
547 2599 706 2651 πάσης·
744 2597 787 2650 ἐξ
815 2599 1024 2642 ἐναντίων
1052 2600 1134 2653 γάρ
1161 2613 1295 2640 τινων
1321 2599 1351 2653 ἡ
1377 2598 1617 2648 ἀλλοίωσις.

159 2662 318 2716 ὁμοίως
344 2661 391 2705 δὲ
419 2663 492 2706 καὶ
520 2664 734 2718 αὐξήσεως
759 2663 832 2706 καὶ
858 2665 1071 2718 φθίσεως·
1114 2663 1331 2718 αὐξήσεως
1357 2662 1436 2715 μὲν
1460 2663 1545 2718 γὰρ
1570 2663 1619 2705 τὸ

162 2725 294 2780 πέρας
329 2733 410 2771 τοῦ
444 2728 552 2771 κατὰ
588 2729 668 2783 τὴν
698 2728 860 2771 οἰκείαν
887 2730 1023 2781 φύσιν
1049 2729 1210 2771 τελείου
1239 2729 1472 2783 μεγέθους,
1510 2728 1619 2782 φθί-

161 2800 267 2841 σεως
294 2792 340 2835 δὲ
365 2793 395 2848 ἡ
420 2795 582 2837 τούτου
610 2793 816 2843 ἔκστασις.
869 2793 898 2848 ἦ
926 2793 973 2836 δὲ
1001 2793 1119 2847 φορὰ
1146 2793 1260 2837 οὕτω
1287 2793 1366 2849 μὲν
1394 2794 1475 2839 οὐκ
1502 2791 1619 2836 ἔσται
