1780 3100
180 199 259 239 422
693 202 952 246 Analytica
985 202 1157 246 priora.

232 297 292 346 fit,
325 298 401 343 nisi
432 298 649 350 propositio
684 299 905 337 necessaria
932 304 1061 350 neget,
1091 299 1270 350 sequitur
1295 298 1422 337 eidem
1452 301 1663 340 conditioni

234 351 553 401 satisfaciendum
583 373 692 408 esse,
721 361 753 398 si
782 373 852 410 pro
880 362 1045 413 simplici
1074 362 1343 413 propositione
1371 367 1547 401 sumatur
1571 376 1664 414 pos-

235 418 383 471 sibilis,
420 425 510 473 quia
545 423 762 474 propositio
801 425 1001 473 possibilis
1040 425 1194 475 longius
1229 424 1341 462 abest
1378 438 1399 462 a
1426 426 1665 464 necessitate

237 499 349 537 quam
379 487 598 537 propositio
627 486 816 536 simplex:
844 499 963 536 quare
992 492 1036 526 ut
1063 493 1177 525 exeat
1205 486 1349 537 aliquid
1377 489 1588 526 necessarii
1617 500 1666 526 ex

237 561 284 587 eo
313 550 418 597 quod
446 552 616 586 sumtum
646 553 708 586 est
747 553 801 589 nt,
827 549 1036 599 possibile,
1076 550 1219 588 iisdem
1247 555 1355 588 certe
1381 551 1665 588 conditionibus

237 611 557 649 satisfaciendum
594 612 669 649 erit
704 623 804 661 quae
842 612 1086 659 obtinerent,
1125 613 1170 659 si,
1199 612 1302 662 quod
1334 617 1505 650 sumtum
1535 618 1597 652 est
1625 615 1666 650 ut

235 673 438 723 possibile,
475 679 688 724 poneretur
724 674 965 725 simpliciter.
1022 675 1264 725 Quamquam
1302 675 1376 712 ium
1415 687 1463 712 ex
1491 675 1538 714 iis
1566 687 1667 724 quae

235 736 406 774 diximus
436 736 531 774 satis
558 740 722 787 apparet
748 749 822 774 non
850 737 935 774 fieri
964 737 1243 787 syllogismum,
1270 740 1398 774 tamen
1428 742 1504 782 (vs,
1531 740 1582 775 38
1609 736 1667 777 ἔτι

237 794 283 837 δὲ
310 825 319 835 .
343 824 353 834 .
377 801 406 843 ,J
445 799 563 845 etiam
600 800 741 849 probat
775 811 851 836 non
886 799 974 837 fieri
1012 799 1300 837 conclusionem
1336 800 1414 837 τοῦ
1449 797 1667 850 ὑπάρχειν.

236 859 415 910 Namque
462 873 579 911 quum
617 861 947 899 demonstraverit
985 873 1112 910 neque
1148 862 1227 899 τοῦ
1265 858 1505 911 ἐνδέχεσθαι
1540 876 1667 913 neque

235 925 316 962 τοῦ
352 921 589 973 ἀναγκαῖον
625 917 734 962 εἶναι
769 923 857 961 fleri
895 935 1012 973 posse
1050 924 1344 973 syllogismum,
1379 924 1463 962 aliis
1490 925 1667 963 terminis

238 986 379 1032 allatis,
404 986 619 1024 secundum
642 997 739 1034 quos
761 985 959 1023 conclusio
982 997 1071 1023 esse
1093 987 1256 1024 deberet
1282 988 1360 1026 τοῦ
1387 984 1511 1026 παντὶ
1535 985 1667 1038 ὑπάρ-

237 1059 337 1099 χειν,
367 1048 538 1086 ostendit
569 1048 696 1098 colligi
724 1060 799 1086 non
828 1061 947 1099 posse
974 1045 1021 1086 τὸ
1049 1045 1106 1099 μὴ
1133 1046 1356 1100 ὑπάρχειν,
1385 1051 1423 1088 h.
1452 1062 1487 1090 e.
1515 1048 1563 1089 τὸ
1591 1063 1667 1101 μη-

238 1108 327 1149 δενὶ
358 1109 582 1162 ὑπάρχεινε
622 1123 709 1148 nam
744 1108 791 1150 τὸ
818 1107 942 1150 παντὶ
967 1108 1168 1162 ὑπάρχειν
1196 1124 1272 1150 non
1301 1112 1486 1161 concludi¹
1505 1116 1670 1164 apparet

237 1186 286 1212 ex
325 1174 503 1212 terminis
540 1175 619 1212 τοῦ
647 1171 688 1221 ἐξ
715 1172 901 1225 ἀνάγκης
928 1171 984 1226 μὴ
1011 1172 1234 1226 ὑπάρχειν,
1262 1187 1359 1225 quos
1387 1175 1495 1212 dedit
1522 1188 1576 1214 vs,
1604 1178 1667 1214 31.

237 1235 447 1275 Praeterea
467 1237 675 1275 notandum
696 1242 770 1284 est,
790 1238 893 1286 quod
915 1250 970 1276 vs.
991 1239 1043 1274 40
1068 1237 1225 1287 scripsit
1252 1234 1377 1276 παντὶ
1405 1234 1668 1289 ἐνδέχεσθαιε

238 1300 494 1349 exspectabas
523 1300 626 1337 enim
656 1297 803 1350 μηδενὶ
831 1297 1087 1351 ἐνδέχεσθαι,
1119 1299 1223 1350 quod
1253 1313 1371 1350 quum
1401 1300 1562 1338 eandem
1591 1302 1669 1339 vim

235 1362 394 1409 habeat,
423 1375 498 1400 non
527 1365 590 1400 est
618 1364 722 1412 quod
750 1364 937 1403 miremur
965 1361 1132 1403 alterum
1159 1364 1198 1400 in
1227 1363 1390 1401 alterius
1417 1362 1544 1402 locum
1573 1364 1670 1403 sub-

237 1425 420 1462 stitutum
450 1437 553 1463 esse.

186 1488 309 1525 38b3
331 1485 438 1525 ὀὐδὲ
466 1484 518 1538 δὴ
545 1487 632 1526 τῶν
653 1516 661 1526 .
685 1516 695 1526 .
716 1515 726 1525 .
757 1488 1000 1527 Sententiam
1028 1487 1253 1526 Aristotelis
1281 1500 1330 1525 ex
1357 1487 1443 1537 ipsa
1471 1500 1545 1537 qua
1574 1497 1669 1526 usus

238 1554 301 1587 est
340 1551 634 1588 demonstrandi
671 1552 823 1588 ratione
858 1551 1074 1598 intelligere
1110 1549 1216 1588 licet.
1283 1549 1344 1586 Ex
1373 1550 1670 1601 quibuscunque

195 1607 199 1609 ’
237 1612 569 1662 propositionibus
607 1625 683 1649 non
721 1613 807 1649 fieri
836 1612 1104 1662 syllogismum
1124 1609 1337 1659 'probatum
1366 1612 1453 1656 erit,
1482 1612 1514 1648 si
1533 1615 1671 1662 ⁵osten-

238 1673 367 1711 dimus
408 1686 484 1711 non
519 1685 638 1724 posse
674 1674 854 1711 concludi
881 1685 1007 1722 neque
1034 1671 1082 1710 τὸ
1111 1667 1350 1722 ἐνδέχεσθαι
1374 1670 1574 1724 ὑπάρχειν
1601 1687 1670 1712 ne-

238 1749 314 1786 que
333 1734 380 1774 τό
401 1733 604 1786 ὑπάρχειν
626 1748 752 1784 neque
779 1734 826 1774 τὸ
855 1733 896 1784 ἐξ
923 1733 1109 1785 ἀνάγκης
1134 1733 1348 1784 ὑπάρχειν,
1378 1748 1504 1785 neque
1530 1734 1577 1774 τὸ
1606 1732 1671 1774 ἐν·

237 1796 433 1849 δέχεσθαι
469 1797 525 1850 μὴ
561 1796 764 1848 ὑπάρχειν
801 1811 928 1848 neque
964 1797 1011 1837 τὸ
1049 1796 1106 1849 μὴ
1142 1796 1345 1848 ὑπάρχειν
1383 1811 1509 1848 neque
1545 1794 1593 1837 τὸ
1631 1796 1672 1847 ἐξ

238 1860 429 1912 ἀνάγκης
454 1860 511 1913 μὴ
538 1859 751 1912 ὑπάρχειν.
809 1861 883 1898 His
913 1862 1014 1899 enim
1044 1862 1289 1899 continentur
1317 1873 1571 1911 quaecunque
1599 1874 1671 1912 po-

235 1929 370 1963 terunt
406 1925 600 1963 concludi.
678 1923 746 1961 Sin
785 1927 913 1961 autem
954 1923 1170 1960 invenimus
1205 1925 1416 1970 terminos,
1453 1925 1671 1962 secundnm

237 1999 335 2037 quos
358 1987 558 2024 conclusio
579 1999 668 2024 esse
690 1986 854 2024 deberet
881 1986 959 2024 τοῦ
986 1980 1027 2032 ἐξ
1054 1984 1242 2036 ἀνάγκης
1267 1983 1480 2034 ὑπάρχειν,
1509 1986 1671 2023 demon-

238 2052 405 2087 stratum
434 2049 511 2087 erit
538 2061 617 2087 non
650 2060 769 2099 posse
807 2048 939 2098 colligi
976 2060 1075 2098 quae
1112 2056 1274 2098 quarto,
1311 2048 1447 2097 quinto
1484 2051 1523 2084 et
1560 2052 1671 2086 sexto

237 2111 324 2149 loco
353 2111 576 2162 posuimus,
614 2115 749 2149 contra
786 2111 817 2147 si
856 2112 1053 2148 exsistunt
1091 2111 1245 2148 termini
1281 2111 1346 2159 qui
1382 2110 1673 2149 conclusionem

237 2186 327 2213 esse
353 2175 486 2213 volunt
512 2175 591 2213 τοῦ
619 2171 660 2222 ἐξ
697 2171 884 2222 ἀνάγκης
911 2170 967 2224 μὴ
995 2171 1218 2223 ὑπάρχειν,
1253 2174 1459 2224 probatum
1496 2173 1570 2210 erit
1596 2185 1673 2213 non

236 2248 357 2287 posse
384 2238 517 2289 colligi
545 2250 644 2288 quae
672 2232 822 2287 primo,
852 2236 1024 2274 secundo
1052 2242 1091 2274 et
1118 2236 1238 2274 tertio
1267 2236 1352 2272 loco
1382 2235 1671 2273 collocavimus.

237 2301 415 2350 Apparet
436 2301 558 2351 igitur
585 2312 661 2338 non
691 2299 1088 2350 fieri-syllogismum,
1119 2299 1150 2336 si
1178 2299 1419 2336 inveniantur
1446 2298 1603 2336 termini
1631 2301 1673 2336 et

237 2365 316 2402 τοῦ
338 2359 379 2411 ἐξ
407 2361 594 2414 ἀνάγκης
623 2361 823 2414 ὑπάρχειν
851 2367 891 2400 et
918 2364 996 2401 τοῦ
1024 2358 1064 2410 ἐξ
1091 2359 1277 2411 ἀνάγκης
1305 2357 1361 2411 μὴ
1389 2357 1603 2410 ὑπάρχειν,
1628 2364 1673 2398 ut

237 2426 398 2464 dubium
428 2439 517 2465 esse
545 2439 623 2464 non
652 2427 779 2477 possit
807 2438 905 2475 quae
934 2426 1112 2463 dicantur
1140 2422 1184 2463 αἱ
1209 2421 1487 2473 ἀνακείμεναι
1508 2422 1668 2473 φάσεις.

236 2488 355 2528 Patet
386 2490 491 2539 inde,
531 2503 606 2540 qua
631 2490 783 2527 ratione
810 2488 1041 2539 explicanda
1070 2488 1121 2526 sit
1147 2489 1263 2526 lectio
1292 2499 1406 2537 quam
1434 2487 1530 2524 Bkk.
1559 2498 1672 2524 rece-

235 2552 318 2603 pit:
346 2564 459 2601 quae,
486 2565 719 2603 quamquam
753 2552 854 2590 bene
882 2552 1029 2590 habere
1056 2550 1248 2598 videatur,
1270 2554 1402 2587 tamen
1423 2562 1444 2588 a
1466 2550 1577 2588 nobis
1599 2560 1674 2587 non

235 2616 391 2666 servata
428 2620 505 2654 est.
570 2615 670 2654 Nam
703 2614 914 2653 lectionem
942 2612 1114 2663 φάσεων
1140 2625 1216 2652 non
1243 2613 1370 2651 solum
1399 2612 1551 2661 ignorat
1578 2612 1673 2650 Ale-

235 2677 407 2726 xander,
455 2690 688 2729 quamquam
725 2677 965 2728 Philoponus
1003 2677 1200 2728 duplicem
1239 2675 1448 2713 lectionem
1483 2673 1673 2725 agnoscit,

236 2739 309 2779 ned
326 2740 445 2780 etiam
475 2753 523 2780 ex
550 2741 638 2792 ipso
662 2740 812 2781 scholio
836 2734 940 2792 quod
958 2739 1118 2791 scripsit
1138 2742 1224 2778 orta
1238 2737 1394 2777 videtur
1416 2736 1535 2777 lectio
1556 2748 1671 2787 quam
