1826 3112
308 226 387 266 242
826 228 1220 262 ANAAYTIKQN

262 344 297 373 85
312 325 387 370 καὶ
432 323 542 370 ἔνθα
588 324 666 384 μὲν
716 320 804 369 οὐκ
828 365 830 367 ,
857 322 1022 386 ἀνάγκη
1070 323 1287 386 γνώριμον
1327 321 1434 372 εἶναι
1470 323 1522 371 τὸ
1561 324 1728 384 συμπέ-

311 400 479 450 ρασμα,
526 387 632 436 οὐδὲ
670 390 1077 450 προϋπολαμβάνειν
1110 390 1172 448 ὡς
1211 389 1382 437 ἔστιν’Ν
1351 411 1382 453 η
1418 408 1499 436 ου·
1543 390 1649 436 ἔνθα
1684 390 1730 435 δε

313 455 478 518 ἀνάγκη
518 454 576 511 ὡς
612 453 706 501 οὐκ
734 456 858 502 ἔστιν.
917 457 1112 517 διαφέρει
1152 455 1190 502 δ’
1222 455 1353 503 οὐδεν
1382 456 1518 516 φάσιν
1547 453 1576 517 ἢ
1614 454 1730 501 ἀπό-

313 535 452 581 φασιν
478 518 585 566 εἶναι
614 518 665 566 τὸ
698 522 999 582 συμπέρασμα,
1031 521 1123 568 ἀλλ’
1149 521 1309 582 ὁμοίως
1331 523 1412 582 ἔχει
1438 523 1534 581 περὶ
1554 519 1730 580 ἀμφοῖν.

315 586 431 633 ἅπαν
459 588 504 631 δε
538 604 590 631 το
621 590 839 644 δεικτικως
873 589 1181 649 περαινόιιενον
1211 590 1285 634 καὶ
1305 587 1377 634 διὰ
1401 592 1486 634 τοῦ
1508 586 1732 633 ἀδυνάτου

266 671 301 698 40
317 652 600 714 δειχθήσεται,
638 654 711 698 καὶ
743 651 794 698 τό
829 652 900 699 διὰ
931 659 1012 700 τοῦ
1041 654 1265 701 ἀδυνάτου
1293 658 1516 710 δεικτικῶς
1546 651 1618 698 διὰ
1648 655 1733 697 τῶν

318 717 464 765 αὐτῶν
494 716 619 775 όρων.
679 715 784 764 ὅταν
822 721 899 779 μεν
940 719 1022 781 γὰρ
1069 719 1095 766 6
1123 718 1414 779 συλλογισμὸς
1442 720 1486 766 ἐν
1515 723 1575 783 τῷ
1611 716 1733 776 πρώ-

214 808 249 840 p.
259 796 377 848 63τῳ
416 783 598 845 σχήματι
632 784 827 847 γένηται,
865 783 915 831 τὸ
956 784 1120 847 ἀληθές
1160 787 1275 831 ἔσται
1302 786 1346 831 ἐν
1376 789 1439 866 τῷ
1468 785 1582 848 μέσῳ
1613 781 1643 845 ἢ
1670 786 1734 846 τῷ

318 831 504 931 ἐσχάτῳ,
535 847 587 895 τὸ
620 850 698 908 μὲν
723 849 975 913 στερητικὸν
1004 852 1048 897 ἐν
1074 855 1134 915 τῷ
1170 852 1311 914 μέσῳ,
1341 848 1391 895 τὸ
1425 851 1470 895 δὲ
1502 866 1733 910 κατηγορι-

315 914 401 962 κὸν
441 895 484 961 ἐν
515 918 578 978 τῷ
612 915 789 980 ἐσχάτῳ.
857 914 964 962 ὅταν
991 915 1029 962 δ’
1061 917 1106 962 ἐν
1136 920 1200 980 τῷ
1227 916 1343 980 μέσῳ
1371 913 1397 960 6
1424 911 1734 974 συλλογισμός,

315 980 367 1027 τὸ
418 961 583 1061 ἀληθές
632 981 678 1027 ἐν
724 985 784 1046 τῷ
835 981 993 1046 πρώτῳ
1035 982 1103 1028 ἐπὶ
1153 981 1325 1028 πάντων
1359 984 1444 1027 τῶν
1481 978 1736 1062 προβλημά-

286 1063 412 1092 now.
468 1044 573 1091 ὅταν
601 1043 639 1091 δ’
681 1045 726 1092 ἐν
767 1050 830 1111 τῷ
866 1048 1028 1112 ἐσχάτῳ
1067 1046 1093 1094 6
1127 1047 1440 1108 συλλογισμός,
1484 1044 1534 1092 τὸ
1571 1044 1736 1107 ἀληθές
1796 1051 1798 1053 ’

317 1113 362 1159 ἐν
397 1115 461 1176 τῷ
498 1110 654 1193 πρώτῳ
693 1113 766 1157 καὶ
800 1116 864 1176 τῷ
903 1114 1044 1195 μέσῳ,
1084 1112 1137 1159 τὰ
1173 1115 1250 1173 μὲν
1287 1130 1558 1172 καταφατικα
1595 1112 1638 1157 ἐν
1671 1113 1736 1173 τῷ

317 1177 499 1261 πρώτῳ,
538 1175 592 1223 τά
636 1178 683 1223 δὲ
727 1178 952 1240 στερητικά
982 1159 1026 1225 ἐν
1054 1183 1114 1244 τῷ
1149 1180 1278 1243 μέσῳ.
1333 1179 1438 1224 ἔστω
1479 1176 1561 1238 γὰρ
1597 1179 1733 1222 δεδει-

318 1244 476 1304 γμένου
497 1242 549 1289 τὸ
572 1247 610 1289 Α
628 1245 779 1304 μηδενὶ
807 1242 838 1306 ἢ
858 1243 918 1306 μὴ
942 1246 1067 1291 παντὶ
1080 1226 1155 1326 ζτῷ
1184 1248 1220 1290 Β
1239 1242 1310 1290 διὰ
1333 1248 1416 1289 τοῦ
1437 1243 1612 1302 πρώτου
1629 1240 1736 1304 σχή-

273 1395 307 1423 10
321 1374 373 1422 τὸ
408 1377 454 1421 δὲ
488 1379 534 1421 Γ
556 1374 811 1435 ἐλαμβάνετο
852 1380 916 1440 τῷ
942 1395 1019 1436 μεν
1050 1381 1087 1421 Α
1115 1377 1242 1422 παντὶ
1271 1359 1502 1460 ὑπάρχειν,
1532 1377 1594 1438 τῷ
1625 1374 1671 1419 δὲ
1701 1340 1738 1417 Β

321 1440 494 1488 ου’δενί·
523 1438 642 1487 οὕτω
670 1439 753 1502 γὰρ
783 1442 939 1502 ἐγίνετο
967 1441 992 1488 6
1021 1440 1312 1522 συλιλογισμὸς
1341 1442 1413 1486 καὶ
1434 1438 1486 1486 τό
1509 1420 1737 1486 ἀδυνατον.

321 1510 455 1553 τοῦτο
489 1508 535 1552 δὲ
564 1505 615 1552 τὸ
644 1508 777 1565 μέσον
809 1512 968 1569 σχῆμα,
999 1509 1037 1553 εἰ
1062 1506 1113 1553 τὸ
1146 1512 1193 1553 Γ
1213 1511 1274 1571 τῷ
1299 1525 1375 1566 μεν
1400 1510 1437 1551 Α
1459 1507 1584 1552 παντὶ
1612 1508 1672 1569 τῷ
1692 1504 1738 1549 δὲ

322 1577 361 1619 Β
394 1574 544 1635 μηδενὶ
577 1571 773 1631 ὑπάρχει.
804 1575 877 1619 καὶ
898 1572 1090 1634 φανερὸν
1109 1574 1156 1620 ἐκ
1175 1573 1341 1620 τούτων
1363 1570 1428 1618 ότι
1449 1570 1597 1618 ουδενὶ
1621 1573 1684 1634 τῷ
1702 1572 1741 1615 Β

321 1637 508 1698 ὑπάρχει
532 1636 583 1684 τὸ
610 1643 660 1684 A.
693 1637 852 1698 ὁμοίως
884 1641 929 1685 δε
956 1640 1030 1684 καὶ
1058 1640 1094 1685 εἰ
1123 1638 1183 1701 μὴ
1209 1640 1334 1685 παντὶ
1362 1639 1570 1684 δέδεικται
1589 1635 1738 1695 υπάρ-

274 1724 307 1752 15
322 1722 412 1765 χον.
466 1703 495 1766 ἡ
529 1723 607 1763 μεν
640 1703 723 1765 γὰρ
750 1703 968 1761 ὑπόθεσίς
997 1705 1084 1750 ἐστι
1109 1706 1237 1751 παντὶ
1267 1702 1498 1763 ὑπάρχειν,
1534 1701 1586 1749 τὸ
1625 1703 1670 1747 δὲ
1702 1704 1748 1745 Γ

322 1769 581 1829 ἐλαμβάνετο
621 1774 682 1834 τῷ
724 1788 800 1828 μεν
834 1766 887 1815 A
911 1772 1155 1853 παντί,τῴ
1185 1772 1231 1816 δὲ
1263 1774 1300 1815 Β
1329 1768 1387 1816 οὐ
1418 1769 1558 1815 παντί.
1602 1769 1676 1813 καὶ
1705 1767 1743 1812 εἰ

322 1834 574 1898 στερητικὸν
592 1835 854 1894 λαμβάνοιτο
878 1835 930 1883 τὸ
954 1840 1053 1892 ΓΑ,
1080 1817 1315 1893 ὡσαύτως·
1337 1837 1409 1881 καὶ
1426 1833 1508 1896 γὰρ
1532 1831 1647 1880 οὕτω
1674 1832 1741 1892 γί-

322 1919 441 1948 νεται
485 1900 537 1947 τὸ
569 1902 701 1960 μέσον
741 1906 900 1984 σχῆμα.
949 1902 1080 1948 πάλιν
1111 1901 1317 1962 δεδείχθω
1341 1902 1423 1947 τινὶ
1449 1899 1652 1981 ὑπάρχον
1677 1901 1741 1961 τῷ
1776 1954 1789 1962 „

322 1971 361 2012 Β
389 1965 441 2012 τὸ
474 1972 522 2012 A.
558 1965 588 2028 ἡ
618 1969 696 2025 μεν
725 1969 808 2013 οὐν
841 1966 1061 2022 ὑπόθεσις
1090 1969 1240 2028 μηδενὶ
1276 1965 1511 2028 υπάρχειν,
1538 1964 1591 2011 vd
1624 1965 1671 2009 δὲ
1703 1943 1741 2008 Β

272 2031 580 2091 εοέλαμβάνετο
609 2033 736 2077 παντὶ
767 2036 828 2093 τῷ
856 2036 902 2076 Γ
929 2030 1142 2091 ὑπάρχειν
1166 2034 1239 2078 καὶ
1268 2030 1318 2077 τὸ
1349 2035 1385 2076 Α
1415 2050 1444 2092 η
1468 2031 1593 2076 παντὶ
1614 2048 1643 2091 η
1622 2027 1742 2074 Ἣτινὶ

321 2101 382 2163 τῷ
416 2101 473 2143 Γ·
501 2094 620 2143 οὕτω
649 2095 731 2157 γάρ
762 2097 877 2143 εσται
908 2095 959 2143 τὸ
995 2096 1225 2144 ἀδύνατον.
1259 2102 1390 2143 τοῦτο
1419 2098 1466 2142 δὲ
1495 2095 1545 2142 τὸ
1566 2097 1742 2176 ε’σχατον

322 2166 488 2225 σχημα,
531 2164 569 2208 εἰ
609 2161 660 2208 τὸ
689 2166 726 2207 Α
756 2164 829 2208 καὶ
861 2161 913 2208 τὸ
948 2167 985 2208 Β
1017 2165 1142 2209 παντὶ
1171 2168 1232 2227 τῷ
1264 2167 1313 2207 Γ.
1370 2163 1443 2208 καὶ
1472 2159 1665 2222 φανερὸν
1695 2160 1742 2206 ἐκ

321 2229 491 2275 τούτων
527 2225 592 2273 ὅτι
622 2226 789 2290 ἀνάγκη
814 2226 866 2278 τὸ
896 2232 934 2274 A
962 2230 1044 2275 τινὶ
1072 2233 1137 2292 τῷ
1166 2233 1203 2274 Β
1229 2227 1452 2287 ὑπάρχειν.
1505 2227 1665 2288 ὁμοίως
1694 2226 1742 2272 δὲ

323 2297 398 2341 καὶ
420 2296 457 2341 εἰ
482 2295 566 2340 τινὶ
588 2297 651 2358 τῷ
677 2294 928 2357 Γληφθείη
947 2293 1208 2355 ὐπάρχοντὸ
1235 2292 1316 2340 Β
1294 2293 1325 2356 η’
1345 2292 1397 2339 τὸ
1415 2297 1463 2338 A.

274 2379 309 2406 25
455 2360 601 2406 Πάλιν
626 2361 672 2406 ἐν
699 2364 764 2424 τῷ
791 2361 908 2442 μέσῳ
937 2361 1123 2423 σχήματι
1151 2361 1375 2441 δεδείχθω
1391 2357 1443 2404 τὸ
1476 2361 1513 2403 Α
1531 2356 1658 2402 παντὶ
1679 2358 1743 2436 τῷ

324 2430 362 2472 Β
390 2423 600 2486 ὑπάρχον.
638 2424 810 2472 οὐκοῦν
840 2425 872 2488 ἡ
905 2445 982 2484 μεν
1010 2425 1228 2482 ὑπόθεσις
1246 2444 1302 2488 ην
1320 2445 1380 2487 μη
1401 2424 1525 2470 παντὶ
1550 2426 1614 2485 τῷ
1635 2425 1672 2466 Β
1691 2418 1741 2466 τὸ

324 2496 362 2537 Α
390 2490 620 2552 ὑπάρχειν,
655 2494 848 2555 εἰληπται
880 2493 926 2537 δὲ
956 2491 1007 2539 τὸ
1035 2497 1072 2538 A
1099 2494 1224 2539 παντὶ
1245 2496 1308 2556 τῷ
1331 2491 1461 2536 Γκαὶ
1481 2486 1532 2535 vd
1555 2491 1600 2533 Γ
1615 2487 1742 2533 παντὶ

413 2625 455 2658 37
473 2622 589 2668 φάσιν
606 2622 736 2659 εἶναι
718 2623 743 2669 η’
763 2623 879 2668 ἀπόφ.
888 2627 922 2668 f.
935 2644 975 2650 —
1001 2622 1025 2669 ἢ
1041 2622 1231 2666 ἀπόφασιν
1248 2637 1285 2658 rc
1306 2636 1408 2668 supra
1426 2623 1467 2656 lit
1483 2623 1519 2655 A.
1540 2640 1580 2646 -
1606 2621 1650 2654 38
1667 2632 1741 2654 πα-

325 2666 373 2714 ρὰ
389 2667 542 2726 οἷμφοῒν
546 2676 625 2702 eurr
643 2682 678 2703 n.
701 2689 747 2697 —
768 2671 813 2703 40
830 2671 1015 2710 δεικτικως
1033 2670 1094 2705 καὶ
1113 2668 1176 2704 διὰ
1193 2682 1224 2702 τι

412 2711 542 2758 633ῑῆ
571 2714 712 2769 ..μέσῳ
726 2727 768 2769 p1
785 2727 839 2748 om
857 2727 922 2749 mu.
946 2732 992 2741 -
1013 2717 1033 2749 3
1050 2714 1088 2759 6]
1106 2709 1130 2762 ᾖ
1147 2713 1167 2749 6
1187 2715 1258 2769 Acf.
1282 2732 1325 2738 —-
1348 2713 1369 2746 4
1392 2710 1447 2753 ἐν]
1467 2710 1567 2746 ἔσται
1585 2708 1623 2745 ἐν
1642 2721 1677 2743 n
1696 2725 1740 2734 -·

327 2754 478 2792 ll6om
502 2727 969 2805 0.-15υπάρχοντόα
995 2757 1078 2804 ηΛ.
1106 2780 1146 2786 -
1170 2754 1487 2802 24ἢτὸαοῐηπ.
