1826 3112
344 173 423 212 100
866 174 1236 208 ΚΑΤΗΓΟΡΙΑΙ.

307 286 331 318 b
347 288 475 332 γεται.
542 269 613 317 ἐὰν
645 269 692 315 δέ
718 287 764 330 γε
796 267 855 331 μὴ
892 270 1061 327 οἰκείως
1091 269 1294 330 ἀποδοθῇ
1320 269 1430 332 πρὸς
1464 267 1490 315 ὅ
1510 280 1611 316 ποτε
1637 270 1753 332 λέγε-

347 355 440 393 ται,
479 335 845 397 περιαιρουμένων
879 337 955 395 μὲν
991 341 1077 382 τῶν
1105 335 1271 393 ἄλλων,
1314 335 1680 395 καταλειπομένου
1707 337 1755 382 δὲ

346 401 487 462 μόνου
506 406 589 447 τοῦ
609 399 718 460 πρὸς
737 398 762 446 ὃ
783 399 994 463 ἀπεδόθη,
1014 400 1072 447 ου’
1095 402 1336 465 ῥηθήσεται
1358 399 1468 462 πρὸς
1489 400 1611 447 αὐτό.
1645 401 1755 448 ἀπο-

348 467 546 513 δεδόσθω
576 464 657 526 γὰρ
689 463 714 510 ὃ
743 469 905 523 δοῦλος
942 465 1184 528 ἀνθρώπου
1216 469 1288 514 καὶ
1315 466 1365 514 τὸ
1385 465 1540 527 πτερὸν
1563 465 1756 527 ὄρνιθος,

315 549 332 574 5
349 534 421 578 καὶ
443 530 724 592 περιῃρήσθω
744 535 827 578 τοῦ
849 531 1092 593 ἀνθρώπου
1109 533 1158 580 τὸ
1180 532 1368 593 δεσπότῃ
1389 531 1507 597 αὐτῷ
1527 528 1653 578 εἶναι·
1700 530 1758 578 οὐ

346 596 427 658 γὰρ
445 598 502 642 ἔτι
522 596 547 641 ὃ
566 600 728 651 δοῦλος
746 595 856 655 πρὸς
895 595 1129 658 ἄνθρωπον
1157 599 1416 660 ῥηθήσεται·
1451 596 1510 659 μὴ
1531 596 1612 658 γὰρ
1632 596 1758 654 ὄντος

346 659 562 707 δεσπότου
583 659 871 718 ούδὲδοῦλός
889 662 1011 708 ἐστιν.
1074 662 1282 720 ὡσαύτως
1308 666 1353 710 δὲ
1384 666 1456 710 καὶ
1475 667 1556 708 τοῦ
1577 662 1759 722 ὄρνιθος

345 725 629 787 περιῃρήσθω
651 724 701 772 τὸ
720 732 917 791 πτερωτῷ
935 725 1041 774 εἶναι
1056 743 1066 755 ·
1115 728 1171 775 ού
1201 728 1283 790 γὰρ
1312 731 1370 776 ἔτι
1394 731 1508 775 ἔσται
1528 728 1579 775 τὸ
1598 727 1758 788 πτερὸν

345 796 430 838 τῶν
440 791 550 850 πρός
559 809 598 836 τι
611 808 621 818 ·
656 790 716 853 μὴ
726 790 808 852 γὰρ
831 791 958 850 ὄντος
976 798 1196 852 πτερωτοῦ
1207 793 1478 854 οὕδεπτερὸν
1496 795 1610 840 ἔσται
1626 794 1755 850 τινός.

299 877 333 904 10
348 855 456 903 ὥστε
477 861 543 903 δεῖ
557 858 633 917 μὲν
666 856 921 904 ἀποδιδόναι
945 858 1056 918 πρὸς
1085 857 1111 905 ὅ
1134 873 1236 905 ποτε
1257 861 1423 915 οἰκείως
1451 860 1623 920 λέγεται.
1675 857 1759 906 κᾶν

345 925 424 983 μὲν
450 921 587 982 ὄνομα
611 917 640 982 ᾖ
670 925 884 982 κείμενον,
919 924 1047 987 ῥᾳδία
1079 923 1109 986 ἡ
1142 923 1353 982 ἀπόδοσις
1371 926 1550 986 γίνεται·
1597 923 1657 987 μὴ
1679 923 1758 971 ὄν-

345 1007 419 1045 τος
451 989 496 1034 δὲ
528 986 762 1050 ἀναγκαῖον
794 991 896 1046 ἴσως
925 989 1260 1050 όνοματοποιεῖν.
1329 989 1444 1037 οὕτω
1477 992 1523 1036 δὲ
1549 989 1758 1037 ἀποδιδο-

345 1055 484 1114 μένων
517 1054 710 1115 φανερὸν
737 1052 802 1101 ὅτι
832 1056 972 1101 πάντα
1003 1054 1055 1102 τὰ
1074 1056 1187 1118 πρός
1217 1075 1254 1102 τι
1277 1055 1389 1118 πρὸς
1422 1055 1758 1117 ἀντιστρέφοντα

345 1120 596 1182 ῥηθήσεται.

298 1206 332 1234 15
477 1189 614 1230 Δοκεῖ
639 1185 684 1230 δὲ
715 1183 766 1230 τὰ
796 1185 906 1245 πρός
944 1203 985 1231 τι
1025 1183 1112 1246 ἅμα
1150 1190 1204 1246 τῇ
1244 1185 1379 1247 φύσει
1408 1181 1536 1243 εἶναι,
1579 1187 1652 1232 καὶ
1691 1186 1758 1232 ἐπὶ

344 1250 422 1310 μὲν
439 1254 525 1296 τῶν
545 1251 755 1297 πλείστων
775 1249 938 1313 ἀληθές
959 1251 1082 1298 ἐστιν.
1148 1250 1235 1311 ἅμα
1263 1250 1344 1312 γάρ
1365 1251 1593 1298 διπλάσιόν
1608 1252 1653 1298 τέ
1671 1252 1758 1298 ἐστι

346 1317 419 1361 καὶ
438 1313 589 1377 ἥμισυ,
627 1318 700 1361 καὶ
722 1315 900 1378 ἡμίσεος
917 1315 1042 1373 ὄντος
1061 1316 1288 1363 διπλάσιόν
1310 1318 1418 1362 ἐστι·
1452 1318 1525 1362 καὶ
1543 1316 1758 1364 δεσπότου

347 1379 474 1438 ὄντος
493 1381 654 1438 δοῦλός
676 1382 776 1438 ἐστι,
799 1384 871 1427 καὶ
892 1381 1062 1429 δούλου
1081 1381 1205 1439 ὄντος
1225 1381 1436 1444 δεσπότης
1457 1382 1580 1429 ἐστίν·
1601 1381 1759 1443 ὁμοίως

347 1448 392 1493 δὲ
433 1446 607 1503 τούτοις
630 1446 721 1493 ’καὶ
755 1446 807 1492 τὰ
841 1446 963 1493 ἄλλα.
1038 1450 1111 1494 καὶ
1142 1453 1395 1508 συναναιρεῖ
1428 1448 1474 1493 δὲ
1510 1453 1647 1495 ταῦτα
1679 1447 1758 1494 α”λ-

296 1534 331 1562 20
346 1515 478 1574 ληλα·
522 1511 581 1573 μὴ
601 1511 686 1573 γὰρ
707 1511 832 1569 ὄντος
853 1514 1088 1560 διπλασίου
1119 1513 1203 1561 οὐκ
1223 1515 1335 1560 ἔστιν
1364 1510 1523 1575 ἥμισυ,
1564 1516 1637 1560 καὶ
1656 1513 1758 1576 ἡμί-

345 1589 444 1635 σεος
463 1577 522 1640 μὴ
547 1577 675 1635 ὄντος
694 1577 778 1624 οὐκ
797 1579 883 1624 ἔστι
903 1579 1151 1626 διπλάσιον·
1188 1579 1395 1635 ὡσαύτως
1413 1580 1459 1624 δὲ
1480 1581 1553 1625 καὶ
1580 1581 1648 1626 ἐπὶ
1667 1584 1758 1626 τῶν

346 1642 489 1690 ἄλλων
510 1641 596 1689 ὅσα
612 1648 805 1690 τοιαῦτα.
850 1643 935 1690 οὐκ
954 1646 1020 1690 ἐπὶ
1042 1645 1214 1692 πάντων
1233 1647 1279 1692 δὲ
1299 1649 1384 1691 τῶν
1404 1644 1514 1705 πρός
1534 1664 1575 1691 τι
1595 1645 1759 1708 ἀληθὲς

346 1711 469 1755 δοκεῖ
480 1707 529 1754 τὸ
546 1706 633 1768 ἅμα
651 1713 705 1768 τῇ
725 1709 860 1769 φύσει
877 1707 983 1756 εἶναι
998 1725 1008 1737 ·
1042 1709 1092 1756 τὸ
1104 1710 1187 1772 γάρ
1201 1708 1424 1772 ἐπιστητὸν
1434 1715 1511 1771 τῆς
1526 1711 1759 1774 ἐπιστήμης

345 1774 557 1834 πρότερον
578 1772 631 1820 ἂν
655 1773 816 1829 δόξειεν
845 1773 963 1822 εἶναι.
1028 1775 1089 1834 οἱς
1115 1775 1198 1838 γάρ
1222 1777 1290 1822 ἐπὶ
1317 1774 1367 1822 τὸ
1387 1774 1504 1822 πολύ
1523 1780 1757 1837 προϋπαρ-

296 1863 330 1890 25
345 1840 507 1900 χόντων
539 1844 627 1886 τῶν
663 1841 922 1902 πραγμάτων
956 1839 1033 1898 τάς
1080 1841 1315 1904 ἐπιστήμας
1356 1841 1626 1901 λαμβάνομεν
1640 1860 1649 1869 ·
1694 1840 1758 1888 ἐπ’
1788 1886 1789 1890 ,

345 1904 500 1966 ὀλίγων
523 1904 605 1965 γὰρ
629 1903 682 1952 ὂέν
703 1904 735 1968 ἢ
759 1905 821 1952 ἐπ’
841 1906 1022 1963 οὐδενὸς
1042 1909 1130 1954 ἴδοι
1155 1926 1219 1964 τις
1251 1906 1304 1953 ἂν
1334 1905 1423 1964 ἅμα
1456 1912 1516 1972 τῷ
1546 1908 1755 1971 ἐπιστητῷ

343 1969 423 2033 τὴν
439 1971 675 2033 ἐπιστήμην
684 1972 925 2034 γινομένην.
962 1973 1020 2018 ἔτι
1031 1971 1081 2019 τὸ
1088 1974 1166 2033 μὲν
1175 1969 1399 2032 ἐπιστητὸν
1410 1970 1636 2028 ἀναιρεθὲν
1648 1983 1757 2018 συν-

346 2042 513 2095 αναιρεῖ
530 2035 609 2096 τὴν
635 2037 883 2097 ἐπιστήμην,
910 2036 939 2097 ἡ
962 2039 1007 2081 δὲ
1029 2035 1241 2098 ἐπιστήμη
1257 2034 1307 2081 τὸ
1326 2035 1551 2098 ἐπιστητὸν
1572 2036 1629 2083 οὐ
1647 2048 1758 2085 συν-

346 2105 522 2162 αναιρεῖ·
545 2100 776 2162 ἐπιστητοῦ
785 2102 861 2160 μὲν
871 2099 952 2162 γὰρ
961 2099 1021 2163 μὴ
1032 2099 1156 2158 ὄντος
1166 2100 1250 2148 οὐκ
1260 2102 1371 2148 ἔστιν
1380 2101 1590 2165 ἐπιστήμη
1600 2102 1757 2164 (οὐδε-

295 2187 330 2214 80
344 2165 425 2223 νὸς
445 2164 527 2228 γὰρ
547 2166 605 2212 ἔτι
628 2166 743 2212 ἔσται
770 2166 1019 2230 ἐπιστήμη),
1048 2167 1284 2230 ἐπιστήμης
1303 2168 1349 2213 δὲ
1374 2166 1434 2229 μὴ
1461 2167 1602 2231 οὔσης
1624 2168 1756 2215 οὐδὲν

430 2294 496 2328 7b1
521 2307 559 2338 γε
586 2306 642 2327 om
664 2305 715 2327 eu.
745 2313 790 2320 —
827 2296 846 2328 3
867 2293 983 2338 μόνον
1005 2306 1059 2326 om
1087 2306 1114 2328 e.
1140 2314 1184 2321 —
1224 2296 1244 2329 4
1262 2295 1283 2331 ὁ
1310 2308 1365 2329 om
1387 2306 1415 2328 c.
1448 2315 1490 2321 —
1523 2298 1599 2342 καὶ]
1625 2298 1755 2338 δοῦλος

342 2337 404 2373 καὶ
422 2350 450 2372 e.
475 2358 517 2364 —
541 2340 562 2373 5
584 2337 766 2382 δεσπότην
780 2335 893 2373 αὐτὸν
907 2339 1090 2383 ACdefgh.
1113 2357 1158 2365 —
1183 2341 1248 2374 5et
1268 2342 1290 2374 8
1308 2340 1554 2385 περιῃρείσθω
1574 2343 1659 2386 (sic)
1671 2355 1755 2376 e.—

343 2384 364 2416 7
391 2381 479 2417 ον’δὲ
501 2382 520 2418 ὁ
547 2384 677 2422 δοῦλος
703 2381 802 2417 ἔσται
826 2396 858 2416 α.
884 2402 928 2408 -
964 2381 1004 2417 δὲ
1036 2395 1089 2416 om
1115 2384 1176 2428 gh.
1200 2403 1244 2409 —
1276 2385 1337 2418 καὶ
1366 2385 1426 2418 ἐπὶ
1457 2386 1525 2419 τοῦ
1542 2398 1575 2419 α.
1601 2407 1638 2412 -
1672 2385 1752 2421 8τό

343 2439 421 2460 corr
439 2428 480 2460 A.
504 2445 547 2451 —
569 2426 753 2472 πτερωτὸν
775 2429 862 2472 Cag,
881 2440 922 2471 pr
936 2428 983 2470 bf.
1012 2448 1048 2452 —
1074 2427 1260 2471 πτερωτὸν
1281 2426 1372 2463 αὐτὰ
1391 2426 1485 2463 εἶναι
1503 2442 1536 2463 u.
1560 2449 1606 2455 —-
1632 2433 1673 2464 10
1690 2431 1753 2466 καὶ

342 2469 407 2505 ἐὰν
432 2483 466 2504 π.
499 2491 539 2496 -
579 2470 642 2506 ἐὰν
675 2470 739 2515 μὲν
766 2466 792 2526 ᾖ
819 2471 860 2506 τὸ
893 2469 1009 2516 ὄνομα
1036 2484 1128 2516 κειμ.
1152 2483 1180 2506 e.
1210 2492 1254 2498 —
1299 2474 1340 2507 14
1370 2472 1509 2515 λέγεται
1537 2476 1682 2519 ACdgh.
1707 2493 1753 2502 —-

345 2517 384 2548 16
412 2513 528 2556 ἔστιν,
553 2512 607 2549 ἐπ’
629 2514 734 2550 ἐνίων
756 2517 796 2551 δε
816 2514 883 2550 ov'u
901 2513 1036 2560 ἀληθές
1056 2518 1092 2549 C.
1116 2535 1159 2541 —
1194 2517 1234 2550 17
1253 2513 1365 2560 ἥμισύ
1383 2516 1458 2552 ἐστι
1475 2517 1537 2552 καὶ
1552 2531 1587 2552 n.
1609 2538 1654 2544 -
1677 2518 1753 2554 ἐστι

342 2570 396 2591 om
413 2571 440 2592 e.
463 2580 505 2586 -—
530 2560 730 2595 δεσπότου.
745 2561 908 2594 ..nalum
924 2573 975 2596 en.
998 2579 1042 2587 —
1068 2562 1109 2595 19
1124 2554 1236 2595 τᾶλλα
1255 2573 1307 2595 en.
1331 2581 1373 2587 —
1398 2560 1453 2606 δὲ]
1469 2573 1508 2605 γε
1523 2574 1552 2596 e.
1566 2581 1610 2589 —
1633 2561 1752 2599 2οὅν-

339 2615 403 2643 τος
418 2600 487 2648 γὰρ
502 2616 529 2637 e.
557 2623 596 2630 —
629 2607 672 2639 ‘23
692 2606 756 2649 τῆς
779 2604 974 2649 ἐπιστήμης
996 2611 1074 2639 ante
1099 2602 1254 2640 24·εἷναι
1271 2606 1467 2650 ABCdsgu.
1492 2625 1537 2633 ·—
1571 2608 1614 2641 26
1633 2604 1680 2641 ἂν
1697 2608 1750 2640 bis

338 2658 394 2724 ἓξ
415 2649 570 2736 Ξιὸἂέεῑῐ
592 2645 641 2684 ἄν
663 2661 718 2684 om
741 2650 783 2684 Β.
807 2669 849 2675 -
877 2651 921 2684 29
947 2647 1014 2694 μὲν
1041 2661 1096 2683 om
1122 2650 1247 2695 ACdg.
1270 2667 1314 2677 —
1344 2650 1445 2686 ἔσται
1465 2652 1535 2685 AG.
1563 2671 1602 2677 —
1629 2653 1674 2687 30
1696 2650 1750 2687 ἔτι
