1780 3100
223 215 300 255 4³3
738 218 990 263 Analytica
1014 219 1179 262 priora.

274 317 407 354 neunt:
453 327 574 365 quae,
609 327 727 365 quum
764 314 1024 366 disputaverit
1059 315 1110 354 de
1143 315 1325 355 omnibns
1363 315 1602 367 syllogismis
1628 316 1696 366 qui

222 395 225 398 >
273 375 363 414 fieri
389 378 555 428 possint,
580 378 756 416 breviter
781 382 930 416 tantum
957 383 1140 418 recenset
1165 391 1221 416 vs·
1250 380 1436 416 22—35.

223 438 346 477 41b9
373 439 499 487 Quum
535 441 771 490 interpretes
808 441 912 479 hunc
939 442 1067 479 locum
1107 441 1402 480 difficultatibus
1431 440 1694 479 obstruxerint

274 501 415 550 quibus
443 513 517 540 non
546 503 717 550 laborat,
754 503 924 542 breviter
958 517 1046 541 eum
1083 504 1348 555 explanemus.
1412 504 1488 552 Qui
1514 503 1699 552 colligere

276 563 357 601 vult
395 563 633 615 voluptatem
671 566 858 605 musicam
896 566 1100 605 honestam
1131 579 1221 605 esse
1248 566 1553 617 propositionem
1581 565 1699 603 maio·

275 635 373 673 rem,
402 627 435 663 si
463 640 539 666 non
568 628 824 666 universalem
853 630 983 677 sumit,
1011 634 1076 667 aut
1105 629 1204 668 hanc
1230 629 1349 667 facit:
1377 627 1599 679 „Voluptas
1625 627 1698 665 ho-

276 691 388 726 nesta
415 690 503 728 est''
531 691 614 735 (cui
637 692 793 741 quidem
821 693 1093 743 propositioni,
1122 693 1212 742 quia
1238 692 1441 730 indefinita
1467 695 1542 738 est,
1570 690 1603 727 si
1629 689 1698 727 ad-

276 750 408 790 iicitur
446 753 595 792 minor:
634 753 858 805 „Voluptas
891 755 1039 792 musica
1067 760 1125 793 est
1151 754 1368 804 voluptas'',
1394 754 1492 791 nihil
1518 765 1567 791 ex
1593 757 1700 790 utra-

276 825 355 863 que
381 816 654 865 consequitur:
683 828 770 854 nam
798 817 999 855 indefinita
1027 817 1132 854 idem
1158 818 1260 855 valet
1287 817 1392 866 quod
1420 815 1697 866 particularis),

276 880 344 915 aut
369 877 490 916 hanc:
526 878 759 927 „Quaedam
798 880 975 928 voluptas
1010 880 1176 917 honesta
1215 877 1325 927 est'',
1353 890 1467 929 quam
1496 878 1530 916 si
1556 878 1608 915 ita
1635 889 1701 915 su-

278 940 374 989 mit,
402 945 444 978 ut
474 942 692 991 „quandam
719 941 988 992 voluptatem''
1005 971 1016 990 ,
1045 942 1095 979 de
1123 955 1197 992 qua
1225 942 1428 992 loquatur,
1457 940 1562 979 dicat
1587 939 1700 978 aliam

277 1015 391 1052 quam
420 1003 660 1054 voluptatem
688 1005 889 1051 musicam,
918 1004 968 1042 de
996 1005 1144 1043 musica
1172 1009 1279 1043 certe
1307 1004 1403 1042 nihil
1432 1004 1614 1053 colliget3
1642 1002 1702 1040 siu

279 1069 408 1103 autem
428 1066 494 1113 ita,
519 1069 562 1103 ut
581 1066 771 1104 musicam
799 1067 921 1118 ipsam
949 1079 1044 1118 prae
1071 1068 1216 1106 ceteris
1243 1067 1446 1117 intelligat,
1473 1066 1703 1117 petitionem

277 1129 479 1180 principii,
513 1142 614 1179 quae
640 1129 802 1177 dicitur,
831 1129 1012 1170 admittit.
1042 1152 1091 1158 —
1119 1130 1189 1171 Iul.
1220 1130 1358 1168 Pacius
1387 1134 1445 1181 (p.
1473 1131 1548 1166 155
1561 1131 1603 1172 a)
1631 1139 1700 1178 pe-

278 1192 454 1231 titionem
491 1192 671 1243 principii
707 1193 851 1231 rectius
889 1192 967 1230 dici
1001 1192 1229 1244 petitionem
1258 1193 1424 1243 quaesiti
1450 1196 1604 1230 monet:
1632 1201 1703 1228 nos

277 1267 373 1294 vero
410 1255 651 1294 servavimus
689 1267 826 1294 vocem
867 1255 1122 1306 „principii'’‚
1162 1259 1205 1294 ut
1239 1268 1338 1305 quae
1371 1255 1512 1294 melius
1538 1264 1702 1304 respon-

277 1318 370 1357 deat
396 1318 432 1356 ei
458 1319 563 1367 quod
591 1318 827 1357 Aristoteles
852 1323 963 1356 vocat
989 1316 1036 1357 τὸ
1065 1314 1105 1366 ἐξ
1132 1316 1272 1371 ἀρχῆς.
1318 1318 1484 1358 Accedit
1512 1316 1614 1367 quod
1643 1328 1702 1354 ar-

278 1381 329 1420 tis
363 1380 554 1420 vocabula
590 1381 791 1419 retinenda
827 1381 1070 1431 putavimus,
1105 1394 1223 1432 quum
1260 1381 1300 1420 in
1333 1393 1379 1419 re
1407 1379 1560 1418 difficili
1587 1378 1703 1417 etiam

276 1444 379 1482 iusta
397 1444 563 1482 mutatio
589 1444 868 1483 obscuritatem
895 1445 1033 1495 pariat.

226 1507 311 1545 411>
325 1508 373 1545 15
400 1506 599 1545 Confusae
615 1507 731 1545 huius
748 1507 825 1544 loci
839 1507 1095 1557 interpretum
1115 1518 1345 1558 graecorum
1363 1505 1642 1556 explicationes
1663 1502 1704 1542 in

277 1569 427 1608 scholia
455 1581 477 1606 a
504 1569 708 1607 Brundisio
732 1569 819 1607 coll.
844 1581 920 1607 non
946 1570 1230 1620 transscriptae
1257 1572 1360 1607 sunt.
1408 1568 1495 1606 Non
1520 1566 1705 1606 meliores

280 1636 407 1670 autem
429 1644 520 1671 esse
539 1645 606 1671 eas
627 1644 721 1682 quas
733 1631 926 1670 dederunt
945 1632 1184 1670 recentiores
1195 1630 1311 1668 Zellii
1329 1630 1551 1680 exemplum
1575 1632 1704 1667 osten-

278 1695 360 1739 dit,
401 1694 467 1744 qui
505 1695 597 1744 quid
633 1694 707 1732 sibi
734 1694 901 1732 voluerit
928 1694 1174 1732 divinandum
1202 1693 1378 1742 relinquo
1405 1693 1452 1731 iis
1480 1691 1546 1742 qui
1572 1703 1702 1729 rerum

279 1757 639 1795 mathematicarum
667 1757 874 1807 peritiores
903 1760 1005 1796 sunt.
1059 1756 1162 1794 Dicit
1190 1755 1294 1793 enim
1322 1755 1423 1793 inter
1449 1754 1524 1793 alia
1551 1752 1705 1802 „Wenn

279 1832 367 1858 man
403 1832 481 1857 nun
519 1819 630 1856 diese
666 1819 807 1856 beiden
846 1818 993 1856 zuletzt
1029 1823 1245 1870 genannten
1282 1816 1485 1855 Winkel
1521 1829 1596 1855 von
1630 1815 1705 1854 den

280 1882 471 1922 ebenfalls
494 1881 675 1931 gleichen
710 1881 892 1919 Linien
920 1880 1028 1918 HCD
1057 1880 1134 1918 und
1162 1879 1249 1918 IDG
1277 1881 1446 1927 abzieht,
1475 1891 1519 1918 so
1547 1879 1705 1918 bleiben

279 1946 336 1983 als
373 1944 528 1994 gleiche
555 1944 680 1981 Reste
710 1944 824 1992 iibrig
851 1943 915 1981 die
941 1942 1142 1981 Winkel
1159 1970 1168 1980 .
1190 1970 1199 1980 .
1220 1943 1256 1980 .”
1279 1942 1419 1993 Anguli
1447 1943 1658 1981 demuntur
1684 1954 1708 1980 a

280 2007 407 2052 lineis,
426 2010 574 2044 restant
592 2005 742 2055 anguli!
774 2004 899 2042 Buhle
926 2005 964 2043 in
993 2005 1207 2046 animadvv.
1235 2005 1359 2056 figura
1387 2005 1587 2056 adscripta
1614 2016 1707 2043 con-

279 2073 412 2109 tentus
440 2073 501 2107 est
527 2067 740 2113 scientiae,
769 2071 814 2106 ut
841 2068 966 2114 solet,
1004 2068 1175 2118 speciem
1203 2081 1299 2119 prae
1326 2080 1369 2105 se
1395 2067 1542 2116 ferens,
1571 2080 1707 2119 quam-

281 2145 396 2184 quam
432 2136 473 2170 et
508 2131 632 2181 figura
668 2131 754 2181 ipsa
781 2134 822 2168 et
848 2130 983 2178 locus,
1020 2142 1097 2179 quo
1126 2131 1315 2169 collocata
1344 2138 1429 2177 est,
1455 2129 1708 2182 ignorantiam

281 2196 365 2234 eius
403 2194 587 2245 produnt.
656 2193 784 2244 Caput
819 2194 877 2232 rei
913 2193 985 2232 Iul.
1021 2191 1164 2231 Pacius
1201 2193 1415 2244 perspexit,
1449 2205 1563 2243 quem
1591 2182 1709 2231 etiam

281 2257 356 2296 los.
392 2257 609 2295 Blancanus
646 2262 806 2295 secutus
843 2256 1010 2304 videtur,
1048 2255 1122 2293 nisi
1151 2255 1255 2305 qnod
1282 2256 1436 2293 litteras
1464 2255 1612 2305 figurae
1638 2254 1708 2293 ad-

282 2320 451 2371 scriptas
478 2318 685 2357 mutandas
714 2309 805 2358 esse
832 2319 1004 2357 censuit:
1042 2330 1169 2369 neque
1197 2322 1326 2356 tamen
1354 2317 1564 2369 explicatio
1591 2329 1707 2366 quam

283 2383 394 2422 dedit
411 2383 515 2421 omni
535 2381 768 2420 difficultate
786 2382 908 2421 libera
932 2385 1014 2419 est:
1042 2381 1209 2431 loquitur
1228 2380 1330 2419 enim
1354 2380 1404 2418 de
1431 2380 1582 2430 angulis
1610 2380 1709 2418 mix-

283 2446 335 2485 tis
362 2459 386 2484 e
419 2445 523 2484 linea
557 2441 667 2483 recta
702 2448 743 2483 et
770 2457 897 2492 curva,
925 2444 1004 2494 qui,
1031 2455 1262 2494 quamquam
1291 2456 1313 2480 a
1338 2443 1554 2495 geometria
1582 2442 1708 2481 Grae-

284 2521 419 2547 corum
447 2519 522 2546 non
551 2508 706 2545 omnino
731 2507 850 2545 alieni
877 2512 992 2555 sunt,
1030 2511 1161 2545 tamen
1195 2506 1287 2545 huic
1313 2506 1400 2544 loco
1428 2518 1504 2544 uon
1530 2505 1710 2543 videntur

285 2570 506 2610 convenire.
543 2569 648 2608 Mihi
675 2574 786 2609 certe
810 2582 875 2609 res
903 2570 1018 2621 longe
1044 2569 1322 2621 simpliciorem
1347 2568 1709 2619 interpretationem

285 2633 496 2672 admittere
521 2633 689 2672 videtur.
740 2633 824 2672 Res
851 2634 951 2672 enim
979 2633 1037 2672 sic
1064 2645 1110 2671 se
1135 2632 1268 2671 habet.
1316 2630 1614 2670 Demonstratur
1641 2642 1708 2669 an-

285 2695 397 2746 gulos
430 2695 481 2734 ad
516 2695 627 2735 basin
661 2695 845 2747 trianguli
879 2697 1107 2748 aequilateri
1141 2695 1363 2734 adiacentes
1398 2693 1581 2745 aequales
1608 2704 1709 2733 esse.
