<?xml version="1.0" encoding="UTF-8"?>
<!DOCTYPE html PUBLIC "-//W3C//DTD XHTML 1.0 Transitional//EN"
    "http://www.w3.org/TR/xhtml1/DTD/xhtml1-transitional.dtd">
<html xmlns="http://www.w3.org/1999/xhtml" xml:lang="en" lang="en">
 <head>
  <title>
</title>
<meta http-equiv="Content-Type" content="text/html;charset=utf-8" />
  <meta name='ocr-system' content='tesseract 3.04.00' />
  <meta name='ocr-capabilities' content='ocr_page ocr_carea ocr_par ocr_line ocrx_word'/>
</head>
<body>
  <div class='ocr_page' id='page_1' title='image "aristotelisorgan01arisuoft_0259.png"; bbox 0 0 1884 3100; ppageno 0'>
   <div class='ocr_carea' id='block_1_1' title="bbox 591 208 1519 249">
    <p class='ocr_par' dir='ltr' id='par_1_1' title="bbox 591 208 1519 249">
     <span class='ocr_line' id='line_1_1' title="bbox 591 208 1519 249; baseline 0.001 -1"><span class='ocrx_word' id='word_1_1' title='bbox 591 212 922 249; x_wconf 78' lang='grc' dir='ltr'><em>ΠΡΟΤΕΡΩΝ</em></span> <span class='ocrx_word' id='word_1_2' title='bbox 955 213 994 246; x_wconf 92' lang='grc' dir='ltr'><em>Β.</em></span> <span class='ocrx_word' id='word_1_3' title='bbox 1438 208 1519 249; x_wconf 74' lang='grc' dir='ltr'><em>22ιῦ</em></span> 
     </span>
    </p>
   </div>
   <div class='ocr_carea' id='block_1_2' title="bbox 62 301 1624 2666">
    <p class='ocr_par' dir='ltr' id='par_1_2' title="bbox 62 301 1624 2666">
     <span class='ocr_line' id='line_1_2' title="bbox 65 301 1624 378; baseline -0.003 -18"><span class='ocrx_word' id='word_1_4' title='bbox 65 315 216 378; x_wconf 79' lang='grc' dir='ltr'><em>λευκῷ</em></span> <span class='ocrx_word' id='word_1_5' title='bbox 235 313 320 360; x_wconf 81' lang='grc' dir='ltr'><em>τινὶ</em></span> <span class='ocrx_word' id='word_1_6' title='bbox 330 329 404 359; x_wconf 81' lang='grc' dir='ltr'><em>και</em></span> <span class='ocrx_word' id='word_1_7' title='bbox 390 309 573 373; x_wconf 88' lang='grc' dir='ltr'><em>μέλανι</em></span> <span class='ocrx_word' id='word_1_8' title='bbox 578 330 677 371; x_wconf 89' lang='grc' dir='ltr'><em>τινι,</em></span> <span class='ocrx_word' id='word_1_9' title='bbox 686 329 738 359; x_wconf 87' lang='grc' dir='ltr'><em>το</em></span> <span class='ocrx_word' id='word_1_10' title='bbox 723 309 796 360; x_wconf 71' lang='grc' dir='ltr'><em>δὲ</em></span> <span class='ocrx_word' id='word_1_11' title='bbox 805 309 968 359; x_wconf 83' lang='grc' dir='ltr'><em>λευκὸν</em></span> <span class='ocrx_word' id='word_1_12' title='bbox 979 307 1131 358; x_wconf 85' lang='grc' dir='ltr'><em>ουδενὶ</em></span> <span class='ocrx_word' id='word_1_13' title='bbox 1142 308 1307 372; x_wconf 87' lang='grc' dir='ltr'><em>μέλανι</em></span> <span class='ocrx_word' id='word_1_14' title='bbox 1335 305 1412 356; x_wconf 75' lang='grc' dir='ltr'><em>ἐάν</em></span> <span class='ocrx_word' id='word_1_15' title='bbox 1430 301 1518 356; x_wconf 76' lang='grc' dir='ltr'><em>οὖν</em></span> <span class='ocrx_word' id='word_1_16' title='bbox 1532 328 1568 361; x_wconf 82' lang='lat' dir='ltr'>p</span> <span class='ocrx_word' id='word_1_17' title='bbox 1559 315 1624 351; x_wconf 80' lang='grc'><em>56</em></span> 
     </span>
     <span class='ocr_line' id='line_1_3' title="bbox 63 375 1519 446; baseline -0.003 -19"><span class='ocrx_word' id='word_1_18' title='bbox 63 384 225 445; x_wconf 79' lang='grc' dir='ltr'><em>ληφθῇ</em></span> <span class='ocrx_word' id='word_1_19' title='bbox 253 378 306 428; x_wconf 87' lang='grc' dir='ltr'>τὸ</span> <span class='ocrx_word' id='word_1_20' title='bbox 340 383 378 426; x_wconf 89' lang='lat' dir='ltr'><em>A</em></span> <span class='ocrx_word' id='word_1_21' title='bbox 409 383 471 446; x_wconf 78' lang='grc' dir='ltr'><em>τῷ</em></span> <span class='ocrx_word' id='word_1_22' title='bbox 501 381 580 441; x_wconf 91' lang='grc' dir='ltr'><em>μεν</em></span> <span class='ocrx_word' id='word_1_23' title='bbox 609 384 648 426; x_wconf 89' lang='grc' dir='ltr'><strong><em>Β</em></strong></span> <span class='ocrx_word' id='word_1_24' title='bbox 669 380 798 426; x_wconf 83' lang='grc' dir='ltr'><em>παντὶ</em></span> <span class='ocrx_word' id='word_1_25' title='bbox 816 383 878 445; x_wconf 80' lang='grc' dir='ltr'><em>τῷ</em></span> <span class='ocrx_word' id='word_1_26' title='bbox 899 380 947 426; x_wconf 77' lang='grc' dir='ltr'><em>δὲ</em></span> <span class='ocrx_word' id='word_1_27' title='bbox 973 382 1020 425; x_wconf 90' lang='grc' dir='ltr'><em>Γ</em></span> <span class='ocrx_word' id='word_1_28' title='bbox 1032 375 1251 443; x_wconf 83' lang='grc' dir='ltr'><em>μηδενί,”</em></span> <span class='ocrx_word' id='word_1_29' title='bbox 1220 395 1356 440; x_wconf 85' lang='grc' dir='ltr'><strong><em>αμφω</em></strong></span> <span class='ocrx_word' id='word_1_30' title='bbox 1374 377 1454 438; x_wconf 73' lang='grc' dir='ltr'><em>μὲν</em></span> <span class='ocrx_word' id='word_1_31' title='bbox 1472 377 1519 423; x_wconf 84' lang='grc' dir='ltr'><strong><em>αἱ</em></strong></span> 
     </span>
     <span class='ocr_line' id='line_1_4' title="bbox 64 442 1519 510; baseline -0.003 -15"><span class='ocrx_word' id='word_1_32' title='bbox 64 447 299 510; x_wconf 77' lang='grc' dir='ltr'><em>προτάσεις</em></span> <span class='ocrx_word' id='word_1_33' title='bbox 318 447 390 494; x_wconf 80' lang='grc' dir='ltr'><em>ἐπί</em></span> <span class='ocrx_word' id='word_1_34' title='bbox 405 466 445 494; x_wconf 89' lang='grc' dir='ltr'><em>τι</em></span> <span class='ocrx_word' id='word_1_35' title='bbox 463 451 657 505; x_wconf 75' lang='grc' dir='ltr'><em>ψευδεῖς,</em></span> <span class='ocrx_word' id='word_1_36' title='bbox 675 445 727 494; x_wconf 82' lang='grc' dir='ltr'><em>τὸ</em></span> <span class='ocrx_word' id='word_1_37' title='bbox 746 448 794 494; x_wconf 73' lang='grc' dir='ltr'><em>δὲ</em></span> <span class='ocrx_word' id='word_1_38' title='bbox 816 447 1115 507; x_wconf 82' lang='grc' dir='ltr'><strong><em>συμπέρασμα</em></strong></span> <span class='ocrx_word' id='word_1_39' title='bbox 1137 444 1316 509; x_wconf 88' lang='grc' dir='ltr'><em>αληθές.</em></span> <span class='ocrx_word' id='word_1_40' title='bbox 1351 442 1519 505; x_wconf 84' lang='grc' dir='ltr'><em>ὁμοίως</em></span> 
     </span>
     <span class='ocr_line' id='line_1_5' title="bbox 65 509 1448 598; baseline -0.003 -35"><span class='ocrx_word' id='word_1_41' title='bbox 65 518 113 563; x_wconf 87' lang='grc' dir='ltr'><em>δε</em></span> <span class='ocrx_word' id='word_1_42' title='bbox 134 517 207 563; x_wconf 79' lang='grc' dir='ltr'><strong><em>καὶ</em></strong></span> <span class='ocrx_word' id='word_1_43' title='bbox 230 516 536 579; x_wconf 79' lang='grc' dir='ltr'><em>μετατεθείσης</em></span> <span class='ocrx_word' id='word_1_44' title='bbox 558 519 640 577; x_wconf 75' lang='grc' dir='ltr'><em>τῆς</em></span> <span class='ocrx_word' id='word_1_45' title='bbox 658 518 925 598; x_wconf 77' lang='grc' dir='ltr'><em>στερητικῆς</em></span> <span class='ocrx_word' id='word_1_46' title='bbox 936 513 1010 560; x_wconf 76' lang='grc' dir='ltr'><em>διὰ</em></span> <span class='ocrx_word' id='word_1_47' title='bbox 1030 518 1123 560; x_wconf 73' lang='grc' dir='ltr'><em>τῶν</em></span> <span class='ocrx_word' id='word_1_48' title='bbox 1143 512 1293 561; x_wconf 76' lang='grc' dir='ltr'><em>αὐτῶν</em></span> <span class='ocrx_word' id='word_1_49' title='bbox 1317 509 1448 575; x_wconf 80' lang='grc' dir='ltr'><em>ὅρων.</em></span> 
     </span>
     <span class='ocr_line' id='line_1_6' title="bbox 202 578 1553 663; baseline -0.003 -33"><span class='ocrx_word' id='word_1_50' title='bbox 202 581 409 643; x_wconf 85' lang='grc' dir='ltr'><em>Φανερόν</em></span> <span class='ocrx_word' id='word_1_51' title='bbox 429 584 476 628; x_wconf 91' lang='grc' dir='ltr'><em>δε</em></span> <span class='ocrx_word' id='word_1_52' title='bbox 498 584 571 628; x_wconf 79' lang='grc' dir='ltr'><strong><em>καὶ</em></strong></span> <span class='ocrx_word' id='word_1_53' title='bbox 598 582 668 628; x_wconf 78' lang='grc' dir='ltr'><em>ἐπὶ</em></span> <span class='ocrx_word' id='word_1_54' title='bbox 691 585 781 628; x_wconf 71' lang='grc' dir='ltr'><em>τῶν</em></span> <span class='ocrx_word' id='word_1_55' title='bbox 804 582 851 628; x_wconf 79' lang='grc' dir='ltr'><em>ἐν</em></span> <span class='ocrx_word' id='word_1_56' title='bbox 871 581 991 642; x_wconf 80' lang='grc' dir='ltr'><em>μέρει</em></span> <span class='ocrx_word' id='word_1_57' title='bbox 999 585 1347 663; x_wconf 74' lang='grc' dir='ltr'><em>συλλογισμων·</em></span> <span class='ocrx_word' id='word_1_58' title='bbox 1383 578 1519 627; x_wconf 81' lang='grc' dir='ltr'><em>ουδεν</em></span> <span class='ocrx_word' id='word_1_59' title='bbox 1534 597 1553 626; x_wconf 81' lang='lat'><strong>5</strong></span> 
     </span>
     <span class='ocr_line' id='line_1_7' title="bbox 64 646 1519 715; baseline -0.001 -19"><span class='ocrx_word' id='word_1_60' title='bbox 64 648 147 712; x_wconf 73' lang='grc' dir='ltr'><em>γάρ</em></span> <span class='ocrx_word' id='word_1_61' title='bbox 179 649 343 697; x_wconf 81' lang='grc' dir='ltr'><em>κωλύει</em></span> <span class='ocrx_word' id='word_1_62' title='bbox 369 646 420 696; x_wconf 78' lang='grc' dir='ltr'><em>τὸ</em></span> <span class='ocrx_word' id='word_1_63' title='bbox 447 653 486 695; x_wconf 93' lang='grc' dir='ltr'><em>Α</em></span> <span class='ocrx_word' id='word_1_64' title='bbox 516 668 577 715; x_wconf 88' lang='grc' dir='ltr'><em>τω</em></span> <span class='ocrx_word' id='word_1_65' title='bbox 613 667 692 709; x_wconf 91' lang='grc' dir='ltr'><em>μεν</em></span> <span class='ocrx_word' id='word_1_66' title='bbox 726 652 764 694; x_wconf 88' lang='grc' dir='ltr'><strong><em>Β</em></strong></span> <span class='ocrx_word' id='word_1_67' title='bbox 790 650 921 695; x_wconf 87' lang='grc' dir='ltr'><em>παντὶ</em></span> <span class='ocrx_word' id='word_1_68' title='bbox 956 652 1018 713; x_wconf 79' lang='grc' dir='ltr'><em>τῷ</em></span> <span class='ocrx_word' id='word_1_69' title='bbox 1053 649 1100 694; x_wconf 91' lang='grc' dir='ltr'><em>δε</em></span> <span class='ocrx_word' id='word_1_70' title='bbox 1123 650 1267 695; x_wconf 85' lang='grc' dir='ltr'><em>Γτινὶ</em></span> <span class='ocrx_word' id='word_1_71' title='bbox 1286 646 1519 708; x_wconf 80' lang='grc' dir='ltr'><em>ὑπάρχειν,</em></span> 
     </span>
     <span class='ocr_line' id='line_1_8' title="bbox 63 713 1522 780; baseline -0.001 -17"><span class='ocrx_word' id='word_1_72' title='bbox 63 718 139 763; x_wconf 76' lang='grc' dir='ltr'><strong><em>καὶ</em></strong></span> <span class='ocrx_word' id='word_1_73' title='bbox 171 714 223 762; x_wconf 87' lang='grc' dir='ltr'>τὸ</span> <span class='ocrx_word' id='word_1_74' title='bbox 253 719 292 761; x_wconf 90' lang='grc' dir='ltr'><strong><em>Β</em></strong></span> <span class='ocrx_word' id='word_1_75' title='bbox 319 734 381 761; x_wconf 90' lang='grc' dir='ltr'><em>τω</em></span> <span class='ocrx_word' id='word_1_76' title='bbox 418 719 463 760; x_wconf 93' lang='grc' dir='ltr'><em>Γ</em></span> <span class='ocrx_word' id='word_1_77' title='bbox 483 718 568 762; x_wconf 89' lang='grc' dir='ltr'><em>τινὶ</em></span> <span class='ocrx_word' id='word_1_78' title='bbox 594 714 656 777; x_wconf 80' lang='grc' dir='ltr'><strong><em>μὴ</em></strong></span> <span class='ocrx_word' id='word_1_79' title='bbox 687 713 918 775; x_wconf 75' lang='grc' dir='ltr'><em>ὑπάρχειν,</em></span> <span class='ocrx_word' id='word_1_80' title='bbox 948 714 1044 762; x_wconf 84' lang='grc' dir='ltr'><em>οἷον</em></span> <span class='ocrx_word' id='word_1_81' title='bbox 1065 720 1179 780; x_wconf 79' lang='grc' dir='ltr'><em>ζῷον</em></span> <span class='ocrx_word' id='word_1_82' title='bbox 1197 717 1328 762; x_wconf 89' lang='grc' dir='ltr'><em>παντὶ</em></span> <span class='ocrx_word' id='word_1_83' title='bbox 1341 713 1522 774; x_wconf 74' lang='grc' dir='ltr'><em>ἀνθρώ-</em></span> 
     </span>
     <span class='ocr_line' id='line_1_9' title="bbox 63 763 1521 866; baseline -0.001 -36"><span class='ocrx_word' id='word_1_84' title='bbox 63 798 133 849; x_wconf 79' lang='grc' dir='ltr'><em>πῳ</em></span> <span class='ocrx_word' id='word_1_85' title='bbox 173 786 319 866; x_wconf 77' lang='grc' dir='ltr'><em>λευκῷ</em></span> <span class='ocrx_word' id='word_1_86' title='bbox 358 783 404 829; x_wconf 87' lang='grc' dir='ltr'><em>δε</em></span> <span class='ocrx_word' id='word_1_87' title='bbox 435 783 534 840; x_wconf 87' lang='grc' dir='ltr'><em>τινί,</em></span> <span class='ocrx_word' id='word_1_88' title='bbox 563 780 803 841; x_wconf 84' lang='grc' dir='ltr'><em>ανθρωπος</em></span> <span class='ocrx_word' id='word_1_89' title='bbox 836 783 883 829; x_wconf 89' lang='grc' dir='ltr'><em>δε</em></span> <span class='ocrx_word' id='word_1_90' title='bbox 911 783 995 828; x_wconf 84' lang='grc' dir='ltr'><em>τινὶ</em></span> <span class='ocrx_word' id='word_1_91' title='bbox 1028 763 1174 848; x_wconf 75' lang='grc' dir='ltr'><em>λεὺκῷ</em></span> <span class='ocrx_word' id='word_1_92' title='bbox 1202 780 1289 842; x_wconf 71' lang='grc' dir='ltr'><em>οὐχ</em></span> <span class='ocrx_word' id='word_1_93' title='bbox 1320 779 1521 840; x_wconf 78' lang='grc' dir='ltr'><em>ὑπάρξει.</em></span> 
     </span>
     <span class='ocr_line' id='line_1_10' title="bbox 65 828 1524 932; baseline -0.003 -34"><span class='ocrx_word' id='word_1_94' title='bbox 65 831 141 898; x_wconf 74' lang='grc' dir='ltr'><em>ἐάν</em></span> <span class='ocrx_word' id='word_1_95' title='bbox 173 844 259 898; x_wconf 82' lang='grc' dir='ltr'><em>οὖν</em></span> <span class='ocrx_word' id='word_1_96' title='bbox 292 854 403 911; x_wconf 79' lang='grc' dir='ltr'><em>τεθῇ</em></span> <span class='ocrx_word' id='word_1_97' title='bbox 436 847 487 896; x_wconf 83' lang='grc' dir='ltr'><em>τὸ</em></span> <span class='ocrx_word' id='word_1_98' title='bbox 516 854 554 896; x_wconf 91' lang='grc' dir='ltr'><em>Α</em></span> <span class='ocrx_word' id='word_1_99' title='bbox 582 854 648 914; x_wconf 77' lang='grc' dir='ltr'><em>τῷ</em></span> <span class='ocrx_word' id='word_1_100' title='bbox 666 868 744 910; x_wconf 90' lang='grc' dir='ltr'><em>μεν</em></span> <span class='ocrx_word' id='word_1_101' title='bbox 764 853 802 896; x_wconf 98' lang='grc' dir='ltr'><strong><em>Β</em></strong></span> <span class='ocrx_word' id='word_1_102' title='bbox 821 850 977 932; x_wconf 88' lang='grc' dir='ltr'><em>μηδενὶ</em></span> <span class='ocrx_word' id='word_1_103' title='bbox 995 828 1213 910; x_wconf 86' lang='grc' dir='ltr'><em>ὑπάρχειν</em></span> <span class='ocrx_word' id='word_1_104' title='bbox 1228 852 1291 932; x_wconf 76' lang='grc' dir='ltr'><em>τῷ</em></span> <span class='ocrx_word' id='word_1_105' title='bbox 1311 850 1359 895; x_wconf 91' lang='grc' dir='ltr'><em>δε</em></span> <span class='ocrx_word' id='word_1_106' title='bbox 1383 849 1524 895; x_wconf 87' lang='grc' dir='ltr'><em>Γτινὶ</em></span> 
     </span>
     <span class='ocr_line' id='line_1_11' title="bbox 64 914 1572 999; baseline -0.001 -34"><span class='ocrx_word' id='word_1_107' title='bbox 64 917 289 978; x_wconf 83' lang='grc' dir='ltr'><em>ὑπάρχειν,</em></span> <span class='ocrx_word' id='word_1_108' title='bbox 322 916 352 979; x_wconf 84' lang='grc' dir='ltr'><em>ἡ</em></span> <span class='ocrx_word' id='word_1_109' title='bbox 381 935 459 978; x_wconf 89' lang='grc' dir='ltr'><em>μεν</em></span> <span class='ocrx_word' id='word_1_110' title='bbox 477 916 686 964; x_wconf 79' lang='grc' dir='ltr'><strong><em>καθόλου</em></strong></span> <span class='ocrx_word' id='word_1_111' title='bbox 706 916 922 976; x_wconf 86' lang='grc' dir='ltr'><em>πρότασις</em></span> <span class='ocrx_word' id='word_1_112' title='bbox 944 914 1028 980; x_wconf 80' lang='grc' dir='ltr'><em>ὅλη</em></span> <span class='ocrx_word' id='word_1_113' title='bbox 1050 916 1236 999; x_wconf 70' lang='grc' dir='ltr'><em>ψευδής,</em></span> <span class='ocrx_word' id='word_1_114' title='bbox 1257 914 1288 981; x_wconf 78' lang='grc' dir='ltr'><strong><em>ἡ</em></strong></span> <span class='ocrx_word' id='word_1_115' title='bbox 1310 914 1349 963; x_wconf 84' lang='grc' dir='ltr'><em>δ’</em></span> <span class='ocrx_word' id='word_1_116' title='bbox 1375 916 1420 964; x_wconf 75' lang='grc' dir='ltr'><em>ἐν</em></span> <span class='ocrx_word' id='word_1_117' title='bbox 1441 915 1519 977; x_wconf 90' lang='grc' dir='ltr'><strong><em>μέ-</em></strong></span> <span class='ocrx_word' id='word_1_118' title='bbox 1537 930 1572 958; x_wconf 85' lang='grc'><em>10</em></span> 
     </span>
     <span class='ocr_line' id='line_1_12' title="bbox 64 982 1524 1048; baseline -0.001 -16"><span class='ocrx_word' id='word_1_119' title='bbox 64 1004 130 1047; x_wconf 86' lang='grc' dir='ltr'><em>ρει</em></span> <span class='ocrx_word' id='word_1_120' title='bbox 160 984 359 1048; x_wconf 80' lang='grc' dir='ltr'><em>ιῖληθής,</em></span> <span class='ocrx_word' id='word_1_121' title='bbox 388 986 462 1031; x_wconf 76' lang='grc' dir='ltr'><strong><em>καὶ</em></strong></span> <span class='ocrx_word' id='word_1_122' title='bbox 492 983 544 1031; x_wconf 83' lang='grc' dir='ltr'><em>τὸ</em></span> <span class='ocrx_word' id='word_1_123' title='bbox 573 997 627 1031; x_wconf 82' lang='grc' dir='ltr'><em>σι</em></span> <span class='ocrx_word' id='word_1_124' title='bbox 624 985 868 1046; x_wconf 81' lang='grc' dir='ltr'><em>μπεοασιια</em></span> <span class='ocrx_word' id='word_1_125' title='bbox 902 983 1081 1048; x_wconf 83' lang='grc' dir='ltr'><em>άληθές.</em></span> <span class='ocrx_word' id='word_1_126' title='bbox 1130 982 1341 1042; x_wconf 87' lang='grc' dir='ltr'><em>ωσαύτως</em></span> <span class='ocrx_word' id='word_1_127' title='bbox 1369 985 1418 1031; x_wconf 71' lang='grc' dir='ltr'><em>δὲ</em></span> <span class='ocrx_word' id='word_1_128' title='bbox 1444 984 1524 1031; x_wconf 73' lang='grc' dir='ltr'><strong><em>’καὶ</em></strong></span> 
     </span>
     <span class='ocr_line' id='line_1_13' title="bbox 63 1049 1524 1116; baseline -0.002 -15.998"><span class='ocrx_word' id='word_1_129' title='bbox 63 1071 367 1115; x_wconf 75' lang='grc' dir='ltr'><em>καταφατικης</em></span> <span class='ocrx_word' id='word_1_130' title='bbox 409 1052 742 1115; x_wconf 82' lang='grc' dir='ltr'><strong><em>λαμβανομένης</em></strong></span> <span class='ocrx_word' id='word_1_131' title='bbox 782 1056 862 1116; x_wconf 81' lang='grc' dir='ltr'><em>τῆς</em></span> <span class='ocrx_word' id='word_1_132' title='bbox 902 1055 1002 1098; x_wconf 90' lang='lat' dir='ltr'><em>AB·</em></span> <span class='ocrx_word' id='word_1_133' title='bbox 1051 1052 1231 1114; x_wconf 79' lang='grc' dir='ltr'><em>ἐγχωρεῖ</em></span> <span class='ocrx_word' id='word_1_134' title='bbox 1275 1070 1359 1114; x_wconf 90' lang='grc' dir='ltr'><em>γαρ</em></span> <span class='ocrx_word' id='word_1_135' title='bbox 1395 1049 1446 1098; x_wconf 85' lang='grc' dir='ltr'><em>τὸ</em></span> <span class='ocrx_word' id='word_1_136' title='bbox 1484 1054 1524 1097; x_wconf 98' lang='lat' dir='ltr'><em>A</em></span> 
     </span>
     <span class='ocr_line' id='line_1_14' title="bbox 63 1116 1525 1185; baseline 0 -19"><span class='ocrx_word' id='word_1_137' title='bbox 63 1124 125 1185; x_wconf 78' lang='grc' dir='ltr'><em>τῷ</em></span> <span class='ocrx_word' id='word_1_138' title='bbox 156 1138 235 1180; x_wconf 88' lang='grc' dir='ltr'><em>μεν</em></span> <span class='ocrx_word' id='word_1_139' title='bbox 264 1122 302 1165; x_wconf 89' lang='grc' dir='ltr'><strong><em>Β</em></strong></span> <span class='ocrx_word' id='word_1_140' title='bbox 330 1121 485 1182; x_wconf 89' lang='grc' dir='ltr'><em>μηδενὶ</em></span> <span class='ocrx_word' id='word_1_141' title='bbox 517 1123 582 1184; x_wconf 75' lang='grc' dir='ltr'><em>τ9ἶ</em></span> <span class='ocrx_word' id='word_1_142' title='bbox 614 1120 660 1165; x_wconf 89' lang='grc' dir='ltr'><em>δε</em></span> <span class='ocrx_word' id='word_1_143' title='bbox 693 1123 740 1165; x_wconf 89' lang='grc' dir='ltr'><em>Γ</em></span> <span class='ocrx_word' id='word_1_144' title='bbox 767 1122 851 1166; x_wconf 90' lang='grc' dir='ltr'><em>τινὶ</em></span> <span class='ocrx_word' id='word_1_145' title='bbox 880 1118 942 1182; x_wconf 86' lang='grc' dir='ltr'><strong><em>μὴ</em></strong></span> <span class='ocrx_word' id='word_1_146' title='bbox 971 1117 1198 1180; x_wconf 77' lang='grc' dir='ltr'><em>ὑπάρχειν,</em></span> <span class='ocrx_word' id='word_1_147' title='bbox 1225 1120 1300 1165; x_wconf 80' lang='grc' dir='ltr'><strong><em>καὶ</em></strong></span> <span class='ocrx_word' id='word_1_148' title='bbox 1330 1116 1382 1166; x_wconf 80' lang='grc' dir='ltr'><em>τὸ</em></span> <span class='ocrx_word' id='word_1_149' title='bbox 1406 1122 1525 1184; x_wconf 76' lang='grc' dir='ltr'><em>Βτῷ</em></span> 
     </span>
     <span class='ocr_line' id='line_1_15' title="bbox 66 1183 1523 1268; baseline 0 -35"><span class='ocrx_word' id='word_1_150' title='bbox 66 1191 112 1233; x_wconf 92' lang='grc' dir='ltr'><em>Γ</em></span> <span class='ocrx_word' id='word_1_151' title='bbox 147 1188 233 1234; x_wconf 85' lang='grc' dir='ltr'><em>τινὶ</em></span> <span class='ocrx_word' id='word_1_152' title='bbox 276 1185 338 1249; x_wconf 81' lang='grc' dir='ltr'><strong><em>μή</em></strong></span> <span class='ocrx_word' id='word_1_153' title='bbox 374 1185 611 1247; x_wconf 81' lang='grc' dir='ltr'><em>ὑπάρχειν,</em></span> <span class='ocrx_word' id='word_1_154' title='bbox 652 1183 750 1232; x_wconf 86' lang='grc' dir='ltr'><em>οἷον</em></span> <span class='ocrx_word' id='word_1_155' title='bbox 781 1184 832 1233; x_wconf 83' lang='grc' dir='ltr'><em>τὸ</em></span> <span class='ocrx_word' id='word_1_156' title='bbox 866 1189 984 1252; x_wconf 78' lang='grc' dir='ltr'><em>ζῷον</em></span> <span class='ocrx_word' id='word_1_157' title='bbox 1015 1185 1167 1234; x_wconf 81' lang='grc' dir='ltr'><em>οὐδενὶ</em></span> <span class='ocrx_word' id='word_1_158' title='bbox 1199 1185 1389 1268; x_wconf 74' lang='grc' dir='ltr'><em>ἄψυχῳ,</em></span> <span class='ocrx_word' id='word_1_159' title='bbox 1417 1190 1523 1233; x_wconf 87' lang='grc' dir='ltr'><em>λευ-</em></span> 
     </span>
     <span class='ocr_line' id='line_1_16' title="bbox 62 1233 1576 1337; baseline 0 -37"><span class='ocrx_word' id='word_1_160' title='bbox 62 1258 132 1320; x_wconf 75' lang='grc' dir='ltr'><em>κ9ῖ</em></span> <span class='ocrx_word' id='word_1_161' title='bbox 150 1255 196 1301; x_wconf 92' lang='grc' dir='ltr'><em>δε</em></span> <span class='ocrx_word' id='word_1_162' title='bbox 215 1255 312 1311; x_wconf 84' lang='grc' dir='ltr'><em>τινί,</em></span> <span class='ocrx_word' id='word_1_163' title='bbox 334 1255 409 1299; x_wconf 75' lang='grc' dir='ltr'><strong><em>καὶ</em></strong></span> <span class='ocrx_word' id='word_1_164' title='bbox 427 1251 480 1300; x_wconf 81' lang='grc' dir='ltr'><em>τὸ</em></span> <span class='ocrx_word' id='word_1_165' title='bbox 505 1252 684 1314; x_wconf 74' lang='grc' dir='ltr'><em>αψυχον</em></span> <span class='ocrx_word' id='word_1_166' title='bbox 709 1251 796 1314; x_wconf 73' lang='grc' dir='ltr'><em>οὐχ</em></span> <span class='ocrx_word' id='word_1_167' title='bbox 817 1233 1007 1314; x_wconf 79' lang='grc' dir='ltr'><em>ὑπάρξει</em></span> <span class='ocrx_word' id='word_1_168' title='bbox 1031 1255 1115 1300; x_wconf 89' lang='grc' dir='ltr'><em>τινὶ</em></span> <span class='ocrx_word' id='word_1_169' title='bbox 1133 1257 1295 1337; x_wconf 74' lang='grc' dir='ltr'><em>λευκ9ἶ.</em></span> <span class='ocrx_word' id='word_1_170' title='bbox 1343 1250 1418 1300; x_wconf 80' lang='grc' dir='ltr'><em>ἐαν</em></span> <span class='ocrx_word' id='word_1_171' title='bbox 1439 1245 1525 1300; x_wconf 81' lang='grc' dir='ltr'><em>οὖν</em></span> <span class='ocrx_word' id='word_1_172' title='bbox 1540 1268 1576 1296; x_wconf 87' lang='lat'><em>1⁵</em></span> 
     </span>
     <span class='ocr_line' id='line_1_17' title="bbox 63 1302 1527 1387; baseline 0 -19"><span class='ocrx_word' id='word_1_173' title='bbox 63 1302 175 1382; x_wconf 76' lang='grc' dir='ltr'><em>τέθῇ</em></span> <span class='ocrx_word' id='word_1_174' title='bbox 216 1319 268 1367; x_wconf 85' lang='grc' dir='ltr'><em>τὸ</em></span> <span class='ocrx_word' id='word_1_175' title='bbox 308 1325 346 1367; x_wconf 93' lang='grc' dir='ltr'><em>Α</em></span> <span class='ocrx_word' id='word_1_176' title='bbox 383 1325 447 1386; x_wconf 78' lang='grc' dir='ltr'><em>τῷ</em></span> <span class='ocrx_word' id='word_1_177' title='bbox 487 1339 565 1381; x_wconf 90' lang='grc' dir='ltr'><em>μεν</em></span> <span class='ocrx_word' id='word_1_178' title='bbox 599 1325 637 1367; x_wconf 92' lang='grc' dir='ltr'><strong><em>Β</em></strong></span> <span class='ocrx_word' id='word_1_179' title='bbox 678 1323 806 1368; x_wconf 89' lang='grc' dir='ltr'><em>παντὶ</em></span> <span class='ocrx_word' id='word_1_180' title='bbox 847 1325 910 1387; x_wconf 73' lang='grc' dir='ltr'><em>τῷ</em></span> <span class='ocrx_word' id='word_1_181' title='bbox 941 1323 989 1368; x_wconf 90' lang='grc' dir='ltr'><em>δε</em></span> <span class='ocrx_word' id='word_1_182' title='bbox 1023 1325 1068 1367; x_wconf 92' lang='grc' dir='ltr'><em>Γ</em></span> <span class='ocrx_word' id='word_1_183' title='bbox 1088 1322 1172 1368; x_wconf 85' lang='grc' dir='ltr'><em>τινὶ</em></span> <span class='ocrx_word' id='word_1_184' title='bbox 1200 1320 1262 1384; x_wconf 90' lang='grc' dir='ltr'><strong><em>μὴ</em></strong></span> <span class='ocrx_word' id='word_1_185' title='bbox 1297 1318 1527 1383; x_wconf 72' lang='grc' dir='ltr'><em>ὑπάρχειν,</em></span> 
     </span>
     <span class='ocr_line' id='line_1_18' title="bbox 64 1370 1535 1453; baseline -0.001 -17"><span class='ocrx_word' id='word_1_186' title='bbox 64 1388 94 1452; x_wconf 80' lang='grc' dir='ltr'><strong><em>ἡ</em></strong></span> <span class='ocrx_word' id='word_1_187' title='bbox 123 1407 201 1449; x_wconf 90' lang='grc' dir='ltr'><em>μεν</em></span> <span class='ocrx_word' id='word_1_188' title='bbox 233 1391 310 1435; x_wconf 89' lang='grc' dir='ltr'><strong><em>ΑΒ</em></strong></span> <span class='ocrx_word' id='word_1_189' title='bbox 335 1370 577 1449; x_wconf 86' lang='grc' dir='ltr'><em>πρότασις,</em></span> <span class='ocrx_word' id='word_1_190' title='bbox 623 1386 652 1451; x_wconf 86' lang='grc' dir='ltr'><em>ἡ</em></span> <span class='ocrx_word' id='word_1_191' title='bbox 683 1388 916 1448; x_wconf 78' lang='grc' dir='ltr'><em>καθόλου,</em></span> <span class='ocrx_word' id='word_1_192' title='bbox 963 1386 1050 1453; x_wconf 80' lang='grc' dir='ltr'><em>ὅλη</em></span> <span class='ocrx_word' id='word_1_193' title='bbox 1088 1392 1178 1445; x_wconf 75' lang='grc' dir='ltr'><em>Γψευ</em></span> <span class='ocrx_word' id='word_1_194' title='bbox 1181 1388 1279 1452; x_wconf 83' lang='grc' dir='ltr'><em>δής,</em></span> <span class='ocrx_word' id='word_1_195' title='bbox 1309 1387 1339 1452; x_wconf 82' lang='grc' dir='ltr'>ἡ</span> <span class='ocrx_word' id='word_1_196' title='bbox 1371 1390 1418 1435; x_wconf 87' lang='grc' dir='ltr'><em>δε</em></span> <span class='ocrx_word' id='word_1_197' title='bbox 1447 1391 1535 1435; x_wconf 89' lang='grc' dir='ltr'><em>ΑΓ</em></span> 
     </span>
     <span class='ocr_line' id='line_1_19' title="bbox 67 1453 1528 1539; baseline 0.001 -37"><span class='ocrx_word' id='word_1_198' title='bbox 67 1455 269 1539; x_wconf 55' lang='grc' dir='ltr'><em>αληθιὲς,</em></span> <span class='ocrx_word' id='word_1_199' title='bbox 307 1457 381 1501; x_wconf 83' lang='grc' dir='ltr'><strong><em>καὶ</em></strong></span> <span class='ocrx_word' id='word_1_200' title='bbox 417 1453 468 1502; x_wconf 79' lang='grc' dir='ltr'><em>τό</em></span> <span class='ocrx_word' id='word_1_201' title='bbox 498 1457 794 1517; x_wconf 81' lang='grc' dir='ltr'><em>συμπέρασμα</em></span> <span class='ocrx_word' id='word_1_202' title='bbox 825 1455 1007 1519; x_wconf 85' lang='grc' dir='ltr'><em>αληθές.</em></span> <span class='ocrx_word' id='word_1_203' title='bbox 1057 1458 1132 1502; x_wconf 81' lang='grc' dir='ltr'><strong><em>καὶ</em></strong></span> <span class='ocrx_word' id='word_1_204' title='bbox 1163 1460 1245 1518; x_wconf 83' lang='grc' dir='ltr'><em>τῆς</em></span> <span class='ocrx_word' id='word_1_205' title='bbox 1271 1475 1350 1516; x_wconf 90' lang='grc' dir='ltr'><em>μεν</em></span> <span class='ocrx_word' id='word_1_206' title='bbox 1380 1455 1528 1503; x_wconf 79' lang='grc' dir='ltr'><strong><em>καθό-</em></strong></span> 
     </span>
     <span class='ocr_line' id='line_1_20' title="bbox 65 1521 1528 1586; baseline 0 -16"><span class='ocrx_word' id='word_1_207' title='bbox 65 1527 152 1570; x_wconf 88' lang='grc' dir='ltr'><em>λου</em></span> <span class='ocrx_word' id='word_1_208' title='bbox 186 1522 396 1586; x_wconf 78' lang='grc' dir='ltr'><em>ιῖληθοῦς</em></span> <span class='ocrx_word' id='word_1_209' title='bbox 424 1523 642 1585; x_wconf 82' lang='grc' dir='ltr'><em>τεθείσης,</em></span> <span class='ocrx_word' id='word_1_210' title='bbox 675 1527 754 1586; x_wconf 84' lang='grc' dir='ltr'><em>τῆς</em></span> <span class='ocrx_word' id='word_1_211' title='bbox 782 1521 822 1570; x_wconf 83' lang='grc' dir='ltr'><em>δ’</em></span> <span class='ocrx_word' id='word_1_212' title='bbox 844 1524 891 1570; x_wconf 76' lang='grc' dir='ltr'><em>ἐν</em></span> <span class='ocrx_word' id='word_1_213' title='bbox 911 1523 1030 1584; x_wconf 84' lang='grc' dir='ltr'><em>μέρει</em></span> <span class='ocrx_word' id='word_1_214' title='bbox 1050 1526 1140 1578; x_wconf 75' lang='grc' dir='ltr'><em>’ψει</em></span> <span class='ocrx_word' id='word_1_215' title='bbox 1143 1526 1267 1581; x_wconf 81' lang='grc' dir='ltr'><em>δοῦς.</em></span> <span class='ocrx_word' id='word_1_216' title='bbox 1291 1521 1426 1570; x_wconf 86' lang='grc' dir='ltr'><em>ουδεν</em></span> <span class='ocrx_word' id='word_1_217' title='bbox 1443 1541 1528 1586; x_wconf 92' lang='grc' dir='ltr'><em>γαρ</em></span> 
     </span>
     <span class='ocr_line' id='line_1_21' title="bbox 65 1587 1580 1664; baseline 0.001 -27"><span class='ocrx_word' id='word_1_218' title='bbox 65 1590 226 1638; x_wconf 84' lang='grc' dir='ltr'><em>κωλύει</em></span> <span class='ocrx_word' id='word_1_219' title='bbox 251 1587 302 1637; x_wconf 79' lang='grc' dir='ltr'><em>τό</em></span> <span class='ocrx_word' id='word_1_220' title='bbox 335 1594 373 1635; x_wconf 90' lang='lat' dir='ltr'><em>A</em></span> <span class='ocrx_word' id='word_1_221' title='bbox 402 1589 510 1652; x_wconf 85' lang='grc' dir='ltr'><em>μήτε</em></span> <span class='ocrx_word' id='word_1_222' title='bbox 527 1590 591 1656; x_wconf 75' lang='grc' dir='ltr'><em>τῷ</em></span> <span class='ocrx_word' id='word_1_223' title='bbox 612 1594 650 1636; x_wconf 92' lang='grc' dir='ltr'><strong><em>Β</em></strong></span> <span class='ocrx_word' id='word_1_224' title='bbox 670 1590 775 1653; x_wconf 87' lang='grc' dir='ltr'><em>μήτε</em></span> <span class='ocrx_word' id='word_1_225' title='bbox 795 1594 862 1664; x_wconf 73' lang='grc' dir='ltr'><em>τ9ῖ</em></span> <span class='ocrx_word' id='word_1_226' title='bbox 885 1594 931 1637; x_wconf 90' lang='grc' dir='ltr'><em>Γ</em></span> <span class='ocrx_word' id='word_1_227' title='bbox 950 1589 1101 1638; x_wconf 86' lang='grc' dir='ltr'><em>ουδενὶ</em></span> <span class='ocrx_word' id='word_1_228' title='bbox 1123 1592 1322 1647; x_wconf 83' lang='grc' dir='ltr'><em>ε’πεσθαι,</em></span> <span class='ocrx_word' id='word_1_229' title='bbox 1352 1589 1403 1638; x_wconf 85' lang='grc' dir='ltr'><em>τὸ</em></span> <span class='ocrx_word' id='word_1_230' title='bbox 1424 1591 1580 1652; x_wconf 66' lang='grc' dir='ltr'><em>μέν-ιο</em></span> 
     </span>
     <span class='ocr_line' id='line_1_22' title="bbox 65 1637 1530 1724; baseline 0.001 -19"><span class='ocrx_word' id='word_1_231' title='bbox 65 1676 134 1705; x_wconf 89' lang='grc' dir='ltr'><em>τοι</em></span> <span class='ocrx_word' id='word_1_232' title='bbox 152 1661 190 1704; x_wconf 90' lang='grc' dir='ltr'><strong><em>Β</em></strong></span> <span class='ocrx_word' id='word_1_233' title='bbox 211 1658 297 1705; x_wconf 87' lang='grc' dir='ltr'><em>τινὶ</em></span> <span class='ocrx_word' id='word_1_234' title='bbox 315 1662 380 1722; x_wconf 74' lang='grc' dir='ltr'><em>τ9ῖ</em></span> <span class='ocrx_word' id='word_1_235' title='bbox 403 1661 450 1704; x_wconf 94' lang='grc' dir='ltr'><em>Γ</em></span> <span class='ocrx_word' id='word_1_236' title='bbox 463 1655 524 1721; x_wconf 80' lang='grc' dir='ltr'><strong><em>μὴ</em></strong></span> <span class='ocrx_word' id='word_1_237' title='bbox 545 1637 774 1719; x_wconf 83' lang='grc' dir='ltr'><em>ὑπάρχειν,</em></span> <span class='ocrx_word' id='word_1_238' title='bbox 795 1656 892 1705; x_wconf 83' lang='grc' dir='ltr'><em>οἷον</em></span> <span class='ocrx_word' id='word_1_239' title='bbox 915 1661 1030 1724; x_wconf 76' lang='grc' dir='ltr'><em>ζῷον</em></span> <span class='ocrx_word' id='word_1_240' title='bbox 1049 1657 1202 1705; x_wconf 88' lang='grc' dir='ltr'><em>ουδενὶ</em></span> <span class='ocrx_word' id='word_1_241' title='bbox 1223 1657 1406 1723; x_wconf 78' lang='grc' dir='ltr'><em>άριθμῶ</em></span> <span class='ocrx_word' id='word_1_242' title='bbox 1428 1657 1530 1706; x_wconf 75' lang='grc' dir='ltr'><em>οὐδ’</em></span> 
     </span>
     <span class='ocr_line' id='line_1_23' title="bbox 69 1706 1530 1791; baseline 0.001 -20"><span class='ocrx_word' id='word_1_243' title='bbox 69 1724 247 1790; x_wconf 74' lang='grc' dir='ltr'><em>αψύχω,</em></span> <span class='ocrx_word' id='word_1_244' title='bbox 289 1727 364 1770; x_wconf 78' lang='grc' dir='ltr'><strong><em>καὶ</em></strong></span> <span class='ocrx_word' id='word_1_245' title='bbox 410 1723 436 1771; x_wconf 85' lang='grc' dir='ltr'>ὁ</span> <span class='ocrx_word' id='word_1_246' title='bbox 469 1723 665 1784; x_wconf 82' lang='grc' dir='ltr'><em>αριθμός</em></span> <span class='ocrx_word' id='word_1_247' title='bbox 693 1727 777 1771; x_wconf 88' lang='grc' dir='ltr'><em>τινὶ</em></span> <span class='ocrx_word' id='word_1_248' title='bbox 809 1706 972 1791; x_wconf 62' lang='grc' dir='ltr'><strong><em>αψύχᾷ]</em></strong></span> <span class='ocrx_word' id='word_1_249' title='bbox 1003 1744 1089 1786; x_wconf 90' lang='grc' dir='ltr'><em>ουχ</em></span> <span class='ocrx_word' id='word_1_250' title='bbox 1117 1727 1273 1772; x_wconf 87' lang='grc' dir='ltr'><em>ε’πεται.</em></span> <span class='ocrx_word' id='word_1_251' title='bbox 1332 1706 1410 1772; x_wconf 69' lang='grc' dir='ltr'><em>ἐάν</em></span> <span class='ocrx_word' id='word_1_252' title='bbox 1443 1718 1530 1773; x_wconf 82' lang='grc' dir='ltr'><em>οὖν</em></span> 
     </span>
     <span class='ocr_line' id='line_1_24' title="bbox 67 1790 1528 1858; baseline 0.001 -19"><span class='ocrx_word' id='word_1_253' title='bbox 67 1796 178 1853; x_wconf 80' lang='grc' dir='ltr'><em>τεθῇ</em></span> <span class='ocrx_word' id='word_1_254' title='bbox 205 1790 256 1839; x_wconf 84' lang='grc' dir='ltr'><em>τὸ</em></span> <span class='ocrx_word' id='word_1_255' title='bbox 283 1796 321 1837; x_wconf 92' lang='grc' dir='ltr'><em>Α</em></span> <span class='ocrx_word' id='word_1_256' title='bbox 347 1796 412 1857; x_wconf 75' lang='grc' dir='ltr'><em>τῷ</em></span> <span class='ocrx_word' id='word_1_257' title='bbox 441 1811 520 1852; x_wconf 91' lang='grc' dir='ltr'><em>μεν</em></span> <span class='ocrx_word' id='word_1_258' title='bbox 551 1796 588 1838; x_wconf 92' lang='grc' dir='ltr'><strong><em>Β</em></strong></span> <span class='ocrx_word' id='word_1_259' title='bbox 616 1794 770 1856; x_wconf 83' lang='grc' dir='ltr'><em>μηδενὶ</em></span> <span class='ocrx_word' id='word_1_260' title='bbox 799 1796 864 1858; x_wconf 79' lang='grc' dir='ltr'><em>τῷ</em></span> <span class='ocrx_word' id='word_1_261' title='bbox 892 1794 939 1839; x_wconf 90' lang='grc' dir='ltr'><em>δε</em></span> <span class='ocrx_word' id='word_1_262' title='bbox 973 1796 1019 1838; x_wconf 91' lang='grc' dir='ltr'><em>Γ</em></span> <span class='ocrx_word' id='word_1_263' title='bbox 1039 1794 1144 1849; x_wconf 87' lang='grc' dir='ltr'><em>τινί,</em></span> <span class='ocrx_word' id='word_1_264' title='bbox 1177 1791 1228 1856; x_wconf 85' lang='grc' dir='ltr'><em>τὸ</em></span> <span class='ocrx_word' id='word_1_265' title='bbox 1254 1811 1333 1853; x_wconf 93' lang='grc' dir='ltr'><em>μεν</em></span> <span class='ocrx_word' id='word_1_266' title='bbox 1355 1793 1528 1853; x_wconf 87' lang='grc' dir='ltr'><em>συμπέ-</em></span> 
     </span>
     <span class='ocr_line' id='line_1_25' title="bbox 69 1838 1530 1923; baseline 0.001 -17"><span class='ocrx_word' id='word_1_267' title='bbox 69 1873 217 1921; x_wconf 91' lang='grc' dir='ltr'><strong><em>ρασμα</em></strong></span> <span class='ocrx_word' id='word_1_268' title='bbox 241 1860 359 1906; x_wconf 89' lang='grc' dir='ltr'><em>εσται</em></span> <span class='ocrx_word' id='word_1_269' title='bbox 379 1838 559 1922; x_wconf 80' lang='grc' dir='ltr'><em>α’ληθες</em></span> <span class='ocrx_word' id='word_1_270' title='bbox 583 1861 657 1906; x_wconf 74' lang='grc' dir='ltr'><strong><em>καὶ</em></strong></span> <span class='ocrx_word' id='word_1_271' title='bbox 680 1858 710 1923; x_wconf 80' lang='grc' dir='ltr'><strong><em>ἡ</em></strong></span> <span class='ocrx_word' id='word_1_272' title='bbox 741 1859 949 1907; x_wconf 75' lang='grc' dir='ltr'><strong><em>καθόλου</em></strong></span> <span class='ocrx_word' id='word_1_273' title='bbox 967 1859 1200 1919; x_wconf 86' lang='grc' dir='ltr'><em>πρότασις,</em></span> <span class='ocrx_word' id='word_1_274' title='bbox 1220 1858 1250 1923; x_wconf 80' lang='grc' dir='ltr'><em>ἡ</em></span> <span class='ocrx_word' id='word_1_275' title='bbox 1275 1858 1314 1907; x_wconf 84' lang='grc' dir='ltr'><em>δ’</em></span> <span class='ocrx_word' id='word_1_276' title='bbox 1342 1860 1390 1907; x_wconf 77' lang='grc' dir='ltr'><em>ἐν</em></span> <span class='ocrx_word' id='word_1_277' title='bbox 1410 1861 1530 1922; x_wconf 88' lang='grc' dir='ltr'><em>μέρει</em></span> 
     </span>
     <span class='ocr_line' id='line_1_26' title="bbox 68 1926 1580 2011; baseline 0.001 -37"><span class='ocrx_word' id='word_1_278' title='bbox 68 1926 253 1990; x_wconf 72' lang='grc' dir='ltr'><em>ψευδής.</em></span> <span class='ocrx_word' id='word_1_279' title='bbox 300 1927 375 1972; x_wconf 77' lang='grc' dir='ltr'><strong><em>καὶ</em></strong></span> <span class='ocrx_word' id='word_1_280' title='bbox 395 1931 700 1990; x_wconf 79' lang='grc' dir='ltr'><em>καταφατικῆς</em></span> <span class='ocrx_word' id='word_1_281' title='bbox 723 1928 771 1974; x_wconf 91' lang='grc' dir='ltr'><em>δε</em></span> <span class='ocrx_word' id='word_1_282' title='bbox 793 1931 873 1990; x_wconf 77' lang='grc' dir='ltr'><em>τῆς</em></span> <span class='ocrx_word' id='word_1_283' title='bbox 894 1926 1100 1975; x_wconf 77' lang='grc' dir='ltr'><strong><em>καθόλου</em></strong></span> <span class='ocrx_word' id='word_1_284' title='bbox 1119 1927 1352 2011; x_wconf 82' lang='grc' dir='ltr'><em>τιθεμένης</em></span> <span class='ocrx_word' id='word_1_285' title='bbox 1372 1926 1580 1975; x_wconf 72' lang='grc' dir='ltr'><strong><em>ὦσαύ-25</em></strong></span> 
     </span>
     <span class='ocr_line' id='line_1_27' title="bbox 67 1993 1530 2079; baseline 0.001 -38"><span class='ocrx_word' id='word_1_286' title='bbox 67 2012 163 2051; x_wconf 90' lang='grc' dir='ltr'><em>τως.</em></span> <span class='ocrx_word' id='word_1_287' title='bbox 199 1995 377 2055; x_wconf 82' lang='grc' dir='ltr'><em>ἐγχωρεῖ</em></span> <span class='ocrx_word' id='word_1_288' title='bbox 399 2013 482 2079; x_wconf 86' lang='grc' dir='ltr'><em>γαρ</em></span> <span class='ocrx_word' id='word_1_289' title='bbox 511 1993 562 2040; x_wconf 88' lang='grc' dir='ltr'>τό</span> <span class='ocrx_word' id='word_1_290' title='bbox 592 1998 630 2040; x_wconf 90' lang='grc' dir='ltr'><em>Α</em></span> <span class='ocrx_word' id='word_1_291' title='bbox 659 1995 734 2040; x_wconf 77' lang='grc' dir='ltr'><strong><em>καὶ</em></strong></span> <span class='ocrx_word' id='word_1_292' title='bbox 765 1999 831 2060; x_wconf 80' lang='grc' dir='ltr'><em>τ9ῖ</em></span> <span class='ocrx_word' id='word_1_293' title='bbox 861 1999 898 2040; x_wconf 88' lang='grc' dir='ltr'><strong><em>Β</em></strong></span> <span class='ocrx_word' id='word_1_294' title='bbox 926 1996 1001 2042; x_wconf 81' lang='grc' dir='ltr'><strong><em>καὶ</em></strong></span> <span class='ocrx_word' id='word_1_295' title='bbox 1030 1999 1093 2061; x_wconf 76' lang='grc' dir='ltr'><em>τῷ</em></span> <span class='ocrx_word' id='word_1_296' title='bbox 1124 1993 1274 2077; x_wconf 81' lang='grc' dir='ltr'><em>Γὸλῳ</em></span> <span class='ocrx_word' id='word_1_297' title='bbox 1299 1994 1530 2057; x_wconf 78' lang='grc' dir='ltr'><em>ὑπάρχειν,</em></span> 
     </span>
     <span class='ocr_line' id='line_1_28' title="bbox 67 2059 1532 2149; baseline 0.001 -41"><span class='ocrx_word' id='word_1_298' title='bbox 67 2060 121 2108; x_wconf 79' lang='grc' dir='ltr'><em>τὸ</em></span> <span class='ocrx_word' id='word_1_299' title='bbox 149 2062 299 2122; x_wconf 88' lang='grc' dir='ltr'><em>μέντοι</em></span> <span class='ocrx_word' id='word_1_300' title='bbox 326 2065 364 2107; x_wconf 91' lang='grc' dir='ltr'><strong><em>Β</em></strong></span> <span class='ocrx_word' id='word_1_301' title='bbox 393 2063 476 2108; x_wconf 83' lang='grc' dir='ltr'><em>τινὶ</em></span> <span class='ocrx_word' id='word_1_302' title='bbox 499 2066 566 2108; x_wconf 77' lang='grc' dir='ltr'>τοῖ</span> <span class='ocrx_word' id='word_1_303' title='bbox 592 2060 712 2125; x_wconf 88' lang='grc' dir='ltr'><em>Γμη</em></span> <span class='ocrx_word' id='word_1_304' title='bbox 739 2063 937 2119; x_wconf 88' lang='grc' dir='ltr'><em>ε’πεσθαι,</em></span> <span class='ocrx_word' id='word_1_305' title='bbox 969 2059 1067 2109; x_wconf 84' lang='grc' dir='ltr'><em>οἷον</em></span> <span class='ocrx_word' id='word_1_306' title='bbox 1096 2061 1147 2109; x_wconf 86' lang='grc' dir='ltr'><em>τὸ</em></span> <span class='ocrx_word' id='word_1_307' title='bbox 1178 2063 1322 2149; x_wconf 41' lang='grc' dir='ltr'><em>γένος(ἱ</em></span> <span class='ocrx_word' id='word_1_308' title='bbox 1337 2067 1399 2129; x_wconf 75' lang='grc' dir='ltr'><em>τῷ</em></span> <span class='ocrx_word' id='word_1_309' title='bbox 1426 2065 1532 2110; x_wconf 82' lang='grc' dir='ltr'><em>εἴδει</em></span> 
     </span>
     <span class='ocr_line' id='line_1_29' title="bbox 68 2109 1532 2215; baseline 0.002 -41.002"><span class='ocrx_word' id='word_1_310' title='bbox 68 2130 140 2175; x_wconf 79' lang='grc' dir='ltr'><strong><em>καὶ</em></strong></span> <span class='ocrx_word' id='word_1_311' title='bbox 163 2133 218 2190; x_wconf 81' lang='grc' dir='ltr'><em>τῇ</em></span> <span class='ocrx_word' id='word_1_312' title='bbox 237 2132 459 2193; x_wconf 77' lang='grc' dir='ltr'><em>διαφορᾷ·</em></span> <span class='ocrx_word' id='word_1_313' title='bbox 491 2109 544 2176; x_wconf 81' lang='grc' dir='ltr'><em>τό</em></span> <span class='ocrx_word' id='word_1_314' title='bbox 566 2127 698 2191; x_wconf 45' lang='grc' dir='ltr'><em>γάρῳ</em></span> <span class='ocrx_word' id='word_1_315' title='bbox 673 2134 791 2194; x_wconf 64' lang='grc' dir='ltr'><em>ς9ῖον</em></span> <span class='ocrx_word' id='word_1_316' title='bbox 811 2132 940 2177; x_wconf 83' lang='grc' dir='ltr'><em>παντὶ</em></span> <span class='ocrx_word' id='word_1_317' title='bbox 963 2128 1190 2215; x_wconf 74' lang='grc' dir='ltr'><em>α’νθρῶπῳ</em></span> <span class='ocrx_word' id='word_1_318' title='bbox 1209 2132 1282 2177; x_wconf 80' lang='grc' dir='ltr'><strong><em>καὶ</em></strong></span> <span class='ocrx_word' id='word_1_319' title='bbox 1303 2111 1394 2177; x_wconf 79' lang='grc' dir='ltr'><em>ὅλω</em></span> <span class='ocrx_word' id='word_1_320' title='bbox 1413 2134 1532 2196; x_wconf 73' lang='grc' dir='ltr'><em>πεζῷ</em></span> 
     </span>
     <span class='ocr_line' id='line_1_30' title="bbox 69 2194 1531 2278; baseline 0.001 -36"><span class='ocrx_word' id='word_1_321' title='bbox 69 2197 225 2250; x_wconf 86' lang='grc' dir='ltr'><em>ε’πεται,</em></span> <span class='ocrx_word' id='word_1_322' title='bbox 252 2194 493 2278; x_wconf 74' lang='grc' dir='ltr'><em>ἄνθρωπος</em></span> <span class='ocrx_word' id='word_1_323' title='bbox 515 2194 555 2242; x_wconf 83' lang='lat'><em>6&#39;</em></span> <span class='ocrx_word' id='word_1_324' title='bbox 576 2195 635 2244; x_wconf 78' lang='grc' dir='ltr'><em>οὔ</em></span> <span class='ocrx_word' id='word_1_325' title='bbox 653 2198 783 2244; x_wconf 85' lang='grc' dir='ltr'><em>παντὶ</em></span> <span class='ocrx_word' id='word_1_326' title='bbox 804 2201 937 2262; x_wconf 76' lang='grc' dir='ltr'><em>πεζῷ.</em></span> <span class='ocrx_word' id='word_1_327' title='bbox 961 2195 1062 2245; x_wconf 82' lang='grc' dir='ltr'><em>ωστ’</em></span> <span class='ocrx_word' id='word_1_328' title='bbox 1084 2217 1139 2245; x_wconf 89' lang='grc' dir='ltr'><em>αν</em></span> <span class='ocrx_word' id='word_1_329' title='bbox 1159 2202 1321 2260; x_wconf 82' lang='grc' dir='ltr'><em>ληφθη</em></span> <span class='ocrx_word' id='word_1_330' title='bbox 1340 2196 1390 2244; x_wconf 83' lang='grc' dir='ltr'><em>τὸ</em></span> <span class='ocrx_word' id='word_1_331' title='bbox 1413 2202 1451 2243; x_wconf 86' lang='lat' dir='ltr'><em>A</em></span> <span class='ocrx_word' id='word_1_332' title='bbox 1469 2217 1531 2244; x_wconf 89' lang='grc' dir='ltr'><em>τω</em></span> 
     </span>
     <span class='ocr_line' id='line_1_31' title="bbox 69 2260 1583 2328; baseline 0.001 -19"><span class='ocrx_word' id='word_1_333' title='bbox 69 2264 149 2324; x_wconf 88' lang='grc' dir='ltr'><em>μεν</em></span> <span class='ocrx_word' id='word_1_334' title='bbox 167 2266 205 2308; x_wconf 88' lang='grc' dir='ltr'><strong><em>Β</em></strong></span> <span class='ocrx_word' id='word_1_335' title='bbox 226 2260 314 2309; x_wconf 82' lang='grc' dir='ltr'><em>ὅλω</em></span> <span class='ocrx_word' id='word_1_336' title='bbox 335 2260 572 2323; x_wconf 85' lang='grc' dir='ltr'><em>υπάρχειν,</em></span> <span class='ocrx_word' id='word_1_337' title='bbox 603 2266 668 2309; x_wconf 77' lang='grc' dir='ltr'><em>τῶ</em></span> <span class='ocrx_word' id='word_1_338' title='bbox 696 2265 744 2309; x_wconf 91' lang='grc' dir='ltr'><em>δε</em></span> <span class='ocrx_word' id='word_1_339' title='bbox 776 2267 822 2309; x_wconf 89' lang='grc' dir='ltr'><em>Γ</em></span> <span class='ocrx_word' id='word_1_340' title='bbox 843 2266 928 2311; x_wconf 86' lang='grc' dir='ltr'><em>τινὶ</em></span> <span class='ocrx_word' id='word_1_341' title='bbox 956 2263 1017 2328; x_wconf 87' lang='grc' dir='ltr'><strong><em>μὴ</em></strong></span> <span class='ocrx_word' id='word_1_342' title='bbox 1037 2263 1266 2325; x_wconf 84' lang='grc' dir='ltr'><em>ὑπάρχειν,</em></span> <span class='ocrx_word' id='word_1_343' title='bbox 1300 2262 1328 2327; x_wconf 86' lang='grc' dir='ltr'><em>ἡ</em></span> <span class='ocrx_word' id='word_1_344' title='bbox 1346 2265 1426 2325; x_wconf 78' lang='grc' dir='ltr'><em>μὲν</em></span> <span class='ocrx_word' id='word_1_345' title='bbox 1448 2282 1583 2311; x_wconf 71' lang='lat' dir='ltr'><strong><em>noc-so</em></strong></span> 
     </span>
     <span class='ocr_line' id='line_1_32' title="bbox 69 2310 1527 2395; baseline 0.001 -18"><span class='ocrx_word' id='word_1_346' title='bbox 69 2328 219 2377; x_wconf 85' lang='grc' dir='ltr'><strong><em>θόλου</em></strong></span> <span class='ocrx_word' id='word_1_347' title='bbox 250 2310 467 2389; x_wconf 89' lang='grc' dir='ltr'><em>πρότασις</em></span> <span class='ocrx_word' id='word_1_348' title='bbox 498 2310 691 2394; x_wconf 84' lang='grc' dir='ltr'><em>α’ληθής,</em></span> <span class='ocrx_word' id='word_1_349' title='bbox 727 2328 757 2393; x_wconf 86' lang='grc' dir='ltr'><em>ἡ</em></span> <span class='ocrx_word' id='word_1_350' title='bbox 779 2329 818 2377; x_wconf 85' lang='grc' dir='ltr'><em>δ’</em></span> <span class='ocrx_word' id='word_1_351' title='bbox 841 2332 889 2378; x_wconf 81' lang='grc' dir='ltr'><em>ἐν</em></span> <span class='ocrx_word' id='word_1_352' title='bbox 908 2332 1027 2392; x_wconf 88' lang='grc' dir='ltr'><em>μέρει</em></span> <span class='ocrx_word' id='word_1_353' title='bbox 1052 2331 1239 2395; x_wconf 73' lang='grc' dir='ltr'><em>ψευδης,</em></span> <span class='ocrx_word' id='word_1_354' title='bbox 1254 2349 1306 2377; x_wconf 88' lang='grc' dir='ltr'><em>το</em></span> <span class='ocrx_word' id='word_1_355' title='bbox 1335 2332 1383 2379; x_wconf 73' lang='grc' dir='ltr'><em>δὲ</em></span> <span class='ocrx_word' id='word_1_356' title='bbox 1406 2343 1527 2393; x_wconf 92' lang='grc' dir='ltr'><strong><em>συμ-</em></strong></span> 
     </span>
     <span class='ocr_line' id='line_1_33' title="bbox 69 2395 1531 2460; baseline 0.001 -16"><span class='ocrx_word' id='word_1_357' title='bbox 69 2398 271 2458; x_wconf 89' lang='grc' dir='ltr'><strong><em>πέρασμα</em></strong></span> <span class='ocrx_word' id='word_1_358' title='bbox 293 2395 471 2460; x_wconf 67' lang='grc' dir='ltr'><em>ἀληθές.</em></span> <span class='ocrx_word' id='word_1_359' title='bbox 509 2395 709 2458; x_wconf 80' lang='grc' dir='ltr'><em>φανερὸν</em></span> <span class='ocrx_word' id='word_1_360' title='bbox 741 2398 788 2444; x_wconf 92' lang='grc' dir='ltr'><em>δε</em></span> <span class='ocrx_word' id='word_1_361' title='bbox 807 2400 882 2446; x_wconf 86' lang='grc' dir='ltr'><strong><em>καὶ</em></strong></span> <span class='ocrx_word' id='word_1_362' title='bbox 902 2396 969 2446; x_wconf 81' lang='grc' dir='ltr'><em>ὅτι</em></span> <span class='ocrx_word' id='word_1_363' title='bbox 993 2397 1084 2456; x_wconf 62' lang='grc' dir='ltr'><em>«ᾆξ’</em></span> <span class='ocrx_word' id='word_1_364' title='bbox 1055 2399 1320 2460; x_wconf 84' lang='grc' dir='ltr'><em>αμφοτέρων</em></span> <span class='ocrx_word' id='word_1_365' title='bbox 1344 2402 1531 2455; x_wconf 75' lang='grc' dir='ltr'><em>ψευδων</em></span> 
     </span>
     <span class='ocr_line' id='line_1_34' title="bbox 69 2462 1532 2528; baseline 0.001 -16"><span class='ocrx_word' id='word_1_366' title='bbox 69 2465 188 2512; x_wconf 84' lang='grc' dir='ltr'><em>ε’σται</em></span> <span class='ocrx_word' id='word_1_367' title='bbox 229 2462 280 2512; x_wconf 81' lang='grc' dir='ltr'><em>τὸ</em></span> <span class='ocrx_word' id='word_1_368' title='bbox 322 2465 619 2525; x_wconf 85' lang='grc' dir='ltr'><strong><em>συμπέρασμα</em></strong></span> <span class='ocrx_word' id='word_1_369' title='bbox 663 2463 855 2528; x_wconf 81' lang='grc' dir='ltr'><em>άληθές,</em></span> <span class='ocrx_word' id='word_1_370' title='bbox 885 2468 1004 2527; x_wconf 79' lang='grc' dir='ltr'><em>εἴπερ</em></span> <span class='ocrx_word' id='word_1_371' title='bbox 1048 2468 1261 2528; x_wconf 80' lang='grc' dir='ltr'><em>ἐνδέχεται</em></span> <span class='ocrx_word' id='word_1_372' title='bbox 1302 2464 1355 2513; x_wconf 80' lang='grc' dir='ltr'><em>τὸ</em></span> <span class='ocrx_word' id='word_1_373' title='bbox 1387 2471 1426 2513; x_wconf 90' lang='grc' dir='ltr'><em>Α</em></span> <span class='ocrx_word' id='word_1_374' title='bbox 1456 2468 1532 2514; x_wconf 80' lang='grc' dir='ltr'><strong><em>καὶ</em></strong></span> 
     </span>
     <span class='ocr_line' id='line_1_35' title="bbox 70 2530 1532 2616; baseline 0.001 -37"><span class='ocrx_word' id='word_1_375' title='bbox 70 2537 135 2598; x_wconf 75' lang='grc' dir='ltr'><em>τῷ</em></span> <span class='ocrx_word' id='word_1_376' title='bbox 166 2536 204 2579; x_wconf 92' lang='grc' dir='ltr'><strong><em>Β</em></strong></span> <span class='ocrx_word' id='word_1_377' title='bbox 239 2533 312 2579; x_wconf 80' lang='grc' dir='ltr'><strong><em>καὶ</em></strong></span> <span class='ocrx_word' id='word_1_378' title='bbox 342 2536 407 2597; x_wconf 76' lang='grc' dir='ltr'><em>τῷ</em></span> <span class='ocrx_word' id='word_1_379' title='bbox 442 2536 488 2578; x_wconf 89' lang='lat'><strong><em>1</em></strong></span> <span class='ocrx_word' id='word_1_380' title='bbox 514 2530 607 2598; x_wconf 76' lang='grc' dir='ltr'><em>ὅλῳ</em></span> <span class='ocrx_word' id='word_1_381' title='bbox 610 2530 863 2616; x_wconf 83' lang='grc' dir='ltr'><em>ὑπάρχειν,</em></span> <span class='ocrx_word' id='word_1_382' title='bbox 892 2532 944 2581; x_wconf 79' lang='grc' dir='ltr'><em>τό</em></span> <span class='ocrx_word' id='word_1_383' title='bbox 979 2534 1126 2595; x_wconf 86' lang='grc' dir='ltr'><em>μέντοι</em></span> <span class='ocrx_word' id='word_1_384' title='bbox 1160 2538 1199 2580; x_wconf 96' lang='grc' dir='ltr'><strong><em>Β</em></strong></span> <span class='ocrx_word' id='word_1_385' title='bbox 1220 2534 1304 2581; x_wconf 86' lang='grc' dir='ltr'><em>τινὶ</em></span> <span class='ocrx_word' id='word_1_386' title='bbox 1323 2538 1389 2600; x_wconf 78' lang='grc' dir='ltr'><em>τ9ἶ</em></span> <span class='ocrx_word' id='word_1_387' title='bbox 1411 2533 1532 2598; x_wconf 90' lang='grc' dir='ltr'><em>Γμὴ</em></span> 
     </span>
     <span class='ocr_line' id='line_1_36' title="bbox 71 2598 1582 2666; baseline 0.003 -20"><span class='ocrx_word' id='word_1_388' title='bbox 71 2600 267 2647; x_wconf 87' lang='grc' dir='ltr'><em>επεσθαι.</em></span> <span class='ocrx_word' id='word_1_389' title='bbox 292 2600 547 2663; x_wconf 83' lang='grc' dir='ltr'><em>ληφθέντος</em></span> <span class='ocrx_word' id='word_1_390' title='bbox 565 2598 651 2663; x_wconf 76' lang='grc' dir='ltr'><em>γιέρ</em></span> <span class='ocrx_word' id='word_1_391' title='bbox 669 2619 754 2647; x_wconf 89' lang='grc' dir='ltr'><em>του</em></span> <span class='ocrx_word' id='word_1_392' title='bbox 778 2605 816 2646; x_wconf 92' lang='grc' dir='ltr'><em>Λ</em></span> <span class='ocrx_word' id='word_1_393' title='bbox 835 2605 899 2666; x_wconf 79' lang='grc' dir='ltr'><em>τῷ</em></span> <span class='ocrx_word' id='word_1_394' title='bbox 922 2602 1051 2663; x_wconf 89' lang='grc' dir='ltr'><em>μενΒ</em></span> <span class='ocrx_word' id='word_1_395' title='bbox 1072 2602 1226 2666; x_wconf 87' lang='grc' dir='ltr'><em>μηδενὶ</em></span> <span class='ocrx_word' id='word_1_396' title='bbox 1239 2605 1302 2666; x_wconf 76' lang='grc' dir='ltr'><em>τῷ</em></span> <span class='ocrx_word' id='word_1_397' title='bbox 1320 2603 1368 2648; x_wconf 76' lang='grc' dir='ltr'><em>δὲ</em></span> <span class='ocrx_word' id='word_1_398' title='bbox 1391 2603 1532 2650; x_wconf 82' lang='grc' dir='ltr'><em>Γτινὶ</em></span> <span class='ocrx_word' id='word_1_399' title='bbox 1547 2620 1582 2649; x_wconf 75' lang='lat'><em>3⁵</em></span> 
     </span>
    </p>
   </div>
   <div class='ocr_carea' id='block_1_3' title="bbox 70 2680 341 2686">
    <p class='ocr_par' dir='ltr' id='par_1_3' title="bbox 70 2680 341 2686">
     <span class='ocr_line' id='line_1_37' title="bbox 70 2680 341 2686; baseline 0 0"><span class='ocrx_word' id='word_1_400' title='bbox 70 2680 341 2686; x_wconf 95' lang='lat' dir='ltr'><em> </em></span> 
     </span>
    </p>
   </div>
   <div class='ocr_carea' id='block_1_4' title="bbox 71 2712 1532 2856">
    <p class='ocr_par' dir='ltr' id='par_1_4' title="bbox 71 2712 1532 2853">
     <span class='ocr_line' id='line_1_38' title="bbox 162 2712 1529 2760; baseline 0.002 -11"><span class='ocrx_word' id='word_1_401' title='bbox 162 2713 251 2749; x_wconf 70' lang='lat'>56³4</span> <span class='ocrx_word' id='word_1_402' title='bbox 268 2727 361 2757; x_wconf 82' lang='grc' dir='ltr'><em>μετα</em></span> <span class='ocrx_word' id='word_1_403' title='bbox 374 2716 431 2749; x_wconf 79' lang='lat' dir='ltr'><em>adi</em></span> <span class='ocrx_word' id='word_1_404' title='bbox 450 2728 489 2749; x_wconf 86' lang='lat' dir='ltr'><em>rc</em></span> <span class='ocrx_word' id='word_1_405' title='bbox 507 2727 563 2759; x_wconf 88' lang='lat' dir='ltr'><em>mg</em></span> <span class='ocrx_word' id='word_1_406' title='bbox 578 2728 611 2749; x_wconf 82' lang='lat' dir='ltr'><em>n.</em></span> <span class='ocrx_word' id='word_1_407' title='bbox 623 2736 667 2741; x_wconf 97' lang='lat'><strong>—</strong></span> <span class='ocrx_word' id='word_1_408' title='bbox 689 2716 731 2749; x_wconf 75' lang='lat'><em>13</em></span> <span class='ocrx_word' id='word_1_409' title='bbox 742 2714 826 2750; x_wconf 83' lang='grc' dir='ltr'><em>και</em></span> <span class='ocrx_word' id='word_1_410' title='bbox 864 2712 1065 2760; x_wconf 78' lang='grc' dir='ltr'><em>.ὑπα’ρχειν</em></span> <span class='ocrx_word' id='word_1_411' title='bbox 1082 2726 1138 2747; x_wconf 91' lang='lat' dir='ltr'><em>om</em></span> <span class='ocrx_word' id='word_1_412' title='bbox 1157 2726 1199 2749; x_wconf 90' lang='lat' dir='ltr'><em>m.</em></span> <span class='ocrx_word' id='word_1_413' title='bbox 1216 2733 1257 2739; x_wconf 93' lang='lat'>—</span> <span class='ocrx_word' id='word_1_414' title='bbox 1285 2716 1326 2749; x_wconf 87' lang='lat'><em>14</em></span> <span class='ocrx_word' id='word_1_415' title='bbox 1342 2713 1384 2751; x_wconf 85' lang='grc' dir='ltr'><em>τὸ</em></span> <span class='ocrx_word' id='word_1_416' title='bbox 1408 2729 1464 2751; x_wconf 89' lang='lat' dir='ltr'><em>om</em></span> <span class='ocrx_word' id='word_1_417' title='bbox 1484 2730 1529 2751; x_wconf 90' lang='lat' dir='ltr'><em>m.</em></span> 
     </span>
     <span class='ocr_line' id='line_1_39' title="bbox 71 2757 1530 2818; baseline 0.003 -25"><span class='ocrx_word' id='word_1_418' title='bbox 71 2778 117 2785; x_wconf 95' lang='lat'><strong>—</strong></span> <span class='ocrx_word' id='word_1_419' title='bbox 142 2760 185 2793; x_wconf 85' lang='lat'><em>15</em></span> <span class='ocrx_word' id='word_1_420' title='bbox 198 2760 282 2814; x_wconf 78' lang='grc' dir='ltr'><strong><em>καὶ]</em></strong></span> <span class='ocrx_word' id='word_1_421' title='bbox 301 2759 347 2796; x_wconf 74' lang='grc' dir='ltr'><em>οὕ</em></span> <span class='ocrx_word' id='word_1_422' title='bbox 387 2759 559 2818; x_wconf 69' lang='grc' dir='ltr'><em>υπᾴρχει,</em></span> <span class='ocrx_word' id='word_1_423' title='bbox 583 2761 647 2796; x_wconf 84' lang='grc' dir='ltr'><strong><em>καὶ</em></strong></span> <span class='ocrx_word' id='word_1_424' title='bbox 666 2773 718 2805; x_wconf 92' lang='lat' dir='ltr'><em>m,</em></span> <span class='ocrx_word' id='word_1_425' title='bbox 746 2757 792 2795; x_wconf 77' lang='grc' dir='ltr'><em>οὔ</em></span> <span class='ocrx_word' id='word_1_426' title='bbox 812 2761 899 2816; x_wconf 88' lang='lat' dir='ltr'><strong>(rc),</strong></span> <span class='ocrx_word' id='word_1_427' title='bbox 917 2761 982 2796; x_wconf 82' lang='grc' dir='ltr'><strong><em>καὶ</em></strong></span> <span class='ocrx_word' id='word_1_428' title='bbox 1003 2761 1040 2794; x_wconf 90' lang='lat' dir='ltr'><em>C.</em></span> <span class='ocrx_word' id='word_1_429' title='bbox 1068 2778 1113 2786; x_wconf 91' lang='lat'>—</span> <span class='ocrx_word' id='word_1_430' title='bbox 1146 2762 1193 2794; x_wconf 75' lang='lat'><em>90</em></span> <span class='ocrx_word' id='word_1_431' title='bbox 1213 2773 1262 2805; x_wconf 90' lang='grc' dir='ltr'><em>μη</em></span> <span class='ocrx_word' id='word_1_432' title='bbox 1240 2760 1345 2805; x_wconf 82' lang='grc' dir='ltr'><em>ηδενὶ</em></span> <span class='ocrx_word' id='word_1_433' title='bbox 1361 2759 1417 2797; x_wconf 64' lang='grc' dir='ltr'><em>ἔτι.</em></span> <span class='ocrx_word' id='word_1_434' title='bbox 1437 2775 1472 2796; x_wconf 80' lang='grc' dir='ltr'><em>η.</em></span> <span class='ocrx_word' id='word_1_435' title='bbox 1487 2783 1530 2789; x_wconf 92' lang='grc'><strong>-</strong></span> 
     </span>
     <span class='ocr_line' id='line_1_40' title="bbox 71 2802 1532 2856; baseline 0.003 -16"><span class='ocrx_word' id='word_1_436' title='bbox 71 2805 117 2839; x_wconf 75' lang='lat'><em>24</em></span> <span class='ocrx_word' id='word_1_437' title='bbox 135 2802 314 2851; x_wconf 77' lang='grc' dir='ltr'><em>πρότασις</em></span> <span class='ocrx_word' id='word_1_438' title='bbox 332 2805 490 2853; x_wconf 73' lang='grc' dir='ltr'><em>αληθής,</em></span> <span class='ocrx_word' id='word_1_439' title='bbox 513 2806 537 2853; x_wconf 75' lang='grc' dir='ltr'><em>ἡ</em></span> <span class='ocrx_word' id='word_1_440' title='bbox 561 2808 634 2851; x_wconf 83' lang='lat' dir='ltr'><em>Asc.</em></span> <span class='ocrx_word' id='word_1_441' title='bbox 658 2826 704 2832; x_wconf 95' lang='lat'>—</span> <span class='ocrx_word' id='word_1_442' title='bbox 735 2807 781 2840; x_wconf 75' lang='lat'><em>99</em></span> <span class='ocrx_word' id='word_1_443' title='bbox 803 2803 868 2841; x_wconf 79' lang='grc' dir='ltr'><em>ἐὰν</em></span> <span class='ocrx_word' id='word_1_444' title='bbox 887 2817 922 2840; x_wconf 87' lang='grc' dir='ltr'><em>π.</em></span> <span class='ocrx_word' id='word_1_445' title='bbox 949 2826 988 2831; x_wconf 90' lang='lat'><em>—-</em></span> <span class='ocrx_word' id='word_1_446' title='bbox 1017 2806 1061 2840; x_wconf 82' lang='lat'><em>35</em></span> <span class='ocrx_word' id='word_1_447' title='bbox 1080 2802 1252 2848; x_wconf 76' lang='grc' dir='ltr'><em>ἕπεσθαι,</em></span> <span class='ocrx_word' id='word_1_448' title='bbox 1274 2805 1356 2842; x_wconf 78' lang='grc' dir='ltr'><em>οἷον</em></span> <span class='ocrx_word' id='word_1_449' title='bbox 1374 2805 1417 2844; x_wconf 84' lang='grc' dir='ltr'><em>τὸ</em></span> <span class='ocrx_word' id='word_1_450' title='bbox 1438 2809 1532 2856; x_wconf 81' lang='grc' dir='ltr'><em>ζῷον</em></span> 
     </span>
    </p>
   </div>
   <div class='ocr_carea' id='block_1_5' title="bbox 118 2860 1300 2897">
    <p class='ocr_par' dir='ltr' id='par_1_5' title="bbox 118 2860 1300 2897">
     <span class='ocr_line' id='line_1_41' title="bbox 118 2860 1300 2897; baseline 0.003 -4"><span class='ocrx_word' id='word_1_451' title='bbox 118 2860 149 2894; x_wconf 87' lang='grc' dir='ltr'><em>Ῐ.</em></span> <span class='ocrx_word' id='word_1_452' title='bbox 1254 2861 1300 2897; x_wconf 83' lang='grc'><em>15</em></span> 
     </span>
    </p>
   </div>
  </div>
 </body>
</html>
