1838 3086
664 192 1044 230 Hermeneutica.
1537 188 1616 228 861

157 310 261 347 mus,
288 296 339 338 τὸ
366 294 586 337 ἀδύνατον
613 295 692 334 erit
721 306 970 345 consequens
997 291 1080 332 τοῦ
1107 285 1371 341 ἀναγκαίου,
1410 288 1517 339 quod
1546 285 1617 329 ab·

157 362 321 403 surdum
350 366 423 402 est.
461 361 506 400 Si
534 364 673 400 contra
701 358 959 398 concedimus
976 356 1025 397 τὸ
1046 353 1236 396 δυνατὸν
1254 365 1347 392 esse
1365 364 1618 404 consequens

158 429 239 467 τοῦ
267 425 524 477 ἀναγκαίου,
553 437 602 463 ex
629 425 760 475 prima
787 423 893 460 serie
921 427 1080 461 nostrae
1102 420 1262 461 tabulae
1281 422 1450 470 apparet
1468 415 1517 457 τὸ
1538 415 1619 457 οὐκ

157 490 377 532 ἀδύνατον
405 495 448 529 et
474 487 523 529 τὸ
551 487 633 527 οὐκ
661 485 899 537 ἀναγκαῖον
936 500 1028 525 esse
1066 484 1350 536 consequentia
1376 484 1457 523 τοῦ
1486 481 1620 523 δυνα-

157 559 262 597 τοῦε
291 557 366 595 erit
394 556 515 607 igitur
541 551 590 592 τὸ
618 551 699 592 οὐκ
727 550 969 602 ἀναγκαῖον
997 562 1244 600 consequens
1265 550 1347 588 τοῦ
1363 546 1621 600 ἀναγκαίου,

158 621 262 672 quod
291 619 396 658 haud
426 618 555 656 minus
585 617 813 655 absurdum.
858 616 971 654 Haec
1000 616 1121 667 igitur
1148 613 1369 653 difficultas
1397 613 1622 653 luculenter

157 683 335 723 ostendit
371 681 541 721 tabulam
579 686 756 719 nostram
793 693 871 719 non
899 685 1010 718 recte
1039 693 1083 717 se
1112 679 1275 717 habere.
1330 678 1413 716 Iam
1442 683 1487 717 ut
1513 677 1622 729 quod

156 748 197 787 in
225 760 271 786 ea
299 747 420 785 lateat
446 745 584 784 vitium
612 744 802 795 patefiat,
832 745 1090 795 exploremus
1119 755 1221 792 quae
1248 743 1470 781 enuntiatio
1499 754 1549 781 ex
1573 742 1623 780 iis

157 812 197 851 in
225 811 368 862 quibus
395 810 502 848 inest
529 807 578 848 τὸ
605 806 858 859 ἀναγκαῖον,
887 808 1017 860 possit
1045 819 1137 845 esse
1167 818 1416 857 consequens
1442 808 1524 846 τοῦ
1548 804 1624 846 δυ-

158 871 293 916 νατὸν
320 868 452 914 εἶναιε
488 878 656 925 apparet
691 874 794 911 enim
836 884 885 911 ex
922 872 972 910 iis
1006 884 1108 922 quae
1137 870 1257 909 modo
1286 871 1546 922 exposuimus
1574 867 1625 911 τὸ

160 940 241 981 οὐκ
269 938 508 990 ἀναγκαῖον
536 931 646 976 εἶναι
682 950 760 976 non
794 942 904 976 recte
932 936 1109 974 habitum
1138 947 1231 973 esse
1258 947 1334 986 pro
1362 936 1626 988 consequenti

160 1007 241 1046 τοῦ
270 1002 461 1044 δυνατὸν
489 996 612 1043 εἶναι.
667 1002 804 1052 Pergit
832 1002 951 1053 igitur
979 1002 1039 1038 sic
1067 1012 1124 1038 vs.
1155 1000 1218 1038 1⁷.
1263 998 1525 1052 Consequens
1553 1014 1625 1040 au-

160 1075 242 1109 tem
269 1071 351 1109 τοῦ
381 1067 575 1108 δυνατοῦ
612 1079 745 1117 neque
780 1064 829 1105 τὸ
858 1063 1096 1117 ἀναγκαῖον
1123 1058 1235 1103 εἶναι
1271 1076 1363 1102 esse
1390 1068 1527 1115 potest
1553 1077 1625 1105 ne-

161 1147 239 1186 que
265 1131 316 1173 τὸ
343 1131 583 1183 ἀναγκαῖον
610 1127 668 1182 μὴ
698 1125 832 1179 εἶναι,
869 1131 960 1180 quia
998 1128 1095 1167 illud
1124 1127 1194 1174 (τὸ
1223 1126 1436 1175 δυνατόν)
1465 1132 1507 1168 et
1533 1141 1627 1169 esse

159 1203 296 1251 potest
324 1203 366 1236 et
393 1211 470 1236 non
499 1209 612 1242 esse,
642 1195 785 1233 horum
814 1207 910 1232 vero
944 1194 1046 1239 (τοῦ
1073 1190 1313 1244 ἀναγκαῖον
1340 1187 1452 1232 εἶναι
1478 1197 1520 1232 et
1544 1194 1628 1234 τοῦ

160 1260 400 1314 ἀναγκαῖον
427 1258 486 1313 μὴ
515 1255 644 1306 εἶναι)
676 1260 710 1297 si
739 1259 908 1297 alterum
940 1264 1071 1296 utrum
1087 1271 1224 1297 verum
1246 1261 1322 1307 est,
1351 1271 1430 1297 non
1454 1258 1628 1310 amplius

159 1326 358 1365 incertum
397 1332 459 1364 est
494 1331 628 1364 utrum
665 1336 732 1362 res
763 1323 818 1361 sit
855 1334 905 1360 an
943 1334 1020 1360 non
1050 1323 1115 1361 sit.
1173 1322 1305 1372 Quum
1344 1323 1469 1374 igitur
1496 1335 1628 1374 neque

160 1390 262 1429 haec
298 1403 427 1441 neque
462 1388 511 1430 τὸ
550 1388 631 1429 οὐκ
663 1385 904 1438 ἀναγκαῖον
932 1381 1042 1426 εἶναι
1070 1387 1355 1437 consequentia
1383 1400 1476 1426 esse
1502 1400 1627 1439 posse

160 1456 242 1494 τοῦ
271 1453 463 1494 δυνατὸν
489 1449 600 1494 εἶναι
628 1454 943 1491 demonstratum
974 1453 1053 1500 sit,
1082 1451 1278 1502 reliquum
1306 1458 1372 1490 est
1397 1456 1443 1490 ut
1467 1447 1518 1492 τὸ
1536 1450 1629 1492 οὐκ

160 1517 402 1571 ἀναγκαῖον
428 1515 486 1570 μὴ
516 1513 627 1557 εἶναι
654 1517 705 1554 sit
733 1526 1008 1565 consequens:
1046 1515 1144 1553 nihil
1184 1516 1292 1553 enim
1328 1516 1493 1555 absurdi
1523 1517 1627 1564 exit,

162 1584 197 1623 si
235 1582 285 1623 τὸ
322 1581 563 1634 ἀναγκαῖον
598 1586 660 1620 est
697 1577 888 1620 δυνατόν
923 1584 964 1617 et
1002 1580 1035 1618 si
1071 1577 1121 1618 τὸ
1150 1575 1341 1619 δυνατὸν
1368 1581 1517 1620 dicitur
1545 1580 1628 1621 οὐκ

165 1646 407 1700 ἀναγκαῖον
433 1645 491 1699 μὴ
531 1641 661 1693 εἶναι,
700 1646 781 1683 imo
821 1643 976 1682 tollitur
1011 1644 1132 1682 etiam
1166 1644 1380 1683 diversitas
1409 1658 1528 1696 quam
1555 1646 1630 1685 ha-

162 1714 283 1753 bebnt
310 1713 598 1762 consequentia
625 1712 706 1750 τοῦ
735 1706 975 1759 ἀναγκαίου
1013 1721 1115 1758 quae
1143 1708 1326 1758 exposita
1354 1713 1418 1747 est
1445 1722 1468 1747 a
1494 1713 1547 1749 38
1567 1724 1629 1762 sq.

163 1776 396 1815 Enuntiatio
424 1776 544 1824 enim,
571 1787 690 1824 quam
719 1785 825 1812 nunc
852 1772 1076 1823 ponendam
1106 1772 1465 1812 demonstravimus
1485 1776 1560 1814 sub
1579 1774 1629 1815 τὸ

164 1838 356 1880 δυνατὸν
384 1834 494 1879 εἶναι
512 1837 580 1885 (τὸ
609 1837 689 1878 οὐκ
716 1835 955 1888 ἀναγκαῖον
982 1832 1040 1887 μὴ
1069 1830 1179 1875 εἶναι
1206 1837 1341 1886 dicit),
1369 1843 1566 1890 repugnat
1591 1840 1630 1878 ei

164 1918 267 1956 quae
295 1910 357 1943 est
383 1917 632 1955 consequens
660 1904 739 1943 τοῦ
773 1901 827 1942 οὐ
855 1898 1045 1941 δυνατὸν
1073 1895 1202 1940 εἷναιε
1232 1906 1278 1940 ut
1306 1902 1346 1940 in
1373 1903 1540 1954 reliquis
1556 1904 1631 1955 igi-

163 1973 229 2008 tur
264 1969 324 2007 sic
360 1969 479 2006 etiam
518 1969 558 2006 in
595 1968 646 2005 iis
683 1980 785 2017 quae
812 1967 962 2005 habent
988 1963 1037 2005 τὸ
1065 1963 1325 2017 ἀναγκαῖον,
1361 1970 1631 2018 repugnantes

164 2032 468 2085 repugnantium
496 2037 590 2070 sunt
617 2036 911 2081 consequentes
946 2035 988 2068 et
1015 2043 1039 2069 e
1066 2031 1232 2080 regione
1261 2030 1494 2072 collocatae.
1549 2031 1631 2072 Vix

167 2102 232 2136 est
259 2096 366 2146 quod
396 2107 588 2146 expresse
615 2101 800 2133 notemus
826 2096 906 2134 τοῦ
933 2093 1124 2135 δυνατὸν
1144 2092 1203 2147 μὴ
1221 2089 1332 2134 εἶναι
1350 2095 1410 2133 sic
1426 2096 1517 2136 fieri
1534 2109 1631 2137 con-

166 2172 341 2210 sequens
370 2158 418 2199 τὸ
446 2157 527 2199 οὐκ
554 2157 796 2211 ἀναγκαῖον
824 2153 947 2199 εἶναι.
975 2181 1028 2188 -
1054 2158 1127 2199 Vs.
1148 2162 1200 2199 25
1229 2157 1377 2212 ἐκείνῳ
1404 2165 1470 2200 est
1495 2164 1555 2213 τῷ
1577 2160 1633 2202 ὀὐ

169 2220 362 2264 δυνατὸν
388 2218 510 2262 εἶναι.
1560 2254 1562 2257 ,

113 2289 268 2329 2·2b29
307 2287 417 2326 Nova
455 2287 670 2325 difficultas
698 2288 791 2327 inde
819 2289 970 2337 oritur,
1012 2287 1141 2339 quod,
1179 2289 1222 2326 si
1249 2290 1362 2338 quis
1391 2295 1554 2342 neget
1578 2288 1629 2331 τὸ

168 2351 359 2393 δυνατὸν
387 2365 477 2390 esse
507 2353 763 2402 consequens⁴
776 2354 856 2392 τοῦ
876 2350 1133 2403 ἀναγκαίου,
1162 2353 1357 2392 concedat
1377 2367 1547 2394 necesse
1569 2359 1634 2395 est

167 2417 422 2469 negationem
450 2417 530 2455 τοῦ
560 2414 754 2455 δυνατοῦ
783 2429 874 2455 esse
902 2430 1152 2468 consequens
1169 2445 1180 2463 ,
1219 2423 1262 2455 ut
1298 2423 1366 2456 aut
1392 2418 1442 2458 τὸ
1471 2418 1526 2459 οὐ
1553 2418 1631 2460 δυ-

166 2481 299 2523 νατὸν
329 2481 541 2519 contendat
569 2493 817 2529 consequens
845 2494 936 2520 esse
962 2483 1043 2521 τοῦ
1072 2480 1328 2533 ἀναγκαίου,
1357 2484 1464 2534 quod
1491 2485 1631 2525 absur-

167 2547 260 2586 dum
291 2549 366 2589 est,
396 2550 463 2582 aut
489 2542 537 2584 τὸ
567 2542 759 2584 δυνατὸν
785 2543 843 2597 μὴ
873 2540 985 2585 εἶναι
1007 2547 1062 2592 (si
1086 2547 1163 2584 hoc
1187 2548 1437 2597 negationem
1459 2561 1549 2588 esse
1569 2549 1631 2588 di-

171 2616 235 2650 cat
262 2611 342 2649 τοῦ
371 2607 563 2649 δυνατὸν
591 2605 745 2655 εἶναι),
786 2610 890 2661 qnod
931 2623 1007 2649 non
1044 2610 1176 2649 minus
1214 2613 1430 2651 absurdum
1459 2618 1543 2663 est3
1581 2611 1632 2654 τὸ

169 2673 412 2726 ἀναγκαῖον
435 2674 541 2713 enim
562 2675 707 2713 dicitur
727 2671 946 2714 ἀδύνατον
966 2671 1024 2725 μὴ
1051 2668 1182 2713 sivan:
1212 2676 1292 2714 sin
1315 2677 1422 2716 aiat
1449 2681 1526 2724 (vs.
1542 2680 1633 2729 33),

170 2735 220 2778 τὸ
259 2737 498 2790 ἀναγκαῖον
533 2739 610 2778 erit
647 2733 838 2779 δυνατὸν
872 2736 946 2779 καὶ
973 2733 1084 2778 εἶναι
1111 2735 1182 2779 καὶ
1208 2736 1267 2792 μὴ
1294 2734 1426 2790 εἷναις
1462 2741 1630 2783 demon-

169 2804 377 2844 stravimus
397 2804 503 2844 enim
532 2804 655 2844 etiam
683 2816 761 2843 non
788 2803 879 2843 fieri
907 2816 1028 2856 posse
1056 2804 1163 2856 quod
1189 2805 1321 2857 possit
1346 2806 1447 2848 fieri.
1484 2807 1633 2848 Utrum
