1794 3086
624 212 881 259 analytica
906 211 1080 257 priora.
1532 209 1614 251 465

104 312 371 367 logismorum
406 313 655 365 negantium
700 311 848 352 eadem
884 311 996 352 ratio
1033 315 1106 352 est.
1150 311 1203 350 39
1236 308 1425 349 Termini
1447 322 1612 364 semper

100 378 287 431 proferri
331 376 481 417 debent
521 390 621 417 casu
654 381 791 428 recto,
840 377 1147 430 propositiones
1185 373 1394 415 interdum
1430 374 1613 428 obliquos

104 442 271 482 habent.
815 491 819 494 γ
1424 458 1426 460 ·

103 507 255 546 48840
280 506 410 557 Quum'
432 507 467 546 A
495 505 714 559 praedicari
741 503 886 543 dicitur
913 504 965 544 de
994 504 1165 545 termino
1194 503 1225 542 B
1255 508 1297 543 ct
1323 503 1356 542 B
1385 502 1436 542 de
1464 502 1510 553 C,
1534 502 1613 542 hoc

158 583 235 610 non
276 571 331 610 ita
368 571 506 622 utique
544 568 818 621 accipiendum
848 571 933 617 est,
971 573 1017 608 ut
1054 569 1225 607 aiterum
1253 569 1305 607 de
1333 568 1459 607 altero
1489 580 1612 607 enun-

156 636 283 674 tietur
310 638 354 674 ut
381 633 669 686 praedicatum,
696 644 826 682 neque
852 631 931 679 ita,
959 637 1004 671 ut
1033 633 1066 671 A
1096 634 1237 672 eadem
1266 632 1422 672 ratione
1450 631 1612 685 praedi-

156 702 271 748 cetur
308 697 360 736 de
388 697 419 736 B
448 710 525 749 qua
551 697 583 735 B
611 696 868 749 praedicetur
895 695 947 735 de
976 695 1023 743 G,
1052 697 1125 735 sed
1154 696 1260 747 quod
1290 696 1460 736 dicimus
1491 709 1612 747 prae-

154 761 278 801 dicari
303 761 343 801 id
370 761 488 800 latius
517 766 654 814 patet:
682 773 771 800 uam
807 772 1045 812 quocunque
1072 760 1192 799 modo
1219 761 1299 799 duo
1326 760 1487 799 termini
1517 773 1612 800 con-

155 825 372 879 iunguntur
417 838 491 878 per
532 826 698 864 verbum
736 837 827 863 esse
863 828 906 864 et
944 836 1181 876 quocunque
1215 836 1339 863 sensu
1375 837 1512 863 verum
1549 827 1614 863 est

156 890 261 942 quod
288 890 469 929 terminis
498 890 555 929 ita
582 889 804 929 coniunctis
832 887 1060 940 profertur,
1101 887 1244 927 eodem
1272 888 1393 927 modo
1421 892 1464 927 et
1491 899 1614 927 sensu

156 954 323 994 aiterum
358 955 410 993 de
437 954 564 992 altero
591 953 740 992 dicitur
766 953 1011 1004 praedicari,
1039 965 1076 991 v.
1106 965 1143 993 c.
1172 952 1207 990 si
1232 965 1311 991 una
1339 951 1506 992 scientia
1535 952 1613 999 (A)

110 1024 112 1026 ’
157 1008 410 1072 praedicatur
446 1018 497 1057 de
533 1018 652 1057 rebus
691 1018 900 1056 contrariis
929 1017 1026 1065 (B),
1065 1016 1144 1056 hoc
1171 1028 1250 1056 nou
1278 1016 1477 1069 significat
1503 1016 1613 1069 ipsas

155 1096 223 1123 res
258 1082 476 1122 contrarias
516 1095 633 1120 unam
672 1094 764 1121 esse
801 1081 1012 1121 scientiam
1042 1084 1122 1128 (vs.
1154 1082 1180 1119 '1
1190 1093 1202 1119 ε
1246 1093 1370 1131 quare
1398 1080 1614 1121 delendum

155 1153 242 1186 erat
277 1159 434 1186 comma
470 1153 563 1198 post
590 1142 763 1186 ἐναντία
792 1159 815 1184 a
841 1146 1024 1200 Bekkero
1051 1145 1274 1197 positum),
1314 1145 1387 1184 sed
1416 1145 1616 1197 significat

155 1224 287 1251 rerum
315 1223 418 1263 quae
444 1211 523 1249 sibi
550 1211 774 1250 contrariae
801 1211 880 1250 sint
906 1223 1024 1248 unam
1051 1222 1143 1248 esse
1170 1208 1400 1258 scientiam,
1437 1210 1519 1249 sive
1545 1219 1616 1249 ve-

114 1328 117 1331 ,
154 1289 245 1317 rum
283 1288 375 1315 esse
411 1274 463 1314 de
500 1275 622 1314 rebus
651 1275 884 1325 contrariis,
912 1274 947 1313 si
976 1274 1062 1325 quis
1091 1273 1198 1312 dicat
1226 1286 1342 1313 unam
1372 1276 1416 1314 et
1443 1274 1612 1314 eandem

157 1352 293 1380 earum
322 1352 413 1378 esse
441 1339 662 1379 scientiam.

103 1406 192 1445 481»
205 1405 254 1443 12
282 1403 381 1443 Post
406 1403 574 1443 aiterum
603 1402 738 1455 σοφία
763 1402 987 1443 addidimus
1013 1400 1236 1455 ἐπιστήμη,
1265 1401 1387 1454 quod,
1415 1401 1512 1442 licet
1537 1402 1615 1441 im-

156 1472 384 1521 portunum,
412 1473 574 1507 tuentur
601 1474 644 1508 et
672 1468 833 1508 codices
862 1471 904 1507 et
931 1469 1059 1520 intpp.
1087 1467 1237 1519 graeci.
1264 1468 1307 1506 A
1327 1463 1550 1520 ἐπιστήμη,
1579 1466 1618 1506 Β

158 1530 305 1584 σοφία,
333 1532 377 1572 Γ
396 1528 444 1571 τὸ
472 1529 653 1583 ἀγαθόν.
709 1531 973 1571 Praedicatur
1000 1533 1042 1571 A
1069 1533 1122 1570 de
1149 1531 1187 1570 B
1214 1544 1311 1570 casu
1339 1536 1468 1580 recto,
1497 1531 1535 1571 B
1562 1532 1616 1571 de

155 1597 200 1637 Γ
220 1609 314 1636 casu
342 1595 502 1647 obliquo
524 1596 741 1648 (sapientia
768 1601 950 1635 versatur
977 1596 1016 1635 in
1043 1597 1150 1641 bono
1179 1596 1503 1647 cognoscendoj:
1531 1595 1616 1635 col-

156 1660 294 1714 ligitur
331 1659 555 1711 praedicari
591 1661 633 1699 A
670 1661 722 1700 de
750 1659 794 1699 Γ
816 1682 865 1688 -
904 1660 1109 1699 scientiam
1147 1659 1296 1698 versari
1324 1659 1364 1699 in
1401 1659 1507 1700 bono
1545 1673 1616 1700 co-

155 1723 394 1777 gnoscendo.
445 1722 766 1774 propositionum
796 1724 990 1774 exposffio
1019 1723 1223 1762 difficilior
1251 1724 1435 1764 redditur
1462 1725 1618 1764 adiecta

155 1802 253 1828 voce
292 1784 518 1840 ἐπιστήμη,
557 1789 646 1839 quia
684 1787 879 1826 terminus
918 1787 1045 1826 maior
1083 1800 1107 1825 a
1144 1787 1424 1838 propositione
1460 1789 1618 1828 minore

155 1853 309 1895 alienus
337 1857 412 1891 est.
465 1851 573 1890 Dicit
600 1857 732 1890 autem
760 1851 859 1890 hoc:
895 1849 1126 1902 „Sapientia
1163 1854 1227 1889 est
1255 1850 1307 1889 de
1335 1851 1439 1891 bono
1467 1851 1618 1900 (refer-

154 1923 221 1958 tur
247 1917 299 1956 ad
323 1916 510 1963 bonum),
538 1916 694 1955 scilicet
721 1918 766 1954 ut
794 1915 961 1954 scientia
988 1915 1114 1954 eius”.
1153 1914 1377 1953 Fatendum
1397 1919 1459 1955 est
1476 1928 1617 1955 vocem

154 1979 374 2034 ἐπιστήμη,
405 1993 523 2032 quam
548 1980 589 2019 in
618 1983 850 2019 contextum
877 1979 1123 2029 reduximus,
1151 1978 1428 2030 perspicuitati
1455 1980 1616 2028 obesse,

154 2058 396 2099 quamquam
424 2057 586 2084 sensum
614 2057 692 2083 non
719 2044 838 2096 piane
867 2043 1017 2090 turbet,
1047 2043 1119 2081 sed
1149 2042 1227 2081 hoc
1255 2043 1386 2095 ipsum
1415 2048 1478 2083 est
1505 2043 1612 2095 quod

155 2123 228 2151 nos
255 2108 402 2157 movit,
428 2114 474 2148 ut
498 2109 615 2147 istam
644 2106 782 2147 vocem'
810 2107 1059 2147 retinendam
1089 2107 1386 2158 censuerimus,
1415 2121 1534 2160 quam
1562 2121 1615 2147 ne

156 2173 247 2215 cod.
274 2172 318 2212 A
345 2172 506 2223 quidem
532 2173 690 2212 videtur
716 2172 922 2211 omisisse:
959 2183 1049 2210 nam
1079 2184 1182 2223 quae
1211 2184 1352 2211 recens
1380 2172 1420 2211 in
1447 2172 1517 2211 iiio
1545 2185 1614 2211 su-

156 2237 380 2291 perscripta
401 2240 494 2274 sunt
512 2235 607 2276 inde
634 2240 727 2274 nata
755 2248 846 2275 esse
873 2235 958 2274 veri
987 2235 1118 2274 simile
1146 2240 1222 2284 est,
1252 2235 1359 2287 quod
1387 2236 1508 2276 verba
1533 2237 1615 2277 τσῦ

158 2301 198 2343 δ’
234 2299 408 2353 ἀγαθοῦ
445 2295 560 2340 ἐστὶν
594 2297 624 2353 ή
659 2298 794 2351 σοφία
830 2297 1051 2353 ἐπιστήμη,
1081 2300 1248 2352 quaein
1275 2299 1445 2340 eandem
1473 2313 1615 2341 vocem

159 2366 346 2406 desinunt
383 2368 502 2417 atque
537 2378 584 2404 ea
611 2377 712 2416 quae
739 2365 918 2417 proxime
945 2368 1283 2418 praecesserunt,
1311 2377 1387 2416 per
1412 2364 1616 2418 negligen-

158 2432 256 2471 tiam
283 2430 494 2484 scribentis
520 2430 803 2482 praetermissa
829 2433 956 2470 erant.

104 2486 258 2537 481313
284 2494 333 2536 τὸ
360 2491 441 2547 μὲν
467 2491 521 2547 δὴ
550 2488 720 2546 ἀγαθὸν
739 2522 751 2532 .
776 2522 787 2532 .
806 2523 817 2534 .
853 2500 974 2546 quare
1001 2491 1042 2530 id
1070 2492 1123 2532 de
1150 2505 1229 2545 quo
1257 2492 1426 2532 alterum
1453 2492 1618 2545 praedi-

159 2563 271 2600 catur
307 2560 348 2599 in
385 2558 639 2598 conclusione
667 2570 747 2597 nou
772 2557 980 2609 profertur
1008 2569 1104 2596 casu
1131 2561 1259 2606 recto,
1289 2556 1361 2596 sed
1387 2556 1431 2595 id
1457 2557 1509 2596 de
1535 2570 1615 2609 quo

157 2623 413 2678 praedicatur
446 2624 487 2663 in
524 2622 798 2676 propositione
836 2622 999 2660 maiore.
1028 2643 1079 2650 -—-
1118 2621 1164 2661 In
1199 2621 1384 2673 exemplo
1413 2621 1521 2673 quod
1548 2634 1614 2661 se-

159 2688 292 2740 quitur
329 2701 388 2731 vs.
420 2689 472 2728 16
508 2691 572 2728 est
600 2687 640 2727 A
675 2682 899 2739 ἐπιστήμη,
938 2685 975 2725 Β
1009 2684 1138 2726 ποιὸν
1163 2682 1238 2726 καὶ
1263 2683 1473 2736 ἐναντίον,
1501 2686 1545 2727 Γ
1563 2682 1613 2726 τὸ

157 2750 340 2849 ἅζαθόν.
1301 2813 1348 2848 3⁰
