1838 3086
725 195 1023 241 categoriae.
1550 196 1631 236 813

121 293 207 333 12b
219 294 269 333 21
299 291 359 334 ἔτι
385 291 438 334 τὰ
465 292 572 346 πρός
590 306 631 334 τι
647 321 658 333 .
731 294 848 334 Aliud
867 297 1140 346 argumentum
1164 292 1284 333 affert
1304 293 1396 333 hoc.
1441 294 1575 335 Etiam
1594 295 1631 335 si

173 360 261 410 quis
296 359 491 398 concedat
518 363 628 397 recte
667 359 744 398 dici
781 358 1025 411 τυφλότητα
1052 359 1202 406 ὄψεως,
1233 363 1383 407 tamen,
1412 359 1502 410 quia
1529 360 1631 399 haec

172 435 250 462 non
272 425 328 463 ita
348 429 643 470 convertuntur,
670 429 716 462 ut
737 423 856 461 etiam
878 424 1032 462 dicatur
1051 424 1150 472 ὄψις
1171 421 1452 475 τυφλότητος,
1476 437 1524 462 ea
1552 436 1631 463 non

173 488 320 540 opponi
349 493 393 527 ut
421 485 472 527 τὰ
499 486 606 539 πρός
632 500 673 527 τι
700 493 889 539 apparet:
919 495 1204 528 convertuntur
1232 490 1338 526 enim
1365 486 1418 528 τὰ
1444 486 1553 538 πρός
1579 499 1630 527 τι.

121 551 271 590 12b27
301 551 572 591 Ratiocinatur
607 552 683 590 hoc
719 552 849 590 modo.
908 552 1020 601 Quae
1047 553 1242 591 contraria
1272 558 1364 592 sunt
1390 559 1458 592 aut
1486 566 1532 591 se
1559 565 1631 591 exr-

173 614 339 654 cludunt
358 617 523 654 invicem
546 621 611 653 aut
631 616 803 653 medium
827 615 975 666 aliquid
1001 616 1162 656 habent.
1206 617 1505 656 Contrariorum
1529 630 1631 669 quae

172 691 218 717 se
245 678 414 717 invicem
445 680 659 718 excludunt
687 680 854 719 aiterum
884 681 1027 718 adesse
1058 686 1219 732 oportet
1247 681 1295 719 iis
1332 695 1432 732 quae
1461 682 1631 721 aiterum

169 754 307 782 eorum
347 743 552 795 suscipere
590 748 782 795 possunt:
824 756 959 782 eorum
990 757 1084 783 vero
1116 749 1192 790 (vs.
1221 747 1293 790 32)
1322 758 1424 796 quae
1452 746 1631 785 medium

170 806 319 858 aliquid
360 807 575 846 admittunt
619 809 659 846 iu
701 808 902 860 plerisque
944 810 1139 847 utrumvis
1178 807 1256 855 (ὡς
1292 806 1458 861 ἔτυχεν)
1497 810 1632 849 inesse

169 875 318 923 potest,
348 884 584 921 quamquam
617 876 694 917 (vs.
725 874 796 916 35)
827 873 1062 924 excipienda
1091 879 1184 913 sunt
1211 875 1411 924 nonnulla,
1444 886 1548 925 quae
1575 873 1632 913 ita

171 940 398 986 comparata
428 940 533 981 sunt,
564 941 608 974 ut
635 936 674 973 in
704 937 938 987 quibusdam
966 939 1085 976 rebus
1109 960 1157 967 --
1185 943 1230 977 ut
1257 939 1368 976 caior
1395 939 1433 976 in
1462 939 1552 989 igne
1580 959 1632 965 —

169 1011 248 1037 nou
285 1000 476 1038 utrumvis
514 1000 646 1038 inesse
682 1001 832 1050 possit,
873 1001 943 1039 sed
982 1001 1151 1040 aiterum
1178 1003 1217 1040 in
1245 1003 1295 1041 iis
1324 1003 1459 1041 inesse
1486 1001 1634 1041 debeat

169 1059 536 1113 (ἀφωρισμένως).
585 1063 663 1101 lam
692 1064 897 1102 videamus
926 1066 1090 1112 (maa)
1121 1078 1214 1104 num
1244 1067 1295 1105 de
1322 1067 1463 1105 habitu
1492 1070 1533 1105 et
1550 1066 1632 1116 pri-

120 1144 123 1147 ·
169 1128 327 1166 vatione
365 1128 470 1166 idem
508 1127 635 1165 vaieat
663 1128 768 1177 quod
798 1128 917 1167 modo
947 1129 998 1167 de
1026 1131 1234 1168 contrariis
1263 1131 1450 1171 diximus,
1505 1129 1632 1169 Habi-

169 1195 253 1229 tum
293 1198 428 1230 autem
466 1196 507 1230 et
545 1192 807 1242 privationem
844 1205 923 1230 non
951 1194 1026 1231 sibi
1055 1194 1203 1244 opponi
1230 1199 1275 1233 ut
1302 1194 1501 1232 contraria
1530 1206 1633 1244 quae

171 1256 346 1294 medium
376 1269 454 1294 non
482 1256 653 1294 habeant
681 1255 772 1293 inde
802 1261 934 1307 patet,
976 1257 1080 1306 quod
1118 1270 1196 1296 non
1230 1259 1270 1296 in
1302 1259 1632 1308 omnib11S‚quae

170 1318 349 1358 habitum
386 1324 428 1358 et
465 1320 727 1371 privationem
764 1320 999 1368 admittunt,
1038 1321 1206 1360 aiterum
1236 1335 1375 1361 eorum
1404 1318 1632 1361 necessario

170 1385 298 1423 inest.
337 1397 426 1422 nam
469 1383 607 1430 catuli,
647 1384 711 1434 qui
740 1384 876 1421 oculos
904 1384 1078 1423 nondum
1108 1386 1254 1424 habent
1283 1393 1470 1437 apertos,
1499 1399 1631 1437 neque

173 1449 281 1488 caeci
312 1448 497 1486 dicuntur
525 1460 654 1497 neque
683 1447 888 1493 videntes,
932 1461 1056 1498 quare
1094 1462 1258 1488 caecum
1297 1463 1389 1489 esse
1427 1455 1470 1489 et
1497 1451 1634 1490 videre

164 1509 248 1566 ¹non
277 1513 351 1550 sibi
381 1516 636 1563 opponuntur
664 1516 708 1549 ut
736 1512 944 1549 contraria.
1002 1512 1144 1562 Neque
1173 1514 1247 1551 sibi
1276 1518 1534 1564 opponuntur
1561 1514 1633 1552 ha-

169 1576 277 1615 bitus
307 1579 347 1613 et
375 1575 542 1627 privatio
574 1579 650 1620 (VS.
679 1578 723 1620 8)
756 1580 798 1613 ut
826 1577 1023 1614 contraria
1052 1590 1154 1627 quae
1182 1578 1356 1616 medium
1385 1578 1532 1629 aliquid
1561 1579 1633 1617 ha-

169 1641 289 1680 bent:
328 1653 418 1678 nam
454 1652 554 1689 quae
590 1639 769 1677 habitum
803 1639 866 1677 vel
897 1641 1156 1692 privationem
1184 1642 1223 1680 in
1251 1654 1296 1680 se
1324 1643 1564 1693 suscipiunt,
1592 1643 1633 1683 in

169 1705 219 1743 iis
248 1708 314 1743 aut
334 1704 503 1742 alterum
526 1703 657 1740 inesse
682 1703 805 1741 debet
821 1708 888 1741 aut
918 1705 1100 1751 aiterum,
1131 1706 1202 1743 sed
1232 1706 1442 1755 utrumvis,
1470 1719 1548 1745 non
1576 1708 1632 1746 al-

169 1773 299 1808 terum
331 1763 665 1817 ἀφωρισμένωςε
705 1766 813 1816 quod
851 1767 969 1805 aliter
997 1768 1120 1806 habet
1149 1772 1228 1815 (vs.
1257 1771 1326 1812 13)
1356 1770 1395 1808 in
1425 1772 1632 1810 contrariis

170 1845 270 1883 quae
305 1832 480 1870 medium
517 1823 666 1881 alifluid
695 1830 856 1868 habent.
909 1831 1063 1870 Horum
1094 1833 1199 1870 enim
1227 1832 1397 1871 aiterum
1426 1838 1561 1872 utrum
1586 1839 1633 1874 ut

168 1897 267 1935 insit
306 1909 383 1934 non
423 1906 569 1933 necese
598 1899 684 1941 est,
726 1894 775 1932 iis
804 1897 983 1945 exceptis
1012 1908 1180 1946 quorum
1211 1901 1351 1934 natura
1379 1897 1434 1935 ita
1462 1908 1631 1949 compa-

168 1966 256 2001 rata
284 1963 360 2007 est,
390 1964 433 1997 ut
467 1959 637 1997 alterum
666 1955 979 2009 ἀφωρισμένως
1008 1963 1104 2005 (ηοη
1134 1960 1348 2004 utrumvis)
1378 1960 1417 1997 in
1446 1960 1495 2009 iis
1524 1961 1630 2004 insit.

166 2019 230 2064 Ex
265 2024 330 2063 his
367 2023 490 2075 igitur
525 2028 692 2074 apparet
729 2023 907 2061 habitum
938 2029 977 2062 et
1005 2024 1265 2075 privationem
1296 2036 1425 2073 neque
1453 2025 1529 2063 sibi
1557 2038 1630 2077 op-

166 2089 262 2140 poni
300 2092 344 2126 ut
382 2087 583 2125 contraria
620 2100 739 2139 quae·
761 2099 805 2124 ne
843 2082 1011 2126 invicem
1053 2087 1265 2127 excludant
1302 2101 1434 2139 neque
1461 2091 1506 2127 ut
1534 2102 1630 2130 con-

167 2153 286 2192 traria
314 2164 417 2200 quae
445 2148 623 2188 medium'
647 2150 794 2200 aliquid
824 2152 1048 2190 admittant.

115 2217 266 2255 12b29
295 2203 439 2253 αὐτῶν
476 2227 814 2265 supervacaneum
851 2221 935 2262 est3
966 2211 1150 2253 'refertur
1185 2215 1291 2253 enim
1331 2215 1380 2253 ad
1410 2213 1630 2262 ,ἐναντίων

170 2279 276 2331 quod
307 2279 539 2330 praecessit.
578 2278 730 2316 Similia
759 2279 952 2317 habemus
985 2279 1130 2316 llbll
1158 2275 1267 2327 ὑπὲρ
1296 2278 1450 2320 αὐτῶν.
1481 2282 1628 2320 755b9

170 2341 355 2384 οἴονται,
375 2340 457 2393 γὰρ
496 2334 716 2393 διαφέρειν
752 2343 839 2381 τῶν
875 2341 1170 2394 νομιζομένων
1196 2340 1400 2394 οἷῤῥένων
1419 2338 1522 2392 τοὺς
1549 2344 1628 2398 θή-

138 2447 144 2452 ,
169 2409 253 2456 λεις
281 2406 425 2447 αὐτῶν
453 2404 592 2457 ὥσπερ
630 2407 718 2446 τῶν
744 2407 896 2458 φυτῶν
925 2404 970 2446 ἐν
999 2405 1181 2454 ὅσοις...
1203 2411 1378 2452 ‹355b19
1406 2407 1502 2460 περὶ
1527 2408 1627 2450 τού-

167 2486 308 2514 των..
335 2463 516 2524 ὕστερον
554 2470 641 2520 ἅμα
676 2473 780 2518 τοῖς
802 2470 1130 2525 ἄνομοιομερέσι
1167 2470 1412 2525 θεωρητέον
1448 2471 1527 2526 τὴν
1562 2472 1627 2514 oil-

167 2537 264 2579 τίαν
292 2536 450 2577 αὐτῶν.
505 2539 583 2575 894
595 2539 616 2574 b
633 2539 654 2574 1
683 2538 772 2583 τοῖς
801 2535 846 2576 δὲ
875 2536 1126 2586 ἀνθρώποις
1153 2535 1313 2586 γίνεται
1342 2537 1546 2578 διάλευκα
1572 2537 1626 2579 τὰ

169 2599 357 2654 δέρματα
391 2599 463 2642 καὶ
500 2600 545 2641 αἱ
579 2600 714 2652 τρίχες
743 2600 897 2642 αὐτῶν.
938 2603 1114 2640 1323ὺὸ
1142 2605 1230 2643 πᾶν
1258 2600 1305 2641 δὲ
1332 2602 1380 2643 τὸ
1416 2602 1625 2656 χρήσιμόν

169 2664 303 2718 ἐστιν,
342 2658 404 2707 ὧν
442 2663 522 2718 τὴν
561 2663 807 2719 ὑπερβολὴν
842 2665 868 2718 ἢ
906 2665 1108 2717 βλάπτειν
1146 2664 1387 2719 ἀναγκαῖον
1422 2666 1449 2720 ἢ
1486 2666 1626 2721 μηθὲν

171 2731 324 2782 ὄφελος
358 2726 469 2772 εἶναι
497 2730 640 2771 αὐτῶν
667 2733 757 2778 τοῖς
784 2726 968 2783 ἔχουσιν.
1007 2733 1153 2770 693al
1183 2729 1235 2771 τὰ
1262 2730 1341 2782 μὲν
1367 2729 1450 2784 γὰρ
1479 2730 1515 2772 εἰ
1543 2727 1626 2785 εἶχε

171 2789 338 2849 βραχὺν
375 2793 575 2849 (αὐχένα)
605 2793 673 2837 ἐπὶ
700 2793 862 2837 σκέλεσι
888 2796 1094 2847 μακροῖς,
1132 2794 1213 2837 οὐκ
1238 2794 1293 2838 ἂν
1318 2795 1518 2850 ὑπηρέτει
1544 2796 1626 2838 αύ-
