<?xml version="1.0" encoding="UTF-8"?>
<!DOCTYPE html PUBLIC "-//W3C//DTD XHTML 1.0 Transitional//EN"
    "http://www.w3.org/TR/xhtml1/DTD/xhtml1-transitional.dtd">
<html xmlns="http://www.w3.org/1999/xhtml" xml:lang="en" lang="en">
 <head>
  <title>
</title>
<meta http-equiv="Content-Type" content="text/html;charset=utf-8" />
  <meta name='ocr-system' content='tesseract 3.04.00' />
  <meta name='ocr-capabilities' content='ocr_page ocr_carea ocr_par ocr_line ocrx_word'/>
</head>
<body>
  <div class='ocr_page' id='page_1' title='image "aristotelisorgan01arisuoft_0440.png"; bbox 0 0 1780 3100; ppageno 0'>
   <div class='ocr_carea' id='block_1_1' title="bbox 182 185 1142 230">
    <p class='ocr_par' dir='ltr' id='par_1_1' title="bbox 182 185 1142 230">
     <span class='ocr_line' id='line_1_1' title="bbox 182 185 1142 230; baseline -0.004 -7"><span class='ocrx_word' id='word_1_1' title='bbox 182 185 262 223; x_wconf 72' lang='grc'><em>406</em></span> <span class='ocrx_word' id='word_1_2' title='bbox 699 186 955 230; x_wconf 75' lang='lat' dir='ltr'><em>Analytica</em></span> <span class='ocrx_word' id='word_1_3' title='bbox 978 187 1142 230; x_wconf 75' lang='lat' dir='ltr'><em>priora.</em></span> 
     </span>
    </p>
   </div>
   <div class='ocr_carea' id='block_1_2' title="bbox 183 279 1668 2770">
    <p class='ocr_par' dir='ltr' id='par_1_2' title="bbox 183 279 1668 2138">
     <span class='ocr_line' id='line_1_2' title="bbox 292 279 1662 337; baseline 0.003 -18"><span class='ocrx_word' id='word_1_4' title='bbox 292 279 391 334; x_wconf 82' lang='lat' dir='ltr'><em>Gap.</em></span> <span class='ocrx_word' id='word_1_5' title='bbox 421 282 485 320; x_wconf 78' lang='lat'><em>14.</em></span> <span class='ocrx_word' id='word_1_6' title='bbox 541 282 777 334; x_wconf 75' lang='lat' dir='ltr'><em>Syllogismi</em></span> <span class='ocrx_word' id='word_1_7' title='bbox 804 283 875 334; x_wconf 82' lang='lat' dir='ltr'><em>qui</em></span> <span class='ocrx_word' id='word_1_8' title='bbox 889 285 1006 335; x_wconf 81' lang='lat' dir='ltr'><em>finnt</em></span> <span class='ocrx_word' id='word_1_9' title='bbox 1035 296 1057 321; x_wconf 84' lang='lat' dir='ltr'><em>e</em></span> <span class='ocrx_word' id='word_1_10' title='bbox 1086 283 1189 321; x_wconf 82' lang='lat' dir='ltr'><em>binis</em></span> <span class='ocrx_word' id='word_1_11' title='bbox 1204 283 1550 336; x_wconf 74' lang='lat' dir='ltr'><em>propositionibus</em></span> <span class='ocrx_word' id='word_1_12' title='bbox 1568 298 1662 337; x_wconf 83' lang='lat' dir='ltr'><em>pos-</em></span> 
     </span>
     <span class='ocr_line' id='line_1_3' title="bbox 184 343 1662 398; baseline 0.002 -16"><span class='ocrx_word' id='word_1_13' title='bbox 184 343 367 382; x_wconf 75' lang='lat' dir='ltr'><em>sibilibus</em></span> <span class='ocrx_word' id='word_1_14' title='bbox 393 345 703 392; x_wconf 73' lang='lat' dir='ltr'><em>universalibus,</em></span> <span class='ocrx_word' id='word_1_15' title='bbox 732 346 874 382; x_wconf 69' lang='lat'>33:121</span> <span class='ocrx_word' id='word_1_16' title='bbox 906 358 958 383; x_wconf 73' lang='lat' dir='ltr'><em>ea·</em></span> <span class='ocrx_word' id='word_1_17' title='bbox 987 346 1121 383; x_wconf 82' lang='lat' dir='ltr'><em>altera</em></span> <span class='ocrx_word' id='word_1_18' title='bbox 1147 346 1383 395; x_wconf 76' lang='lat' dir='ltr'><em>universali,</em></span> <span class='ocrx_word' id='word_1_19' title='bbox 1414 347 1548 385; x_wconf 83' lang='lat' dir='ltr'><em>altera</em></span> <span class='ocrx_word' id='word_1_20' title='bbox 1564 360 1662 398; x_wconf 81' lang='lat' dir='ltr'><em>par-</em></span> 
     </span>
     <span class='ocr_line' id='line_1_4' title="bbox 185 407 1663 460; baseline 0.002 -15"><span class='ocrx_word' id='word_1_21' title='bbox 185 407 367 446; x_wconf 79' lang='lat' dir='ltr'><em>ticulari.</em></span> <span class='ocrx_word' id='word_1_22' title='bbox 421 409 471 444; x_wconf 81' lang='lat'><em>34</em></span> <span class='ocrx_word' id='word_1_23' title='bbox 503 407 618 455; x_wconf 76' lang='lat' dir='ltr'><em>Quae</em></span> <span class='ocrx_word' id='word_1_24' title='bbox 659 408 742 445; x_wconf 79' lang='lat' dir='ltr'><em>sint</em></span> <span class='ocrx_word' id='word_1_25' title='bbox 775 409 1099 460; x_wconf 79' lang='lat' dir='ltr'><em>propositionum</em></span> <span class='ocrx_word' id='word_1_26' title='bbox 1140 409 1447 460; x_wconf 80' lang='lat' dir='ltr'><em>coniugationes</em></span> <span class='ocrx_word' id='word_1_27' title='bbox 1483 410 1663 450; x_wconf 78' lang='lat' dir='ltr'><em>inutiles.</em></span> 
     </span>
     <span class='ocr_line' id='line_1_5' title="bbox 185 468 1163 521; baseline 0.002 -14"><span class='ocrx_word' id='word_1_28' title='bbox 185 468 275 508; x_wconf 67' lang='lat'><em>1118</em></span> <span class='ocrx_word' id='word_1_29' title='bbox 306 469 422 517; x_wconf 78' lang='lat' dir='ltr'><em>Quae</em></span> <span class='ocrx_word' id='word_1_30' title='bbox 449 470 517 507; x_wconf 65' lang='lat' dir='ltr'><em>les</em></span> <span class='ocrx_word' id='word_1_31' title='bbox 546 470 588 507; x_wconf 80' lang='lat' dir='ltr'><em>in</em></span> <span class='ocrx_word' id='word_1_32' title='bbox 616 470 678 507; x_wconf 80' lang='lat' dir='ltr'><em>his</em></span> <span class='ocrx_word' id='word_1_33' title='bbox 702 470 943 521; x_wconf 78' lang='lat' dir='ltr'><em>syllogismis</em></span> <span class='ocrx_word' id='word_1_34' title='bbox 971 471 1163 511; x_wconf 78' lang='lat' dir='ltr'><em>obtineat.</em></span> 
     </span>
     <span class='ocr_line' id='line_1_6' title="bbox 291 530 1666 585; baseline 0.002 -17"><span class='ocrx_word' id='word_1_35' title='bbox 291 532 418 579; x_wconf 81' lang='lat' dir='ltr'><em>Quum</em></span> <span class='ocrx_word' id='word_1_36' title='bbox 457 534 762 583; x_wconf 76' lang='lat' dir='ltr'><em>propositionum</em></span> <span class='ocrx_word' id='word_1_37' title='bbox 802 534 1047 583; x_wconf 87' lang='lat' dir='ltr'><em>possibilium</em></span> <span class='ocrx_word' id='word_1_38' title='bbox 1088 534 1155 570; x_wconf 80' lang='lat' dir='ltr'><em>liat</em></span> <span class='ocrx_word' id='word_1_39' title='bbox 1201 533 1400 571; x_wconf 78' lang='lat' dir='ltr'><em>conversio</em></span> <span class='ocrx_word' id='word_1_40' title='bbox 1437 530 1544 572; x_wconf 83' lang='grc' dir='ltr'><strong><em>κατὰ</em></strong></span> <span class='ocrx_word' id='word_1_41' title='bbox 1588 531 1666 585; x_wconf 81' lang='grc' dir='ltr'><em>τὴν</em></span> 
     </span>
     <span class='ocr_line' id='line_1_7' title="bbox 183 590 1663 646; baseline 0.002 -15"><span class='ocrx_word' id='word_1_42' title='bbox 183 590 400 631; x_wconf 75' lang='grc' dir='ltr'><em>ἀντίθεσιν</em></span> <span class='ocrx_word' id='word_1_43' title='bbox 429 597 626 642; x_wconf 56' lang='lat' dir='ltr'><em>(tizam),</em></span> <span class='ocrx_word' id='word_1_44' title='bbox 667 608 743 634; x_wconf 90' lang='lat' dir='ltr'><em>non</em></span> <span class='ocrx_word' id='word_1_45' title='bbox 772 596 897 634; x_wconf 89' lang='lat' dir='ltr'><em>solum</em></span> <span class='ocrx_word' id='word_1_46' title='bbox 927 596 976 633; x_wconf 88' lang='lat' dir='ltr'><em>de</em></span> <span class='ocrx_word' id='word_1_47' title='bbox 1003 596 1050 633; x_wconf 89' lang='lat' dir='ltr'><em>iis</em></span> <span class='ocrx_word' id='word_1_48' title='bbox 1080 596 1391 646; x_wconf 78' lang='lat' dir='ltr'><em>propositionum</em></span> <span class='ocrx_word' id='word_1_49' title='bbox 1421 596 1663 634; x_wconf 82' lang='lat' dir='ltr'><em>coniunctio-</em></span> 
     </span>
     <span class='ocr_line' id='line_1_8' title="bbox 183 657 1663 708; baseline 0.002 -14"><span class='ocrx_word' id='word_1_50' title='bbox 183 657 296 694; x_wconf 84' lang='lat' dir='ltr'><em>nibus</em></span> <span class='ocrx_word' id='word_1_51' title='bbox 324 657 558 696; x_wconf 79' lang='lat' dir='ltr'><em>Aristoteles</em></span> <span class='ocrx_word' id='word_1_52' title='bbox 595 658 688 708; x_wconf 80' lang='lat' dir='ltr'><em>agit,</em></span> <span class='ocrx_word' id='word_1_53' title='bbox 730 670 779 696; x_wconf 86' lang='lat' dir='ltr'><em>ex</em></span> <span class='ocrx_word' id='word_1_54' title='bbox 813 660 952 708; x_wconf 72' lang='lat' dir='ltr'><em>quibus</em></span> <span class='ocrx_word' id='word_1_55' title='bbox 988 658 1215 707; x_wconf 87' lang='lat' dir='ltr'><em>simpliciter</em></span> <span class='ocrx_word' id='word_1_56' title='bbox 1243 658 1381 695; x_wconf 87' lang='lat' dir='ltr'><em>sumtis</em></span> <span class='ocrx_word' id='word_1_57' title='bbox 1413 658 1663 708; x_wconf 77' lang='lat' dir='ltr'><em>syllogismus</em></span> 
     </span>
     <span class='ocr_line' id='line_1_9' title="bbox 183 718 1662 772; baseline 0.001 -15"><span class='ocrx_word' id='word_1_58' title='bbox 183 718 311 764; x_wconf 83' lang='lat' dir='ltr'><em>fieret,</em></span> <span class='ocrx_word' id='word_1_59' title='bbox 348 720 417 757; x_wconf 91' lang='lat' dir='ltr'><em>sed</em></span> <span class='ocrx_word' id='word_1_60' title='bbox 447 732 582 759; x_wconf 89' lang='lat' dir='ltr'><em>omnes</em></span> <span class='ocrx_word' id='word_1_61' title='bbox 608 720 780 758; x_wconf 84' lang='lat' dir='ltr'><em>sedecim</em></span> <span class='ocrx_word' id='word_1_62' title='bbox 807 722 1101 772; x_wconf 72' lang='lat' dir='ltr'><em>coniugatione·</em></span> <span class='ocrx_word' id='word_1_63' title='bbox 1131 721 1403 767; x_wconf 80' lang='lat' dir='ltr'><em>consideravit,</em></span> <span class='ocrx_word' id='word_1_64' title='bbox 1431 732 1531 771; x_wconf 81' lang='lat' dir='ltr'><em>quae</em></span> <span class='ocrx_word' id='word_1_65' title='bbox 1559 733 1582 758; x_wconf 91' lang='lat' dir='ltr'><em>e</em></span> <span class='ocrx_word' id='word_1_66' title='bbox 1609 721 1662 759; x_wconf 90' lang='lat' dir='ltr'><em>bi-</em></span> 
     </span>
     <span class='ocr_line' id='line_1_10' title="bbox 184 781 1665 834; baseline 0.003 -17"><span class='ocrx_word' id='word_1_67' title='bbox 184 781 243 817; x_wconf 82' lang='lat' dir='ltr'><em>nis</em></span> <span class='ocrx_word' id='word_1_68' title='bbox 272 782 604 831; x_wconf 76' lang='lat' dir='ltr'><em>propositionibus</em></span> <span class='ocrx_word' id='word_1_69' title='bbox 641 783 728 820; x_wconf 86' lang='lat' dir='ltr'><em>fieri</em></span> <span class='ocrx_word' id='word_1_70' title='bbox 765 788 953 834; x_wconf 88' lang='lat' dir='ltr'><em>possunt:</em></span> <span class='ocrx_word' id='word_1_71' title='bbox 994 795 1079 820; x_wconf 79' lang='lat' dir='ltr'><em>nam</em></span> <span class='ocrx_word' id='word_1_72' title='bbox 1117 795 1189 831; x_wconf 86' lang='lat' dir='ltr'><em>per</em></span> <span class='ocrx_word' id='word_1_73' title='bbox 1230 783 1334 819; x_wconf 89' lang='lat' dir='ltr'><em>illam</em></span> <span class='ocrx_word' id='word_1_74' title='bbox 1371 783 1665 821; x_wconf 85' lang='lat' dir='ltr'><em>conversionem</em></span> 
     </span>
     <span class='ocr_line' id='line_1_11' title="bbox 183 841 1662 896; baseline 0.003 -17"><span class='ocrx_word' id='word_1_75' title='bbox 183 842 248 880; x_wconf 87' lang='lat' dir='ltr'><em>his</em></span> <span class='ocrx_word' id='word_1_76' title='bbox 276 845 611 894; x_wconf 79' lang='lat' dir='ltr'><em>propositionibus</em></span> <span class='ocrx_word' id='word_1_77' title='bbox 639 845 838 895; x_wconf 84' lang='lat' dir='ltr'><em>propriam</em></span> <span class='ocrx_word' id='word_1_78' title='bbox 866 858 914 883; x_wconf 86' lang='lat' dir='ltr'><em>ex</em></span> <span class='ocrx_word' id='word_1_79' title='bbox 942 841 1120 896; x_wconf 76' lang='grc' dir='ltr'><em>συζυγίᾳ</em></span> <span class='ocrx_word' id='word_1_80' title='bbox 1154 857 1231 882; x_wconf 89' lang='lat' dir='ltr'><em>non</em></span> <span class='ocrx_word' id='word_1_81' title='bbox 1266 844 1511 896; x_wconf 80' lang='lat' dir='ltr'><em>syllogistica</em></span> <span class='ocrx_word' id='word_1_82' title='bbox 1537 845 1662 884; x_wconf 88' lang='lat' dir='ltr'><em>inter-</em></span> 
     </span>
     <span class='ocr_line' id='line_1_12' title="bbox 184 904 648 957; baseline 0.004 -15"><span class='ocrx_word' id='word_1_83' title='bbox 184 904 276 943; x_wconf 89' lang='lat' dir='ltr'><em>dum</em></span> <span class='ocrx_word' id='word_1_84' title='bbox 306 906 353 944; x_wconf 83' lang='lat' dir='ltr'><em>fit</em></span> <span class='ocrx_word' id='word_1_85' title='bbox 380 907 648 957; x_wconf 74' lang='lat' dir='ltr'><em>syllogismus,</em></span> 
     </span>
     <span class='ocr_line' id='line_1_13' title="bbox 185 959 1665 1020; baseline 0.001 -14"><span class='ocrx_word' id='word_1_86' title='bbox 185 969 303 1006; x_wconf 64' lang='lat'><em>33³3</em></span> <span class='ocrx_word' id='word_1_87' title='bbox 329 967 377 1007; x_wconf 85' lang='grc' dir='ltr'><em>τὸ</em></span> <span class='ocrx_word' id='word_1_88' title='bbox 404 966 486 1018; x_wconf 81' lang='grc' dir='ltr'><em>γὰρ</em></span> <span class='ocrx_word' id='word_1_89' title='bbox 514 969 615 1008; x_wconf 76' lang='grc' dir='ltr'><em>καθ’</em></span> <span class='ocrx_word' id='word_1_90' title='bbox 644 959 698 1006; x_wconf 81' lang='grc' dir='ltr'><em>οὗ</em></span> <span class='ocrx_word' id='word_1_91' title='bbox 837 968 887 1006; x_wconf 88' lang='lat' dir='ltr'><em>Si.</em></span> <span class='ocrx_word' id='word_1_92' title='bbox 909 969 1026 1017; x_wconf 89' lang='lat' dir='ltr'><em>enim,</em></span> <span class='ocrx_word' id='word_1_93' title='bbox 1054 969 1121 1013; x_wconf 75' lang='lat' dir='ltr'><em>ait,</em></span> <span class='ocrx_word' id='word_1_94' title='bbox 1150 968 1360 1007; x_wconf 86' lang='lat' dir='ltr'><em>terminum</em></span> <span class='ocrx_word' id='word_1_95' title='bbox 1382 968 1417 1007; x_wconf 89' lang='lat' dir='ltr'>A</span> <span class='ocrx_word' id='word_1_96' title='bbox 1444 981 1562 1020; x_wconf 82' lang='lat' dir='ltr'><em>posse</em></span> <span class='ocrx_word' id='word_1_97' title='bbox 1589 982 1665 1009; x_wconf 91' lang='lat' dir='ltr'><em>non</em></span> 
     </span>
     <span class='ocr_line' id='line_1_14' title="bbox 237 1030 1665 1082; baseline 0.003 -16"><span class='ocrx_word' id='word_1_98' title='bbox 237 1030 455 1079; x_wconf 85' lang='lat' dir='ltr'><em>praedicari</em></span> <span class='ocrx_word' id='word_1_99' title='bbox 484 1031 647 1069; x_wconf 83' lang='lat' dir='ltr'><em>dicimus</em></span> <span class='ocrx_word' id='word_1_100' title='bbox 676 1030 726 1068; x_wconf 86' lang='lat' dir='ltr'><em>de</em></span> <span class='ocrx_word' id='word_1_101' title='bbox 754 1043 814 1078; x_wconf 90' lang='lat' dir='ltr'><em>eo,</em></span> <span class='ocrx_word' id='word_1_102' title='bbox 844 1031 894 1069; x_wconf 89' lang='lat' dir='ltr'><em>de</em></span> <span class='ocrx_word' id='word_1_103' title='bbox 920 1044 997 1080; x_wconf 90' lang='lat' dir='ltr'><em>quo</em></span> <span class='ocrx_word' id='word_1_104' title='bbox 1025 1031 1243 1082; x_wconf 83' lang='lat' dir='ltr'><em>praedicari</em></span> <span class='ocrx_word' id='word_1_105' title='bbox 1271 1031 1395 1080; x_wconf 85' lang='lat' dir='ltr'><em>possit</em></span> <span class='ocrx_word' id='word_1_106' title='bbox 1416 1031 1461 1075; x_wconf 78' lang='lat' dir='ltr'><em>B,</em></span> <span class='ocrx_word' id='word_1_107' title='bbox 1488 1031 1564 1069; x_wconf 92' lang='lat' dir='ltr'><em>hoc</em></span> <span class='ocrx_word' id='word_1_108' title='bbox 1591 1037 1665 1081; x_wconf 86' lang='lat' dir='ltr'><em>est,</em></span> 
     </span>
     <span class='ocr_line' id='line_1_15' title="bbox 237 1091 1666 1143; baseline 0.003 -15"><span class='ocrx_word' id='word_1_109' title='bbox 237 1091 270 1128; x_wconf 89' lang='lat' dir='ltr'><em>si</em></span> <span class='ocrx_word' id='word_1_110' title='bbox 300 1093 508 1130; x_wconf 79' lang='lat' dir='ltr'><em>terminum</em></span> <span class='ocrx_word' id='word_1_111' title='bbox 538 1093 570 1130; x_wconf 90' lang='lat' dir='ltr'><strong>A</strong></span> <span class='ocrx_word' id='word_1_112' title='bbox 598 1093 816 1142; x_wconf 84' lang='lat' dir='ltr'><em>praedicari</em></span> <span class='ocrx_word' id='word_1_113' title='bbox 844 1106 963 1143; x_wconf 88' lang='lat' dir='ltr'><em>posse</em></span> <span class='ocrx_word' id='word_1_114' title='bbox 991 1094 1156 1130; x_wconf 85' lang='lat' dir='ltr'><em>dicimus</em></span> <span class='ocrx_word' id='word_1_115' title='bbox 1189 1093 1239 1130; x_wconf 85' lang='lat' dir='ltr'><em>de</em></span> <span class='ocrx_word' id='word_1_116' title='bbox 1267 1092 1371 1130; x_wconf 90' lang='lat' dir='ltr'><em>nullo</em></span> <span class='ocrx_word' id='word_1_117' title='bbox 1401 1093 1429 1130; x_wconf 92' lang='lat' dir='ltr'>B</span> <span class='ocrx_word' id='word_1_118' title='bbox 1459 1106 1506 1131; x_wconf 90' lang='lat' dir='ltr'><em>eo</em></span> <span class='ocrx_word' id='word_1_119' title='bbox 1534 1106 1666 1143; x_wconf 84' lang='lat' dir='ltr'><em>sensu,</em></span> 
     </span>
     <span class='ocr_line' id='line_1_16' title="bbox 238 1155 1664 1205; baseline 0.003 -14"><span class='ocrx_word' id='word_1_120' title='bbox 238 1165 355 1203; x_wconf 83' lang='lat' dir='ltr'><em>quem</em></span> <span class='ocrx_word' id='word_1_121' title='bbox 385 1155 502 1192; x_wconf 89' lang='lat' dir='ltr'><em>modo</em></span> <span class='ocrx_word' id='word_1_122' title='bbox 530 1156 780 1204; x_wconf 84' lang='lat' dir='ltr'><em>exposuimus</em></span> <span class='ocrx_word' id='word_1_123' title='bbox 809 1157 1011 1201; x_wconf 77' lang='lat' dir='ltr'><em>(32b26),</em></span> <span class='ocrx_word' id='word_1_124' title='bbox 1040 1155 1145 1194; x_wconf 84' lang='lat' dir='ltr'><em>idem</em></span> <span class='ocrx_word' id='word_1_125' title='bbox 1174 1159 1247 1202; x_wconf 86' lang='lat' dir='ltr'><em>est,</em></span> <span class='ocrx_word' id='word_1_126' title='bbox 1276 1167 1321 1192; x_wconf 82' lang='lat' dir='ltr'><em>ac</em></span> <span class='ocrx_word' id='word_1_127' title='bbox 1350 1155 1383 1191; x_wconf 87' lang='lat' dir='ltr'><em>si</em></span> <span class='ocrx_word' id='word_1_128' title='bbox 1411 1155 1577 1195; x_wconf 85' lang='lat' dir='ltr'><em>dicimus</em></span> <span class='ocrx_word' id='word_1_129' title='bbox 1604 1158 1664 1205; x_wconf 78' lang='lat' dir='ltr'><em>iis,</em></span> 
     </span>
     <span class='ocr_line' id='line_1_17' title="bbox 238 1215 1664 1268; baseline 0.003 -15"><span class='ocrx_word' id='word_1_130' title='bbox 238 1215 287 1254; x_wconf 85' lang='lat' dir='ltr'><em>de</em></span> <span class='ocrx_word' id='word_1_131' title='bbox 315 1218 454 1266; x_wconf 86' lang='lat' dir='ltr'><em>quibus</em></span> <span class='ocrx_word' id='word_1_132' title='bbox 483 1219 669 1255; x_wconf 87' lang='lat' dir='ltr'><em>terminus</em></span> <span class='ocrx_word' id='word_1_133' title='bbox 697 1218 730 1254; x_wconf 91' lang='lat' dir='ltr'><strong>A</strong></span> <span class='ocrx_word' id='word_1_134' title='bbox 758 1219 882 1268; x_wconf 86' lang='lat' dir='ltr'><em>possit</em></span> <span class='ocrx_word' id='word_1_135' title='bbox 917 1230 992 1255; x_wconf 93' lang='lat' dir='ltr'><em>non</em></span> <span class='ocrx_word' id='word_1_136' title='bbox 1023 1217 1251 1267; x_wconf 86' lang='lat' dir='ltr'><em>praedicari,</em></span> <span class='ocrx_word' id='word_1_137' title='bbox 1289 1217 1383 1254; x_wconf 86' lang='lat' dir='ltr'><em>nibil</em></span> <span class='ocrx_word' id='word_1_138' title='bbox 1419 1218 1560 1256; x_wconf 84' lang='lat' dir='ltr'><em>deesse</em></span> <span class='ocrx_word' id='word_1_139' title='bbox 1597 1232 1664 1257; x_wconf 88' lang='lat' dir='ltr'><em>eo-</em></span> 
     </span>
     <span class='ocr_line' id='line_1_18' title="bbox 236 1279 1666 1330; baseline 0.002 -14"><span class='ocrx_word' id='word_1_140' title='bbox 236 1291 337 1326; x_wconf 92' lang='lat' dir='ltr'><em>rum,</em></span> <span class='ocrx_word' id='word_1_141' title='bbox 367 1293 468 1329; x_wconf 83' lang='lat' dir='ltr'><em>qnae</em></span> <span class='ocrx_word' id='word_1_142' title='bbox 496 1281 662 1317; x_wconf 85' lang='lat' dir='ltr'><em>termino</em></span> <span class='ocrx_word' id='word_1_143' title='bbox 692 1280 721 1317; x_wconf 92' lang='lat' dir='ltr'>B</span> <span class='ocrx_word' id='word_1_144' title='bbox 750 1280 937 1318; x_wconf 78' lang='lat' dir='ltr'><em>contineri</em></span> <span class='ocrx_word' id='word_1_145' title='bbox 966 1281 1138 1330; x_wconf 84' lang='lat' dir='ltr'><em>possint:</em></span> <span class='ocrx_word' id='word_1_146' title='bbox 1168 1291 1297 1329; x_wconf 87' lang='lat' dir='ltr'><em>neque</em></span> <span class='ocrx_word' id='word_1_147' title='bbox 1324 1279 1440 1328; x_wconf 82' lang='lat' dir='ltr'><em>igitur</em></span> <span class='ocrx_word' id='word_1_148' title='bbox 1468 1280 1596 1318; x_wconf 86' lang='lat' dir='ltr'><em>deerit</em></span> <span class='ocrx_word' id='word_1_149' title='bbox 1619 1281 1666 1328; x_wconf 76' lang='lat' dir='ltr'><em>G,</em></span> 
     </span>
     <span class='ocr_line' id='line_1_19' title="bbox 238 1341 1666 1392; baseline 0.002 -14"><span class='ocrx_word' id='word_1_150' title='bbox 238 1342 384 1392; x_wconf 84' lang='lat' dir='ltr'><em>quippe</em></span> <span class='ocrx_word' id='word_1_151' title='bbox 434 1342 539 1392; x_wconf 88' lang='lat' dir='ltr'><em>quod</em></span> <span class='ocrx_word' id='word_1_152' title='bbox 586 1342 779 1380; x_wconf 85' lang='lat' dir='ltr'><em>contineri</em></span> <span class='ocrx_word' id='word_1_153' title='bbox 817 1342 945 1392; x_wconf 84' lang='lat' dir='ltr'><em>possit</em></span> <span class='ocrx_word' id='word_1_154' title='bbox 981 1343 1148 1381; x_wconf 84' lang='lat' dir='ltr'><em>termino</em></span> <span class='ocrx_word' id='word_1_155' title='bbox 1188 1342 1234 1379; x_wconf 93' lang='grc' dir='ltr'><em>Β.</em></span> <span class='ocrx_word' id='word_1_156' title='bbox 1306 1341 1434 1389; x_wconf 81' lang='lat' dir='ltr'><em>Quare</em></span> <span class='ocrx_word' id='word_1_157' title='bbox 1479 1343 1666 1384; x_wconf 82' lang='lat' dir='ltr'><em>substitui</em></span> 
     </span>
     <span class='ocr_line' id='line_1_20' title="bbox 235 1404 1666 1453; baseline 0.002 -12"><span class='ocrx_word' id='word_1_158' title='bbox 235 1404 384 1453; x_wconf 87' lang='lat' dir='ltr'><em>poterit</em></span> <span class='ocrx_word' id='word_1_159' title='bbox 420 1405 610 1442; x_wconf 88' lang='lat' dir='ltr'><em>terminus</em></span> <span class='ocrx_word' id='word_1_160' title='bbox 641 1404 672 1441; x_wconf 87' lang='lat' dir='ltr'>C</span> <span class='ocrx_word' id='word_1_161' title='bbox 710 1404 750 1442; x_wconf 90' lang='lat' dir='ltr'><em>in</em></span> <span class='ocrx_word' id='word_1_162' title='bbox 787 1405 914 1442; x_wconf 91' lang='lat' dir='ltr'><em>locum</em></span> <span class='ocrx_word' id='word_1_163' title='bbox 945 1405 1098 1442; x_wconf 89' lang='lat' dir='ltr'><em>termini</em></span> <span class='ocrx_word' id='word_1_164' title='bbox 1127 1405 1171 1450; x_wconf 92' lang='lat' dir='ltr'><em>B,</em></span> <span class='ocrx_word' id='word_1_165' title='bbox 1212 1407 1256 1442; x_wconf 85' lang='lat' dir='ltr'><em>ut</em></span> <span class='ocrx_word' id='word_1_166' title='bbox 1291 1404 1361 1441; x_wconf 83' lang='lat' dir='ltr'><em>fiat</em></span> <span class='ocrx_word' id='word_1_167' title='bbox 1394 1405 1591 1443; x_wconf 84' lang='lat' dir='ltr'><em>conclusio</em></span> <span class='ocrx_word' id='word_1_168' title='bbox 1631 1406 1666 1444; x_wconf 89' lang='lat' dir='ltr'><strong>A</strong></span> 
     </span>
     <span class='ocr_line' id='line_1_21' title="bbox 236 1466 1667 1517; baseline 0.002 -14"><span class='ocrx_word' id='word_1_169' title='bbox 236 1478 355 1515; x_wconf 87' lang='lat' dir='ltr'><em>posse</em></span> <span class='ocrx_word' id='word_1_170' title='bbox 397 1479 471 1504; x_wconf 91' lang='lat' dir='ltr'><em>non</em></span> <span class='ocrx_word' id='word_1_171' title='bbox 508 1467 726 1517; x_wconf 83' lang='lat' dir='ltr'><em>praedicari</em></span> <span class='ocrx_word' id='word_1_172' title='bbox 764 1467 814 1504; x_wconf 86' lang='lat' dir='ltr'><em>de</em></span> <span class='ocrx_word' id='word_1_173' title='bbox 850 1467 1017 1504; x_wconf 85' lang='lat' dir='ltr'><em>termino</em></span> <span class='ocrx_word' id='word_1_174' title='bbox 1055 1466 1099 1505; x_wconf 85' lang='lat' dir='ltr'><em>C.</em></span> <span class='ocrx_word' id='word_1_175' title='bbox 1164 1467 1252 1506; x_wconf 89' lang='lat' dir='ltr'><em>Non</em></span> <span class='ocrx_word' id='word_1_176' title='bbox 1289 1471 1397 1504; x_wconf 79' lang='lat' dir='ltr'><em>recte</em></span> <span class='ocrx_word' id='word_1_177' title='bbox 1432 1467 1551 1517; x_wconf 80' lang='lat' dir='ltr'><em>igitur</em></span> <span class='ocrx_word' id='word_1_178' title='bbox 1578 1467 1667 1506; x_wconf 88' lang='lat' dir='ltr'><em>Zell</em></span> 
     </span>
     <span class='ocr_line' id='line_1_22' title="bbox 236 1528 1665 1579; baseline 0.003 -15"><span class='ocrx_word' id='word_1_179' title='bbox 236 1540 274 1578; x_wconf 85' lang='lat' dir='ltr'><em>p.</em></span> <span class='ocrx_word' id='word_1_180' title='bbox 301 1530 374 1565; x_wconf 78' lang='lat'><em>179</em></span> <span class='ocrx_word' id='word_1_181' title='bbox 398 1534 478 1569; x_wconf 89' lang='lat' dir='ltr'><em>not.</em></span> <span class='ocrx_word' id='word_1_182' title='bbox 506 1529 611 1566; x_wconf 88' lang='lat' dir='ltr'><em>hunc</em></span> <span class='ocrx_word' id='word_1_183' title='bbox 637 1528 906 1579; x_wconf 82' lang='lat' dir='ltr'><em>syllogismum</em></span> <span class='ocrx_word' id='word_1_184' title='bbox 937 1529 1104 1578; x_wconf 84' lang='lat' dir='ltr'><em>explicat</em></span> <span class='ocrx_word' id='word_1_185' title='bbox 1130 1528 1196 1575; x_wconf 79' lang='lat' dir='ltr'><em>„d.</em></span> <span class='ocrx_word' id='word_1_186' title='bbox 1224 1529 1249 1565; x_wconf 89' lang='lat' dir='ltr'><em>i.</em></span> <span class='ocrx_word' id='word_1_187' title='bbox 1281 1541 1390 1567; x_wconf 86' lang='lat' dir='ltr'><em>wenn</em></span> <span class='ocrx_word' id='word_1_188' title='bbox 1420 1529 1491 1566; x_wconf 86' lang='lat' dir='ltr'><em>der</em></span> <span class='ocrx_word' id='word_1_189' title='bbox 1518 1529 1665 1568; x_wconf 87' lang='lat' dir='ltr'><em>Unter-</em></span> 
     </span>
     <span class='ocr_line' id='line_1_23' title="bbox 239 1590 1668 1642; baseline 0.002 -15"><span class='ocrx_word' id='word_1_190' title='bbox 239 1594 322 1628; x_wconf 80' lang='lat' dir='ltr'><em>satz</em></span> <span class='ocrx_word' id='word_1_191' title='bbox 362 1603 430 1628; x_wconf 81' lang='lat' dir='ltr'><em>aus</em></span> <span class='ocrx_word' id='word_1_192' title='bbox 466 1592 591 1628; x_wconf 86' lang='lat' dir='ltr'><em>einem</em></span> <span class='ocrx_word' id='word_1_193' title='bbox 630 1591 916 1629; x_wconf 86' lang='lat' dir='ltr'><em>verneinenden</em></span> <span class='ocrx_word' id='word_1_194' title='bbox 951 1603 999 1628; x_wconf 86' lang='lat' dir='ltr'><em>zu</em></span> <span class='ocrx_word' id='word_1_195' title='bbox 1037 1591 1164 1628; x_wconf 90' lang='lat' dir='ltr'><em>einem</em></span> <span class='ocrx_word' id='word_1_196' title='bbox 1205 1590 1449 1641; x_wconf 87' lang='lat' dir='ltr'><em>bejabenden</em></span> <span class='ocrx_word' id='word_1_197' title='bbox 1485 1593 1668 1642; x_wconf 82' lang='lat' dir='ltr'><em>gemacht</em></span> 
     </span>
     <span class='ocr_line' id='line_1_24' title="bbox 239 1648 1667 1703; baseline 0.002 -14"><span class='ocrx_word' id='word_1_198' title='bbox 239 1650 379 1690; x_wconf 89' lang='lat' dir='ltr'><em>wird”.</em></span> <span class='ocrx_word' id='word_1_199' title='bbox 420 1652 649 1690; x_wconf 84' lang='lat' dir='ltr'><em>Tenendum</em></span> <span class='ocrx_word' id='word_1_200' title='bbox 679 1657 752 1698; x_wconf 72' lang='lat' dir='ltr'><em>est,</em></span> <span class='ocrx_word' id='word_1_201' title='bbox 782 1653 884 1702; x_wconf 87' lang='lat' dir='ltr'><em>quod</em></span> <span class='ocrx_word' id='word_1_202' title='bbox 913 1651 960 1691; x_wconf 90' lang='grc' dir='ltr'><em>τὸ</em></span> <span class='ocrx_word' id='word_1_203' title='bbox 991 1648 1196 1703; x_wconf 76' lang='grc' dir='ltr'><em>ἐνδέχεται</em></span> <span class='ocrx_word' id='word_1_204' title='bbox 1223 1650 1371 1703; x_wconf 83' lang='grc' dir='ltr'><em>μηδενί</em></span> <span class='ocrx_word' id='word_1_205' title='bbox 1399 1658 1440 1690; x_wconf 82' lang='lat' dir='ltr'><em>et</em></span> <span class='ocrx_word' id='word_1_206' title='bbox 1465 1653 1533 1691; x_wconf 91' lang='lat' dir='ltr'><em>hic</em></span> <span class='ocrx_word' id='word_1_207' title='bbox 1560 1658 1600 1692; x_wconf 86' lang='lat' dir='ltr'><em>et</em></span> <span class='ocrx_word' id='word_1_208' title='bbox 1626 1654 1667 1693; x_wconf 86' lang='lat' dir='ltr'><em>in</em></span> 
     </span>
     <span class='ocr_line' id='line_1_25' title="bbox 238 1707 1668 1766; baseline 0.003 -15"><span class='ocrx_word' id='word_1_209' title='bbox 238 1707 495 1764; x_wconf 77' lang='lat' dir='ltr'><em>sequentibus</em></span> <span class='ocrx_word' id='word_1_210' title='bbox 523 1718 578 1760; x_wconf 90' lang='lat' dir='ltr'><em>(e.</em></span> <span class='ocrx_word' id='word_1_211' title='bbox 606 1728 643 1765; x_wconf 84' lang='lat' dir='ltr'><em>g.</em></span> <span class='ocrx_word' id='word_1_212' title='bbox 671 1727 728 1752; x_wconf 78' lang='lat' dir='ltr'><em>vs.</em></span> <span class='ocrx_word' id='word_1_213' title='bbox 749 1717 794 1761; x_wconf 84' lang='lat'><em>9)</em></span> <span class='ocrx_word' id='word_1_214' title='bbox 834 1716 887 1752; x_wconf 78' lang='lat' dir='ltr'><em>ita</em></span> <span class='ocrx_word' id='word_1_215' title='bbox 923 1715 1193 1765; x_wconf 89' lang='lat' dir='ltr'><em>accipiendum</em></span> <span class='ocrx_word' id='word_1_216' title='bbox 1234 1720 1309 1763; x_wconf 87' lang='lat' dir='ltr'><em>est,</em></span> <span class='ocrx_word' id='word_1_217' title='bbox 1347 1719 1392 1753; x_wconf 87' lang='lat' dir='ltr'><em>ut</em></span> <span class='ocrx_word' id='word_1_218' title='bbox 1428 1715 1478 1752; x_wconf 81' lang='lat' dir='ltr'><em>sit</em></span> <span class='ocrx_word' id='word_1_219' title='bbox 1505 1721 1668 1766; x_wconf 79' lang='lat' dir='ltr'><em>„potest</em></span> 
     </span>
     <span class='ocr_line' id='line_1_26' title="bbox 236 1774 1667 1828; baseline 0.002 -14"><span class='ocrx_word' id='word_1_220' title='bbox 236 1777 340 1825; x_wconf 86' lang='lat' dir='ltr'><em>fieri,</em></span> <span class='ocrx_word' id='word_1_221' title='bbox 378 1782 424 1815; x_wconf 88' lang='lat' dir='ltr'><em>ut</em></span> <span class='ocrx_word' id='word_1_222' title='bbox 460 1789 537 1815; x_wconf 91' lang='lat' dir='ltr'><em>non</em></span> <span class='ocrx_word' id='word_1_223' title='bbox 565 1777 816 1828; x_wconf 78' lang='lat' dir='ltr'><em>praedicetur</em></span> <span class='ocrx_word' id='word_1_224' title='bbox 851 1778 902 1817; x_wconf 89' lang='lat' dir='ltr'><em>de</em></span> <span class='ocrx_word' id='word_1_225' title='bbox 931 1777 1053 1822; x_wconf 87' lang='lat' dir='ltr'><em>ullo”,</em></span> <span class='ocrx_word' id='word_1_226' title='bbox 1093 1775 1140 1815; x_wconf 86' lang='grc' dir='ltr'><em>τὸ</em></span> <span class='ocrx_word' id='word_1_227' title='bbox 1169 1775 1312 1816; x_wconf 83' lang='grc' dir='ltr'><em>οὐδενὶ</em></span> <span class='ocrx_word' id='word_1_228' title='bbox 1339 1774 1546 1828; x_wconf 82' lang='grc' dir='ltr'><em>ἐνδέχεται</em></span> <span class='ocrx_word' id='word_1_229' title='bbox 1573 1791 1667 1817; x_wconf 86' lang='lat' dir='ltr'><em>vero</em></span> 
     </span>
     <span class='ocr_line' id='line_1_27' title="bbox 237 1836 1667 1891; baseline 0.001 -14"><span class='ocrx_word' id='word_1_230' title='bbox 237 1841 298 1877; x_wconf 85' lang='lat' dir='ltr'><em>b5</em></span> <span class='ocrx_word' id='word_1_231' title='bbox 327 1841 429 1878; x_wconf 86' lang='lat' dir='ltr'><em>idern</em></span> <span class='ocrx_word' id='word_1_232' title='bbox 459 1844 519 1878; x_wconf 83' lang='lat' dir='ltr'><em>est</em></span> <span class='ocrx_word' id='word_1_233' title='bbox 548 1852 592 1877; x_wconf 79' lang='lat' dir='ltr'><em>ac</em></span> <span class='ocrx_word' id='word_1_234' title='bbox 621 1837 835 1878; x_wconf 81' lang='grc' dir='ltr'><em>ἀδύνατόν</em></span> <span class='ocrx_word' id='word_1_235' title='bbox 861 1836 945 1879; x_wconf 80' lang='grc' dir='ltr'><em>ἐστι</em></span> <span class='ocrx_word' id='word_1_236' title='bbox 978 1838 1061 1879; x_wconf 86' lang='grc' dir='ltr'><em>τινὶ</em></span> <span class='ocrx_word' id='word_1_237' title='bbox 1084 1839 1296 1891; x_wconf 77' lang='grc' dir='ltr'><em>ὑπάρχειν.</em></span> <span class='ocrx_word' id='word_1_238' title='bbox 1360 1840 1510 1878; x_wconf 80' lang='lat' dir='ltr'><em>Eodem</em></span> <span class='ocrx_word' id='word_1_239' title='bbox 1549 1841 1667 1879; x_wconf 89' lang='lat' dir='ltr'><em>modo</em></span> 
     </span>
     <span class='ocr_line' id='line_1_28' title="bbox 237 1900 1667 1953; baseline 0.002 -14"><span class='ocrx_word' id='word_1_240' title='bbox 237 1901 425 1940; x_wconf 86' lang='lat' dir='ltr'><em>differunt</em></span> <span class='ocrx_word' id='word_1_241' title='bbox 463 1906 518 1947; x_wconf 85' lang='lat' dir='ltr'><em>(v.</em></span> <span class='ocrx_word' id='word_1_242' title='bbox 539 1904 686 1941; x_wconf 80' lang='lat' dir='ltr'><em>34b28</em></span> <span class='ocrx_word' id='word_1_243' title='bbox 719 1910 759 1941; x_wconf 89' lang='lat' dir='ltr'><em>et</em></span> <span class='ocrx_word' id='word_1_244' title='bbox 785 1906 855 1948; x_wconf 77' lang='lat'><em>36)</em></span> <span class='ocrx_word' id='word_1_245' title='bbox 893 1902 941 1943; x_wconf 88' lang='grc' dir='ltr'><em>τὸ</em></span> <span class='ocrx_word' id='word_1_246' title='bbox 982 1901 1131 1953; x_wconf 81' lang='grc' dir='ltr'><em>μηδενὶ</em></span> <span class='ocrx_word' id='word_1_247' title='bbox 1167 1901 1206 1951; x_wconf 78' lang='grc' dir='ltr'><em>ἐξ</em></span> <span class='ocrx_word' id='word_1_248' title='bbox 1245 1901 1430 1953; x_wconf 75' lang='grc' dir='ltr'><em>ἀνάγκης</em></span> <span class='ocrx_word' id='word_1_249' title='bbox 1466 1907 1506 1941; x_wconf 88' lang='lat' dir='ltr'><em>et</em></span> <span class='ocrx_word' id='word_1_250' title='bbox 1542 1902 1589 1942; x_wconf 85' lang='grc' dir='ltr'><em>τὸ</em></span> <span class='ocrx_word' id='word_1_251' title='bbox 1626 1900 1667 1951; x_wconf 82' lang='grc' dir='ltr'><em>ἐξ</em></span> 
     </span>
     <span class='ocr_line' id='line_1_29' title="bbox 235 1962 1667 2016; baseline 0.001 -14"><span class='ocrx_word' id='word_1_252' title='bbox 235 1962 421 2014; x_wconf 81' lang='grc' dir='ltr'><em>ἀνάγκης</em></span> <span class='ocrx_word' id='word_1_253' title='bbox 458 1962 612 2011; x_wconf 74' lang='grc' dir='ltr'><em>οὐδενί,</em></span> <span class='ocrx_word' id='word_1_254' title='bbox 656 1978 888 2015; x_wconf 83' lang='lat' dir='ltr'><em>quamquam</em></span> <span class='ocrx_word' id='word_1_255' title='bbox 924 1978 1017 2003; x_wconf 91' lang='lat' dir='ltr'><em>vero</em></span> <span class='ocrx_word' id='word_1_256' title='bbox 1054 1979 1129 2004; x_wconf 91' lang='lat' dir='ltr'><em>non</em></span> <span class='ocrx_word' id='word_1_257' title='bbox 1166 1979 1323 2016; x_wconf 87' lang='lat' dir='ltr'><em>semper</em></span> <span class='ocrx_word' id='word_1_258' title='bbox 1350 1966 1426 2003; x_wconf 89' lang='lat' dir='ltr'><em>hoc</em></span> <span class='ocrx_word' id='word_1_259' title='bbox 1454 1965 1667 2005; x_wconf 85' lang='lat' dir='ltr'><em>discrimen</em></span> 
     </span>
     <span class='ocr_line' id='line_1_30' title="bbox 240 2027 1665 2079; baseline 0.002 -15"><span class='ocrx_word' id='word_1_260' title='bbox 240 2027 287 2064; x_wconf 86' lang='lat' dir='ltr'><em>ab</em></span> <span class='ocrx_word' id='word_1_261' title='bbox 318 2027 531 2065; x_wconf 82' lang='lat' dir='ltr'><em>Aristotele</em></span> <span class='ocrx_word' id='word_1_262' title='bbox 568 2028 810 2072; x_wconf 77' lang='lat' dir='ltr'><em>observatur,</em></span> <span class='ocrx_word' id='word_1_263' title='bbox 849 2031 979 2065; x_wconf 84' lang='lat' dir='ltr'><em>tamen</em></span> <span class='ocrx_word' id='word_1_264' title='bbox 1020 2028 1260 2079; x_wconf 80' lang='lat' dir='ltr'><em>singulorum</em></span> <span class='ocrx_word' id='word_1_265' title='bbox 1294 2040 1452 2077; x_wconf 85' lang='lat' dir='ltr'><em>semper</em></span> <span class='ocrx_word' id='word_1_266' title='bbox 1491 2028 1665 2067; x_wconf 90' lang='lat' dir='ltr'><em>locorum</em></span> 
     </span>
     <span class='ocr_line' id='line_1_31' title="bbox 235 2089 1466 2138; baseline 0.001 -11"><span class='ocrx_word' id='word_1_267' title='bbox 235 2090 336 2127; x_wconf 82' lang='lat' dir='ltr'><em>ratio</em></span> <span class='ocrx_word' id='word_1_268' title='bbox 365 2089 460 2126; x_wconf 73' lang='lat' dir='ltr'><em>satis</em></span> <span class='ocrx_word' id='word_1_269' title='bbox 489 2089 684 2136; x_wconf 81' lang='lat' dir='ltr'><em>indicabit,</em></span> <span class='ocrx_word' id='word_1_270' title='bbox 712 2102 825 2138; x_wconf 89' lang='lat' dir='ltr'><em>quem</em></span> <span class='ocrx_word' id='word_1_271' title='bbox 856 2103 1013 2128; x_wconf 88' lang='lat' dir='ltr'><em>sensnm</em></span> <span class='ocrx_word' id='word_1_272' title='bbox 1042 2091 1114 2129; x_wconf 74' lang='lat' dir='ltr'><em>ista</em></span> <span class='ocrx_word' id='word_1_273' title='bbox 1142 2092 1260 2128; x_wconf 84' lang='lat' dir='ltr'><em>verba</em></span> <span class='ocrx_word' id='word_1_274' title='bbox 1286 2091 1466 2128; x_wconf 84' lang='lat' dir='ltr'><em>habeant.</em></span> 
     </span>
    </p>

    <p class='ocr_par' dir='ltr' id='par_1_3' title="bbox 185 2149 1666 2327">
     <span class='ocr_line' id='line_1_32' title="bbox 185 2149 1666 2203; baseline 0 -14"><span class='ocrx_word' id='word_1_275' title='bbox 185 2154 303 2190; x_wconf 76' lang='lat' dir='ltr'><strong>33a&#39;1</strong></span> <span class='ocrx_word' id='word_1_276' title='bbox 341 2149 479 2197; x_wconf 81' lang='grc' dir='ltr'><em>οὐδεὶς</em></span> <span class='ocrx_word' id='word_1_277' title='bbox 506 2150 662 2202; x_wconf 77' lang='grc' dir='ltr'><em>γίνεται</em></span> <span class='ocrx_word' id='word_1_278' title='bbox 692 2151 981 2202; x_wconf 77' lang='grc' dir='ltr'><em>συλλογισμός,</em></span> <span class='ocrx_word' id='word_1_279' title='bbox 1023 2154 1113 2203; x_wconf 89' lang='lat' dir='ltr'><em>quia</em></span> <span class='ocrx_word' id='word_1_280' title='bbox 1148 2165 1274 2202; x_wconf 89' lang='lat' dir='ltr'><em>neque</em></span> <span class='ocrx_word' id='word_1_281' title='bbox 1311 2165 1357 2189; x_wconf 86' lang='lat' dir='ltr'><em>ex</em></span> <span class='ocrx_word' id='word_1_282' title='bbox 1386 2151 1666 2202; x_wconf 71' lang='lat' dir='ltr'><em>propositioni-</em></span> 
     </span>
     <span class='ocr_line' id='line_1_33' title="bbox 236 2214 1665 2266; baseline 0 -13"><span class='ocrx_word' id='word_1_283' title='bbox 236 2216 309 2253; x_wconf 87' lang='lat' dir='ltr'><em>bus</em></span> <span class='ocrx_word' id='word_1_284' title='bbox 349 2215 590 2265; x_wconf 88' lang='lat' dir='ltr'><em>simplicibus</em></span> <span class='ocrx_word' id='word_1_285' title='bbox 627 2215 673 2252; x_wconf 85' lang='lat' dir='ltr'><em>fit</em></span> <span class='ocrx_word' id='word_1_286' title='bbox 710 2216 975 2266; x_wconf 79' lang='lat' dir='ltr'><em>syllogismus,</em></span> <span class='ocrx_word' id='word_1_287' title='bbox 1024 2216 1059 2254; x_wconf 88' lang='lat' dir='ltr'><em>si</em></span> <span class='ocrx_word' id='word_1_288' title='bbox 1097 2216 1221 2253; x_wconf 82' lang='lat' dir='ltr'><em>maior</em></span> <span class='ocrx_word' id='word_1_289' title='bbox 1261 2214 1441 2253; x_wconf 78' lang='lat' dir='ltr'><em>universe</em></span> <span class='ocrx_word' id='word_1_290' title='bbox 1479 2214 1665 2262; x_wconf 82' lang='lat' dir='ltr'><em>affirmat,</em></span> 
     </span>
     <span class='ocr_line' id='line_1_34' title="bbox 237 2278 726 2327; baseline 0.002 -14"><span class='ocrx_word' id='word_1_291' title='bbox 237 2278 365 2316; x_wconf 88' lang='lat' dir='ltr'><em>minor</em></span> <span class='ocrx_word' id='word_1_292' title='bbox 393 2278 573 2315; x_wconf 77' lang='lat' dir='ltr'><em>universe</em></span> <span class='ocrx_word' id='word_1_293' title='bbox 599 2282 726 2327; x_wconf 83' lang='lat' dir='ltr'><em>negat.</em></span> 
     </span>
    </p>

    <p class='ocr_par' dir='ltr' id='par_1_4' title="bbox 187 2336 1666 2452">
     <span class='ocr_line' id='line_1_35' title="bbox 187 2336 1666 2391; baseline -0.001 -13"><span class='ocrx_word' id='word_1_294' title='bbox 187 2341 301 2378; x_wconf 67' lang='lat'><strong>33³9</strong></span> <span class='ocrx_word' id='word_1_295' title='bbox 328 2340 518 2379; x_wconf 87' lang='lat' dir='ltr'><em>Dedimus</em></span> <span class='ocrx_word' id='word_1_296' title='bbox 548 2336 698 2390; x_wconf 78' lang='grc' dir='ltr'>ὥσπερ,</span> <span class='ocrx_word' id='word_1_297' title='bbox 725 2341 762 2378; x_wconf 90' lang='lat' dir='ltr'><em>in</em></span> <span class='ocrx_word' id='word_1_298' title='bbox 790 2353 867 2390; x_wconf 88' lang='lat' dir='ltr'><em>quo</em></span> <span class='ocrx_word' id='word_1_299' title='bbox 894 2354 970 2381; x_wconf 90' lang='lat' dir='ltr'><em>non</em></span> <span class='ocrx_word' id='word_1_300' title='bbox 999 2341 1073 2381; x_wconf 86' lang='lat' dir='ltr'><em>erit</em></span> <span class='ocrx_word' id='word_1_301' title='bbox 1103 2339 1205 2391; x_wconf 91' lang='lat' dir='ltr'><em>quod</em></span> <span class='ocrx_word' id='word_1_302' title='bbox 1234 2338 1408 2378; x_wconf 84' lang='lat' dir='ltr'><em>offendat</em></span> <span class='ocrx_word' id='word_1_303' title='bbox 1435 2338 1521 2377; x_wconf 91' lang='lat' dir='ltr'><em>coll.</em></span> <span class='ocrx_word' id='word_1_304' title='bbox 1547 2340 1666 2378; x_wconf 72' lang='lat' dir='ltr'><em>vs.17</em></span> 
     </span>
     <span class='ocr_line' id='line_1_36' title="bbox 238 2403 915 2452; baseline 0.003 -12"><span class='ocrx_word' id='word_1_305' title='bbox 238 2407 280 2440; x_wconf 85' lang='lat' dir='ltr'><em>et</em></span> <span class='ocrx_word' id='word_1_306' title='bbox 306 2403 353 2440; x_wconf 87' lang='lat' dir='ltr'><em>iis</em></span> <span class='ocrx_word' id='word_1_307' title='bbox 382 2416 481 2452; x_wconf 87' lang='lat' dir='ltr'><em>quae</em></span> <span class='ocrx_word' id='word_1_308' title='bbox 510 2403 679 2443; x_wconf 87' lang='lat' dir='ltr'><em>diximus</em></span> <span class='ocrx_word' id='word_1_309' title='bbox 707 2404 754 2440; x_wconf 88' lang='lat' dir='ltr'><em>ad</em></span> <span class='ocrx_word' id='word_1_310' title='bbox 783 2405 915 2442; x_wconf 83' lang='lat' dir='ltr'><strong>20a4.</strong></span> 
     </span>
    </p>

    <p class='ocr_par' dir='ltr' id='par_1_5' title="bbox 188 2462 1667 2770">
     <span class='ocr_line' id='line_1_37' title="bbox 188 2462 1664 2518; baseline -0.001 -16"><span class='ocrx_word' id='word_1_311' title='bbox 188 2467 333 2504; x_wconf 80' lang='lat' dir='ltr'>33a25</span> <span class='ocrx_word' id='word_1_312' title='bbox 376 2465 632 2503; x_wconf 79' lang='lat' dir='ltr'><em>Restituimus</em></span> <span class='ocrx_word' id='word_1_313' title='bbox 671 2463 912 2518; x_wconf 78' lang='grc' dir='ltr'><em>ἐνδέχεσθαι</em></span> <span class='ocrx_word' id='word_1_314' title='bbox 947 2463 1086 2513; x_wconf 84' lang='grc' dir='ltr'><em>παντί,</em></span> <span class='ocrx_word' id='word_1_315' title='bbox 1127 2465 1230 2515; x_wconf 88' lang='lat' dir='ltr'><em>quod</em></span> <span class='ocrx_word' id='word_1_316' title='bbox 1270 2463 1439 2503; x_wconf 88' lang='lat' dir='ltr'><em>correxit</em></span> <span class='ocrx_word' id='word_1_317' title='bbox 1478 2462 1564 2500; x_wconf 90' lang='lat' dir='ltr'><em>cod.</em></span> <span class='ocrx_word' id='word_1_318' title='bbox 1603 2462 1664 2500; x_wconf 88' lang='lat' dir='ltr'><em>B:</em></span> 
     </span>
     <span class='ocr_line' id='line_1_38' title="bbox 239 2525 1664 2580; baseline -0.002 -14"><span class='ocrx_word' id='word_1_319' title='bbox 239 2528 423 2566; x_wconf 70' lang='lat' dir='ltr'><em>meliore·</em></span> <span class='ocrx_word' id='word_1_320' title='bbox 453 2529 553 2566; x_wconf 88' lang='lat' dir='ltr'><em>enim</em></span> <span class='ocrx_word' id='word_1_321' title='bbox 584 2529 739 2568; x_wconf 84' lang='lat' dir='ltr'><em>codices</em></span> <span class='ocrx_word' id='word_1_322' title='bbox 768 2543 903 2569; x_wconf 89' lang='lat' dir='ltr'><em>omnes</em></span> <span class='ocrx_word' id='word_1_323' title='bbox 934 2534 1023 2579; x_wconf 88' lang='lat' dir='ltr'><em>post</em></span> <span class='ocrx_word' id='word_1_324' title='bbox 1051 2526 1292 2580; x_wconf 72' lang='grc' dir='ltr'><em>ἐνδέχεσθαι</em></span> <span class='ocrx_word' id='word_1_325' title='bbox 1319 2526 1464 2575; x_wconf 75' lang='lat' dir='ltr'><em>aliquid</em></span> <span class='ocrx_word' id='word_1_326' title='bbox 1489 2525 1664 2563; x_wconf 84' lang='lat' dir='ltr'><em>additum</em></span> 
     </span>
     <span class='ocr_line' id='line_1_39' title="bbox 238 2588 1667 2644; baseline -0.001 -17"><span class='ocrx_word' id='word_1_327' title='bbox 238 2590 363 2628; x_wconf 82' lang='lat' dir='ltr'><em>fuisse</em></span> <span class='ocrx_word' id='word_1_328' title='bbox 397 2592 629 2641; x_wconf 84' lang='lat' dir='ltr'><em>ostendunt,</em></span> <span class='ocrx_word' id='word_1_329' title='bbox 677 2605 909 2643; x_wconf 78' lang='lat' dir='ltr'><em>quamquam</em></span> <span class='ocrx_word' id='word_1_330' title='bbox 947 2594 1051 2643; x_wconf 88' lang='lat' dir='ltr'><em>quod</em></span> <span class='ocrx_word' id='word_1_331' title='bbox 1086 2592 1282 2644; x_wconf 77' lang='lat' dir='ltr'><em>praebent·</em></span> <span class='ocrx_word' id='word_1_332' title='bbox 1314 2588 1396 2640; x_wconf 75' lang='grc' dir='ltr'><em>αβγ</em></span> <span class='ocrx_word' id='word_1_333' title='bbox 1432 2600 1508 2626; x_wconf 88' lang='lat' dir='ltr'><em>non</em></span> <span class='ocrx_word' id='word_1_334' title='bbox 1548 2588 1667 2626; x_wconf 86' lang='lat' dir='ltr'><em>habet</em></span> 
     </span>
     <span class='ocr_line' id='line_1_40' title="bbox 238 2647 1665 2702; baseline -0.001 -12"><span class='ocrx_word' id='word_1_335' title='bbox 238 2665 316 2702; x_wconf 86' lang='lat' dir='ltr'><em>quo</em></span> <span class='ocrx_word' id='word_1_336' title='bbox 353 2652 600 2696; x_wconf 84' lang='lat' dir='ltr'><em>defendatur.</em></span> <span class='ocrx_word' id='word_1_337' title='bbox 649 2656 779 2695; x_wconf 85' lang='lat' dir='ltr'><em>.Ante</em></span> <span class='ocrx_word' id='word_1_338' title='bbox 818 2656 1034 2694; x_wconf 84' lang='lat' dir='ltr'><em>Bekkerum</em></span> <span class='ocrx_word' id='word_1_339' title='bbox 1072 2654 1313 2694; x_wconf 76' lang='lat' dir='ltr'><em>scribebatur</em></span> <span class='ocrx_word' id='word_1_340' title='bbox 1348 2648 1473 2691; x_wconf 85' lang='grc' dir='ltr'><em>παντὶ</em></span> <span class='ocrx_word' id='word_1_341' title='bbox 1511 2647 1665 2701; x_wconf 80' lang='grc' dir='ltr'><em>ἐνδέχε-</em></span> 
     </span>
     <span class='ocr_line' id='line_1_41' title="bbox 237 2713 1666 2770; baseline -0.001 -16"><span class='ocrx_word' id='word_1_342' title='bbox 237 2715 350 2754; x_wconf 83' lang='grc' dir='ltr'>σθαι.</span> <span class='ocrx_word' id='word_1_343' title='bbox 405 2715 531 2757; x_wconf 84' lang='grc' dir='ltr'><em>παντὶ</em></span> <span class='ocrx_word' id='word_1_344' title='bbox 558 2718 822 2770; x_wconf 85' lang='lat' dir='ltr'><em>suspicionem</em></span> <span class='ocrx_word' id='word_1_345' title='bbox 850 2719 1022 2758; x_wconf 87' lang='lat' dir='ltr'><em>movisse</em></span> <span class='ocrx_word' id='word_1_346' title='bbox 1048 2719 1203 2758; x_wconf 85' lang='lat' dir='ltr'><em>videtur</em></span> <span class='ocrx_word' id='word_1_347' title='bbox 1229 2715 1453 2769; x_wconf 82' lang='lat' dir='ltr'><em>Sylburgio‚</em></span> <span class='ocrx_word' id='word_1_348' title='bbox 1494 2714 1586 2766; x_wconf 78' lang='lat' dir='ltr'><em>quia</em></span> <span class='ocrx_word' id='word_1_349' title='bbox 1614 2713 1666 2752; x_wconf 89' lang='lat' dir='ltr'><em>de</em></span> 
     </span>
    </p>
   </div>
  </div>
 </body>
</html>
