1780 3100
233 212 312 252 824
793 215 1157 250 Hermeneutica.

236 308 464 363 ἐπιγράψαι
506 309 601 360 περὶ
636 307 855 362 ἑρμηνείας
898 309 924 363 ἢ
972 310 1068 361 περὶ
1113 311 1410 362 ἀποφαντικοῦ
1446 312 1601 364 λόγους
1653 317 1716 351 est

237 376 339 413 enim
368 371 566 425 ἑρμηνεία
594 374 695 424 quod
724 387 795 412 nos
824 375 1103 426 „sprachliche
1123 375 1416 427 Mittheilung”.
1458 376 1518 415 cf.
1543 371 1654 413 1391)
1669 378 1717 413 15

237 435 322 476 ἔστι
348 436 394 477 δὲ
420 440 498 476 τοῦ
525 434 582 488 μὴ
611 437 746 483 καλῶς
772 434 876 488 μέρη
905 436 998 486 δύο,
1024 435 1073 476 ἓν
1099 435 1175 487 μὲν
1202 436 1249 477 τὸ
1276 437 1435 489 άσαφεῖ
1451 442 1503 490 τῇ
1524 436 1718 489 ἑρμηνείᾳ

235 502 489 552 κεχρῆσθαι·
520 498 585 538 δεῖ
607 498 688 550 γὰρ
715 499 791 539 τὸν
817 498 1063 550 ὁριζόμενον
1092 498 1147 548 ὡς
1176 498 1381 552 ἐνδέχεται
1411 499 1647 552 σαφεστάτῃ
1666 503 1717 550 τῇ

237 558 434 615 ἑρμηνείᾳ
460 564 702 614 κεχρῆσθαι.
743 562 818 602 Vix
847 565 936 609 erit,
966 565 1114 614 opinor,
1145 564 1208 601 cni
1234 577 1309 603 non
1339 566 1491 614 iniquus
1519 565 1634 602 iudex
1661 563 1718 600 vi-

236 625 378 663 deatur
405 626 647 676 Gumposch,
676 627 739 676 qui
769 639 805 676 p.
826 628 877 664 91
906 627 955 664 de
982 627 1080 664 libro
1107 625 1201 677 περὶ
1227 625 1446 677 ἑρμηνείας
1461 629 1560 665 haec
1580 627 1718 663 habet:

235 687 307 736 „In
345 689 478 726 dieser
505 689 661 727 kleinen
690 689 842 727 Schrift
866 717 875 727 .
900 718 909 727 .
934 716 943 726 .
974 690 1058 726 sind
1088 691 1152 727 die
1180 690 1405 729 Zitationen
1432 690 1509 728 und
1539 688 1719 726 entlehn-

235 753 301 788 ten
331 749 478 790 Stellen
507 751 570 788 die
599 751 872 790 Grundsiiulen
899 752 968 789 des
997 751 1181 799 Ganzen,
1219 754 1298 791 und
1333 753 1413 790 fast
1449 752 1575 790 nichts
1602 751 1655 787 ist
1682 750 1720 786 in

236 813 309 851 der
334 826 481 864 ganzen
502 812 653 851 schrift
680 814 894 860 enthalten,
924 827 1002 852 was
1031 815 1101 852 wir
1128 815 1236 852 nicht
1264 815 1388 852 sehon
1417 815 1617 853 anderswo
1645 812 1719 849 fin-

236 875 336 922 den,
375 888 419 913 so
458 875 544 913 dass
581 877 653 914 der
680 875 891 914 versasser
930 888 1005 913 nur
1031 880 1146 913 unter
1174 877 1237 913 die
1264 876 1418 914 Rahme
1445 877 1515 914 des
1542 873 1720 912 Urtheils

237 937 315 974 alte
343 937 467 988 Dinge
495 938 726 986 gebrachffl.
769 937 942 975 Titulum
971 938 1060 975 libri
1087 938 1201 987 plane
1223 938 1397 988 ineptum
1418 939 1576 984 indicat,
1605 948 1720 986 quem

237 999 420 1048 equidem
443 997 538 1036 ferri
564 1011 682 1048 posse
698 1000 928 1049 putaverim,
952 1011 1071 1048 quum
1084 995 1278 1050 ἑρμηνεία
1301 1001 1349 1038 de
1371 999 1722 1039 communIcatione

237 1061 428 1098 sermonis
458 1061 709 1110 intelligatur,
738 1062 849 1099 cuius
877 1062 1070 1112 principia
1098 1064 1135 1100 in
1163 1064 1238 1100 hoc
1267 1063 1366 1100 libro
1395 1063 1612 1100 tradantur.
1662 1059 1720 1097 De

237 1123 428 1161 divisione
457 1123 547 1161 libri
574 1136 607 1160 v.
636 1124 759 1161 schofl.
791 1126 842 1162 9⁴1
869 1128 990 1172 extu,
1033 1125 1082 1162 de
1110 1125 1433 1170 difficultatibus,
1462 1137 1557 1174 quas
1586 1123 1720 1170 habet,

237 1185 334 1223 satis
363 1190 426 1223 est
451 1185 584 1224 «ficere
612 1187 715 1236 quod
743 1186 903 1224 fuerunt
931 1187 996 1236 qui
1015 1200 1104 1225 eum
1125 1188 1314 1239 explicari
1337 1187 1491 1225 omnino
1508 1200 1583 1225 non
1602 1198 1722 1236 posse

237 1247 525 1287 arbitrarentur
554 1249 697 1294 (schol.
716 1251 824 1287 122a
843 1256 940 1298 not„
970 1249 1021 1287 cf.
1046 1252 1152 1287 126a
1171 1254 1286 1294 not.).

346 1351 442 1403 Gap.
460 1352 498 1391 1.
538 1351 654 1400 Quae
677 1353 815 1404 prima
844 1351 1087 1405 exponenda
1113 1353 1208 1399 sint,
1239 1355 1397 1405 3quam
1424 1351 1627 1390 rationem
1647 1350 1722 1388 Ῑια-

239 1415 362 1453 beant
389 1427 495 1466 quae
524 1415 705 1452 animum
734 1416 922 1467 afficiant
952 1421 991 1454 et
1009 1428 1116 1467 quae
1134 1415 1276 1453 horam
1295 1416 1418 1465 signa
1434 1417 1517 1453 sint
1538 1419 1722 1452 externa.

237 1479 263 1514 9
289 1476 438 1515 Verum
466 1482 506 1515 et
523 1478 685 1528 falsum
721 1483 767 1515 ut
796 1479 840 1515 in
868 1479 1004 1516 (mimo
1030 1479 1090 1516 sic
1117 1479 1160 1515 in
1188 1479 1373 1516 oratione
1400 1490 1481 1516 non
1509 1478 1553 1515 in
1579 1477 1721 1526 singu-

239 1540 291 1578 lis
316 1544 427 1586 sunt,
452 1539 526 1577 sed
554 1540 597 1577 in
624 1541 676 1578 iis
704 1553 810 1592 quae
840 1541 1059 1578 coniuncta
1082 1542 1367 1592 proferuntur.

239 1625 349 1662 16³3
378 1621 428 1662 τὰ
455 1621 502 1662 ἐν
528 1626 580 1673 τῇ
609 1627 735 1673 φωνῇ
762 1636 838 1661 non
868 1624 982 1660 verba
1011 1624 1214 1673 intelligit,
1250 1625 1321 1661 sed
1351 1634 1606 1672 quaecunque
1633 1633 1724 1671 pro-

290 1686 472 1723 feruntur
499 1698 570 1735 per
597 1686 781 1735 lingnam.
837 1685 899 1722 Cf.
928 1686 1096 1722 535a28
1133 1682 1257 1735 φωνὴ
1295 1682 1367 1723 καὶ
1404 1683 1545 1734 ψόφος
1582 1680 1725 1732 ἕτερόν

291 1744 377 1786 ἐστι
401 1745 473 1786 καὶ
498 1747 642 1796 τρίτον
669 1747 833 1786 τούτων
859 1745 1079 1792 διάλεκτος.
1118 1748 1256 1796 φωνεῖ
1278 1745 1356 1796 μὲν
1376 1741 1456 1785 οὖν
1475 1743 1619 1786 οὐδενὶ
1639 1745 1724 1784 τῶν

290 1811 429 1850 ἄλλων
455 1811 620 1860 μορίων
647 1809 775 1849 οὐδὲν
801 1807 912 1861 πλὴν
930 1813 986 1859 τῷ
1006 1808 1216 1860 φάρυγγι·
1245 1808 1310 1848 διὸ
1329 1807 1408 1848 ὅσα
1426 1807 1482 1861 μὴ
1501 1807 1579 1861 ἔχει
1598 1807 1724 1848 πνεύ-

290 1887 403 1925 μονα
440 1871 540 1912 οὐδὲ
578 1871 830 1924 φθέγγεται·
872 1871 1084 1919 διάλεκτος
1119 1871 1156 1911 δ’
1192 1871 1221 1924 ἦ
1256 1874 1330 1925 τῆς
1367 1874 1514 1924 φωνῆς
1551 1868 1634 1911 ἐστὶ
1673 1874 1726 1922 τῇ

289 1935 450 1988 γλώττῃ
487 1935 760 1986 διάρθρωσις.
809 1934 860 1975 τὰ
896 1933 974 1986 μὲν
1010 1930 1090 1974 οὖν
1126 1935 1348 1987 φωνήεντα
1382 1935 1411 1987 ἦ
1446 1934 1570 1986 φωνὴ
1605 1932 1677 1974 καὶ
1702 1932 1727 1973 ὁ

291 1997 452 2049 λάρυγξ
478 1997 667 2049 ἀφίησιν,
695 1997 746 2038 τὰ
774 1997 811 2038 δ’
840 1999 994 2047 ἄφωνα
1019 1996 1048 2049 ἦ
1073 1998 1236 2047 γλῶττα
1263 1996 1332 2037 καὶ
1359 1997 1410 2037 τὰ
1439 1997 1572 2049 χείλη·
1601 1995 1642 2045 ἐξ
1667 1987 1728 2036 ὧν

293 2059 321 2113 ἦ
349 2060 560 2107 διάλεκτός
588 2059 712 2100 ἐστιν.
769 2060 834 2100 διὸ
868 2059 948 2100 ὅσα
975 2061 1164 2111 γλῶτταν
1191 2059 1247 2112 μὴ
1275 2058 1354 2112 ἔχει
1380 2060 1406 2113 ἢ
1435 2058 1491 2112 μὴ
1519 2059 1727 2099 άπολελυ-

294 2121 426 2175 μένην
453 2125 550 2163 οὔτε
578 2126 716 2175 φωνεῖ
741 2125 836 2164 οὔτε
864 2122 1118 2174 διαλέγεται·
1145 2125 1303 2173 ψοφεῖν
1332 2122 1369 2162 δ’
1398 2121 1481 2162 ἔστι
1497 2121 1568 2163 καὶ
1587 2124 1728 2170 ἄλλοις

294 2185 473 2237 μορίοις.

246 2252 359 2288 16³4
387 2249 593 2300 σύμβολα.
651 2251 724 2289 165
737 2253 793 2288 afi
833 2248 913 2289 οὐκ
948 2246 1060 2288 ἔστιν
1087 2247 1194 2288 αὐτὰ
1219 2247 1270 2288 τὰ
1296 2248 1522 2301 πράγματα
1548 2245 1727 2298 διαλέγε-

295 2314 398 2352 σθαι
427 2310 649 2363 φέροντας,
678 2312 782 2352 ἀλλὰ
803 2314 891 2359 τοῖς
910 2310 1114 2363 ὀνόμασιν
1131 2309 1223 2351 ἀντὶ
1240 2313 1325 2351 τῶν
1343 2312 1601 2363 πραγμάτων
1622 2310 1728 2363 χρώ-

295 2378 407 2426 μεθα
435 2375 675 2428 συμβόλοις.
711 2378 821 2414 4318
835 2379 882 2415 15
908 2376 994 2415 τῶν
1016 2375 1054 2415 δ’
1077 2374 1298 2427 ὀνομάτων
1315 2372 1492 2414 ἕκαστον
1512 2372 1728 2425 σύμβολόν

297 2435 665 2490 έστιν,ι]υιιῐηᾳυυῐη
685 2439 782 2478 dicit
804 2441 934 2477 1404a
947 2442 996 2478 21
1013 2437 1064 2478 τὰ
1079 2437 1162 2490 γὰρ
1172 2437 1358 2488 ὀνόματα
1376 2437 1591 2490 μιμήματά
1603 2435 1728 2486 ἐστιν,

297 2502 338 2540 h.
368 2515 403 2540 e.
429 2515 545 2540 voces
573 2515 649 2541 non
676 2502 801 2540 solum
829 2502 1137 2553 interpretantur
1165 2505 1205 2540 et
1232 2502 1343 2552 quasi
1364 2504 1662 2552 repraesentant
1683 2512 1729 2538 ea

300 2564 441 2616 quibus
476 2565 627 2602 animus
664 2564 848 2613 afficitur,
877 2566 948 2603 sed
976 2565 1094 2603 etiam
1123 2565 1338 2603 imitantur:
1380 2564 1447 2613 qui
1483 2564 1593 2601 locus
1630 2573 1727 2612 quo-

297 2627 417 2666 modo
454 2627 730 2677 intelligendus
767 2628 818 2666 sit
855 2632 897 2666 et
933 2627 1198 2666 conciliandus
1236 2639 1324 2665 eum
1360 2626 1523 2675 reliquis
1559 2638 1595 2666 v.
1625 2623 1728 2676 apud

299 2690 473 2729 Biesium
502 2689 530 2728 1.
559 2703 598 2740 p.
626 2691 678 2728 94
706 2694 787 2728 not.
806 2692 843 2738 1,
871 2690 939 2729 ubi
967 2703 1039 2741 pro
1067 2690 1166 2728 rhet.
1189 2692 1227 2738 3,
1254 2691 1281 2726 6
1307 2688 1516 2738 legendum
1545 2692 1609 2727 est
1628 2687 1728 2726 rhet.

299 2754 339 2800 3,
367 2754 404 2790 1.
443 2753 500 2791 Ut
528 2752 601 2793 sibi
628 2756 881 2805 opponuntur
907 2751 1099 2804 σύμβολα
1126 2756 1167 2792 et
1192 2749 1409 2803 μιμήματα
1437 2751 1495 2791 sic
1515 2751 1635 2790 etiam
1656 2756 1726 2800 ση-
