1664 3126
1431 58 1438 65 .
1460 37 1517 86 3
1524 58 1589 170 ξ
1610 36 1664 115 ’ἷῇ

187 302 391 378 κειμένων
417 306 493 360 οὐχ
518 306 547 360 ἦ
574 307 679 360 αὐτὴ
704 305 920 361 ἐπιστήμη,
945 308 998 349 τὰ
1024 306 1191 350 ἐναντία
1216 310 1488 365 ἀντικείμενα,
1514 313 1598 354 τῶν

189 367 392 410 εναντίων
418 371 502 421 ἄρα
529 370 606 422 οὐχ
631 370 660 424 ἦ
687 371 815 425 αὐτή,
852 375 891 412 in
927 374 1044 412 tertia
1082 379 1212 413 autem
1239 376 1314 415 hoc
1340 378 1477 416 modo:
1520 380 1599 418 τοῦ

182 436 377 482 γνωστοῦ
403 432 472 473 καὶ
499 433 718 486 ἀγνώστου
747 435 824 487 οὐχ
849 434 878 488 ἦ
915 435 1043 488 αὐτή,
1080 435 1127 476 τὸ
1153 438 1341 488 γνωστὸν
1366 439 1437 479 καὶ
1461 441 1597 492 ἄγνω-

187 503 287 535 στον
314 493 507 545 ἐναντία,
536 495 740 539 ἐναντίων
765 501 848 551 ἄρα
876 499 952 550 οὐχ
978 499 1006 552 ἦ
1033 499 1148 552 αὐτή.
1202 501 1296 541 inde
1320 517 1343 541 a
1369 516 1428 541 vs.
1455 506 1506 542 20
1532 517 1599 542 ex-

184 560 296 610 ponit
323 560 416 610 quid
453 562 608 600 intersit
642 564 744 602 inter
771 570 974 614 utramque
1001 564 1283 603 obiectionem:
1335 578 1499 617 namque
1535 566 1601 617 qui

112 670 116 674 .
184 623 366 661 universe
387 623 520 662 obiicit
548 625 597 663 de
623 639 766 676 genere
783 624 853 673 (τὰ
873 625 1167 676 ἀντικείμενα),
1186 633 1300 677 negat
1319 630 1422 678 quod
1441 630 1491 668 de
1510 641 1600 679 spe-

185 687 244 724 cie
273 683 342 736 (τὰ
368 682 554 738 ἐναντία)
583 688 756 728 affirmat
793 691 1060 737 adversarius;
1100 691 1165 740 qui
1202 692 1472 741 exceptionem
1505 691 1601 730 facit

184 749 234 787 de
254 755 379 800 parte,
406 755 522 801 negat
540 752 590 789 de
618 753 749 803 specie
771 751 835 803 (τὸ
863 752 1053 804 γνωστὸν
1075 750 1146 792 καὶ
1171 754 1409 804 ἄγνωστον)
1430 754 1533 804 quod
1552 753 1601 792 de

180 825 324 863 genere
352 811 420 863 (τὰ
446 810 632 866 ἐναντία)
671 817 917 854 adversarius
955 815 1135 854 affirmat.
1199 816 1277 853 Iam
1315 816 1474 854 dubium
1512 828 1602 854 etse

184 888 259 914 non
288 881 421 928 potest
448 878 539 928 quid
567 879 643 923 sibi
671 880 787 917 velint
824 879 940 916 verba
966 877 1072 929 πρὸς
1097 877 1145 918 τὸ
1171 877 1362 918 καθόλου
1388 878 1473 916 τῶν
1498 889 1601 927 προ-

181 937 434 988 τεινομένων
461 953 516 978 vs.
545 942 617 988 20,
655 954 882 992 quamquam
920 955 995 980 non
1024 943 1120 980 satis
1148 942 1352 993 pernpicua
1380 947 1492 980 sunt:
1533 953 1602 979 ex-

187 1005 393 1053 spectabas
423 1004 539 1051 enim‚
566 1009 609 1042 ut
636 1004 785 1042 diceret
811 1003 972 1056 ἀνάγκη
1000 1004 1156 1045 τούτου
1194 1001 1271 1056 τὴν
1297 1002 1522 1054 ἀντίφασιν
1547 1002 1602 1043 εί-

183 1068 278 1105 πεῖν
304 1062 327 1105 ὃ
355 1066 547 1106 καθόλου
574 1063 659 1106 ἐστὶ
686 1065 791 1118 πρὸς
830 1066 882 1107 τὰ
914 1068 1216 1119 προτεινόμενα
1254 1069 1314 1107 vel
1352 1067 1374 1107 ὃ
1411 1066 1602 1107 καθόλου

185 1127 270 1169 ἐστὶ
295 1128 400 1182 πρὸς
434 1130 483 1170 τὸ
519 1131 618 1170 καθ’
647 1122 699 1170 οὗ
734 1129 893 1182 λέγεται
929 1131 957 1184 ἡ
993 1132 1215 1182 πρότασις,
1254 1133 1357 1183 quod
1395 1130 1603 1181 ἀνάλογον

182 1200 290 1233 esset
317 1195 364 1232 iis
393 1208 491 1244 quae
526 1195 714 1233 habemus
742 1207 798 1234 vs.
826 1197 889 1235 24.
954 1196 1054 1235 Nam
1090 1208 1165 1235 non
1201 1200 1308 1234 recte
1345 1195 1484 1233 dicitur
1515 1194 1602 1232 uni-

180 1270 294 1296 verse
321 1258 504 1308 excipere
531 1259 597 1309 qui
633 1271 732 1308 quae
767 1259 972 1310 proposita
1010 1264 1100 1298 sunt
1137 1259 1313 1298 universa
1351 1262 1487 1307 negat,
1531 1255 1601 1294 sed

182 1322 249 1371 qui
276 1325 393 1371 negat
419 1333 520 1371 quae
547 1322 609 1360 vel
638 1322 758 1371 magis
787 1325 877 1360 sunt
912 1323 1143 1361 universalia
1180 1326 1221 1360 et
1249 1321 1386 1371 quibus
1415 1319 1481 1358 illa
1508 1330 1601 1389 con-
1638 1365 1640 1371 Ι

176 1385 366 1424 tinentur.
1550 1376 1664 1433 frff‘ss

126 1449 278 1487 691123
305 1444 436 1496 μέσον
461 1445 581 1497 γὰρ.
634 1447 844 1487 ‚Medius
873 1448 1063 1487 terminus
1093 1447 1250 1499 ponitur
1277 1446 1342 1497 qui
1371 1458 1484 1496 comp
1497 1427 1551 1489 'J
1548 1426 1658 1497 <333⁶

179 1517 245 1549 tur
273 1523 377 1553 eum,
407 1511 472 1560 qui
500 1511 701 1548 subiectus
729 1517 790 1549 est
817 1511 1075 1562 propositioni
1102 1513 1148 1550 ab
1177 1509 1396 1548 adversario
1426 1521 1521 1559 pv„

179 1596 230 1601 —
258 1571 306 1612 τὸ
332 1572 670 1623 καθολικώτερον
696 1575 774 1613 τοῦ
802 1571 843 1621 ἐξ
869 1573 1009 1621 ἀρχῆς.

129 1638 277 1676 ‹59b24
305 1633 351 1675 ἐν
377 1634 491 1686 μέρει
517 1633 562 1672 δὲ
590 1635 673 1678 (ουί
699 1633 913 1681 respondet
939 1644 997 1668 vs.
1025 1633 1074 1667 19
1100 1630 1290 1669 καθόλου
1319 1632 1414 1679 μὲν)
1441 1630 1600 1668 ἐνιστά-

180 1711 311 1750 μενον
337 1696 498 1748 ἀνάγκη
523 1695 679 1735 τούτου
705 1691 783 1746 τὴν
809 1692 1034 1755 ἀντίφασιν
1074 1690 1201 1730 εἰπεῖν
1239 1684 1292 1730 οὗ
1329 1689 1601 1730 καθολικώτε-

180 1762 258 1815 ρόν
285 1759 371 1802 ἐστι
396 1760 444 1801 τὸ
470 1757 747 1809 ὑποκείμενον
781 1758 854 1809 τῆς
889 1754 1148 1807 προτάσεως,
1183 1755 1223 1793 h.
1252 1768 1286 1794 e.
1315 1755 1379 1805 qui
1406 1755 1602 1803 exceptio-

180 1840 269 1865 nem
298 1825 394 1864 facit
421 1826 472 1863 de
498 1827 613 1875 parte
639 1826 754 1873 negat
780 1822 831 1860 de
858 1826 972 1872 parte
1008 1820 1094 1858 eius
1121 1818 1302 1863 termini,
1341 1817 1390 1856 de
1417 1828 1491 1867 quo
1518 1821 1598 1856 toto

177 1890 285 1928 idem
312 1889 367 1926 ait
394 1887 654 1926 adversarius.

124 1954 278 1993 69b25
306 1948 362 2003 μὴ
389 1948 468 2002 τὴν
495 1948 641 2000 αὐτήν.
693 1947 805 1986 Haec
832 1948 869 1984 in
898 1945 1079 1996 exemplo
1106 1943 1210 1995 quod
1239 1943 1454 1994 praecessit
1472 1954 1528 1981 vs.
1549 1946 1597 1981 21

183 2017 377 2055 sententia
405 2019 490 2053 erat
515 2012 749 2060 adversarii,
777 2023 893 2060 quem
919 2022 1020 2048 nunc
1047 2009 1085 2047 in
1113 2007 1344 2046 contrariam
1372 2005 1597 2045 sententiam

182 2080 327 2119 abiisse
365 2078 493 2129 fingit.
564 2074 863 2114 Demonstrandi
899 2074 998 2111 ratio
1032 2075 1141 2110 certe
1167 2070 1306 2109 eadem
1333 2073 1487 2118 manet,
1517 2068 1599 2107 sive

179 2143 282 2181 hanc
310 2141 392 2180 sive
420 2140 527 2178 iilam
555 2137 799 2177 adversarius
828 2135 1018 2174 defendit.

131 2207 219 2246 691)
232 2208 282 2244 31
310 2202 585 2255 ἀντικείμενοι
611 2197 882 2251 συλλογισμοὶ
907 2199 1089 2238 dicuntur
1120 2197 1186 2248 qui
1212 2196 1391 2248 opposita
1415 2194 1600 2244 efficiunt,

185 2269 420 2309 affirmantia
448 2272 490 2306 et
516 2266 708 2318 negantia,
735 2264 839 2314 quod
867 2275 943 2302 non
969 2263 1015 2300 fit
1033 2262 1072 2301 in
1093 2260 1264 2300 secunda
1283 2259 1416 2311 figura.
1450 2256 1600 2296 Deinde

183 2334 216 2372 si
244 2333 332 2383 quis
361 2336 474 2382 cogat
501 2331 538 2368 in
566 2328 742 2368 secunda
764 2327 891 2380 figura
918 2327 957 2366 A
984 2338 1058 2365 non
1095 2323 1312 2376 praedicari
1347 2322 1394 2360 de
1421 2319 1476 2369 B,
1512 2320 1600 2358 lon-

183 2397 296 2449 giore
323 2396 501 2434 oratione
526 2391 736 2444 indigebit:
782 2404 869 2430 nam
908 2387 1188 2429 demonstratio
1223 2387 1321 2425 haec
1346 2384 1430 2424 erit.
1485 2383 1528 2422 Γ
1548 2384 1598 2422 de

182 2459 288 2498 nuno
316 2459 356 2497 A
383 2463 422 2497 et
448 2459 499 2496 de
526 2456 630 2494 omni
659 2455 718 2503 B,
746 2455 786 2494 A
811 2454 926 2504 igitur
954 2453 1004 2491 de
1031 2451 1136 2490 nuno
1167 2450 1216 2488 B.
1269 2449 1440 2499 Apparet
1467 2449 1595 2484 autem

183 2523 492 2574 propositionem
520 2520 596 2559 ΓΑ
623 2519 748 2570 ipsam
775 2530 849 2556 non
885 2517 1042 2561 datam,
1077 2514 1147 2552 sed
1184 2512 1333 2551 aliunde
1369 2509 1594 2579 eliciendam

181 2598 294 2633 esse,
323 2585 502 2635 exceptio
528 2596 620 2622 vero
649 2583 733 2634 ipsa
762 2580 968 2620 manifesta
995 2591 1085 2617 esse
1112 2577 1252 2626 debet,
1289 2586 1334 2613 ne
1361 2584 1455 2621 cog
1462 2566 1584 2628 ,323
1598 2613 1602 2621 a

184 2649 260 2687 alia
287 2648 501 2698 confugere
528 2647 670 2697 quibus
697 2646 854 2685 nitatur.
909 2642 1023 2692 Quod
1049 2642 1100 2680 de
1126 2641 1234 2692 signo
1259 2635 1362 2677 addit
1388 2647 1441 2674 vs.
1501 2619 1607 2702 “³¹

183 2711 363 2750 debimus
392 2723 475 2761 cap.
505 2722 588 2760 seq.

129 2774 215 2813 691»
227 2776 277 2813 38
303 2770 398 2824 περὶ
423 2773 509 2814 τῶν
535 2772 672 2812 ἄλλων
699 2766 951 2819 ἐνστάσεων,
980 2781 1015 2809 ν.
1043 2768 1144 2808 rhet.
1172 2764 1205 2804 11
1230 2775 1261 2802 c.
1287 2762 1350 2800 25.

132 207 210 247 536
649 212 899 257 Analytica
927 213 1099 256 priora.
