1884 3100
617 195 689 227 ΚΑ
706 194 776 228 ΤΗ
789 192 1005 228 ΓΟΡΙΑῙ.
1465 193 1538 232 1⁰1

91 289 215 337 κωλύ
205 308 254 337 ει
289 288 519 354 ἐπιστητὸν
549 287 683 349 εἶναι,
717 287 814 339 οἷον
841 292 916 338 καὶ
953 290 980 339 6
1009 294 1095 339 τοῦ
1125 289 1304 339 κυκλου
1323 308 1537 354 τετραγω-

91 355 248 418 νισμός
271 359 354 420 εἴγε
375 358 492 406 ἔστιν
518 357 763 422 ἐπιστητόν,
791 359 1006 424 ἐπιστημη
1034 360 1113 420 μὲν
1139 357 1289 406 αὐτοῦ
1310 376 1400 405 ουκ
1421 359 1538 405 ἔστιν

91 423 284 482 οὐδέπω,
306 423 448 484 αὐτὸς
467 426 515 472 δὲ
535 425 763 490 ἐπιστητόν
779 426 909 472 ἐστιν
944 427 1003 473 ἔτι
1016 426 1221 493 ζῴουμὲν
1229 425 1537 487 αναιρεθέντος

91 489 179 538 οὐκ
218 492 337 539 ἔσται
374 491 610 556 ἐπιστήμη,
658 511 748 540 των
776 491 816 539 6'
857 478 1100 576 ἐπιστητῶν
1130 491 1278 541 πολλὰ
1321 494 1537 556 ἐνδέχεται

90 554 212 605 εἶναι.
276 557 440 618 ὁμοίως
466 561 513 605 δὲ
541 559 723 617 τούτοις
747 561 822 606 καὶ
853 558 907 606 τὰ
947 561 1015 607 ἐπὶ
1044 565 1124 624 τῆς
1156 560 1408 633 αἰσθήσεως
1437 562 1531 623 ἔχει.
1549 580 1584 608 8⁵

87 622 140 671 τὰ
158 623 243 707 γὰρ
265 622 487 688 αἰσθητὸν
504 623 718 686 πρότερον
749 630 831 689 τῆς
868 627 1120 689 αἰσθησεως
1153 632 1278 674 δοκεῖ
1307 624 1429 674 εἶναι.
1482 625 1534 674 τὸ

85 691 165 753 μὲν
184 689 268 754 γὰρ
289 690 507 756 αἰσθητὸν
522 690 757 754 αναιρεθὲν
778 699 1039 753 συναναιρεῖ
1052 693 1133 757 τὴν
1154 695 1369 757 αἴσθησιν
1383 730 1395 752 ,
1432 691 1462 757 ἡ
1485 695 1534 741 δὲ

87 759 298 823 αἴσθησις
320 757 372 806 τὸ
395 757 612 822 αἰσθητὸν
627 757 687 807 οὐ
708 765 975 822 συναναιρεῖ.
1011 761 1056 807 αἱ
1073 759 1157 822 γὰρ
1179 760 1412 824 αἰσθήσεις
1429 762 1531 822 περὶ

86 829 213 886 σῶμα
237 826 312 872 καὶ
333 826 378 874 ἐν
397 825 565 887 σώματί
585 828 716 884 εἰσιν,
763 828 989 891 αἰσθητοῦ
1008 829 1055 875 δὲ
1076 826 1388 890 ἀναιρεθέντος
1418 826 1528 888 ἀνῄ-

86 911 216 956 ρηται
258 894 332 939 καὶ
367 891 420 940 τὸ
451 897 579 954 σῶμα
617 895 730 956 (τῶν
769 893 854 957 γὰρ
898 896 1129 958 αἰσθητων
1161 896 1236 942 καὶ
1279 894 1332 942 τὸ
1359 896 1580 958 σῶμα),Ρ·
1592 903 1616 937 8

86 960 289 1021 σώματος
313 961 361 1007 δὲ
377 958 439 1024 μὴ
459 959 590 1018 ὄντος
618 979 832 1024 ανηρηται
852 963 928 1008 καὶ
953 960 982 1026 ἡ
1014 965 1249 1026 αἴσθησις,
1284 960 1394 1010 ωστε
1416 975 1529 1010 συν-

86 1031 257 1088 αναιρεῖ
279 1025 332 1073 τὸ
362 1026 584 1091 αἰσθητὸν
604 1047 688 1091 την
718 1031 945 1112 αἴσθησιν.
1014 1028 1044 1094 ἡ
1076 1030 1124 1077 δέ
1150 1049 1196 1092 γε
1228 1031 1441 1094 αἴσθησις
1473 1028 1527 1077 τὸ

85 1091 308 1157 αἰσθητὸν
317 1093 376 1142 οὐ
387 1101 661 1156 συναναιρεῖ·
685 1094 805 1161 ζῴου
814 1094 896 1158 γὰρ
910 1094 1217 1157 αναιρεθέντος
1229 1098 1443 1161 αἴσθησις
1451 1097 1531 1158 μὲν

85 1159 321 1245 ἀνῄρηται,
357 1160 575 1245 αἰσθητὸν
594 1163 640 1209 ὁε
661 1162 802 1218 ἔσται,
837 1160 934 1210 οἷον
955 1168 1106 1224 σοῖιια,
1138 1163 1331 1224 θερμόν,
1366 1162 1562 1226 γλυκύ,5

84 1228 269 1288 πικρόν,
312 1230 387 1276 καὶ
418 1223 557 1276 τᾶλλα
584 1229 727 1277 πάντα
759 1215 849 1277 ὅσα
881 1231 998 1277 ἐστὶν
1025 1230 1232 1294 αἰσθητά.
1300 1231 1360 1278 ἔτι
1391 1230 1422 1294 ἡ
1450 1231 1529 1292 μεν

85 1297 296 1359 αισθησις
327 1315 417 1358 αμα
454 1316 515 1343 τω
555 1299 802 1381 αἰσθητικῷ
837 1299 1019 1360 γίνεται·
1086 1295 1176 1358 ἅμα
1202 1295 1288 1360 γὰρ
1333 1298 1452 1364 ζῷόν
1483 1315 1529 1344 τε

83 1363 244 1425 γίνεται
279 1364 354 1410 καὶ
393 1365 625 1436 αἴσθησις·
679 1363 733 1411 τὸ
776 1365 825 1412 δέ
861 1384 907 1428 γε
939 1365 1160 1429 αἰσθητόν
1194 1365 1284 1412 ἔστι
1322 1367 1396 1412 καὶ
1434 1362 1526 1426 πρὸ

85 1434 171 1477 τοῦ
200 1431 412 1494 αἴσθησιν
444 1437 506 1478 εἰν
508 1449 576 1478 αι·
635 1436 728 1494 πῦρ
755 1430 838 1494 γὰρ
874 1434 948 1479 καὶ
985 1451 1017 1479 ι
997 1430 1110 1493 ‘'dc-29
1139 1434 1214 1479 καὶ
1238 1430 1293 1479 τὰ
1327 1450 1527 1491 τοιαυτα,

83 1495 175 1553 ἐξ
144 1515 206 1544 ων
222 1498 295 1543 καὶ
315 1496 368 1545 τὰ
389 1501 504 1564 ζῷον
522 1499 792 1557 συνισταται,
823 1500 911 1546 ἔστι
940 1501 1014 1546 καὶ
1035 1497 1126 1562 πρὸ
1146 1503 1233 1547 τοῦ
1264 1503 1378 1561 ζῷον
1409 1497 1525 1557 ὅλως
1541 1516 1576 1544 10

81 1561 190 1612 εἶναι
199 1583 239 1636 η
262 1546 488 1629 αἴσθησιν,
510 1563 620 1613 ωστε
638 1566 857 1629 πρότερον
879 1585 934 1615 αν
942 1571 1021 1631 τῆς
1034 1566 1286 1631 αἰσθήσεως
1295 1585 1347 1614 το
1334 1565 1526 1630 αἰσθη-

79 1630 160 1680 τὸν
175 1628 285 1679 εἶναι
304 1631 480 1689 δόξειεν.

206 1696 328 1760 Ἔχει
351 1701 398 1747 δὲ
419 1699 610 1762 απορίαν
626 1699 817 1762 πότερον
837 1698 1025 1760 οὐδεμία
1061 1699 1197 1747 οὐσία
1223 1718 1314 1747 των
1341 1698 1459 1761 πρός
1484 1715 1527 1745 τι

81 1764 271 1827 λέγεται,
323 1767 526 1828 καθάπερ
565 1770 707 1824 δοκεῖ,
760 1764 790 1829 ἢ
828 1771 964 1814 τοῦτο
1002 1768 1213 1828 ἐνδέχεται
1249 1766 1361 1813 κατά
1405 1784 1528 1823 τινας

81 1836 170 1879 τῶν
190 1832 405 1894 δευτέρων
425 1832 604 1881 οὐσιῶν.
642 1834 711 1880 ἐπὶ
731 1835 810 1894 μὲν
827 1833 910 1896 γὰρ
929 1838 1019 1882 τοῖν
1032 1834 1216 1895 πρώτων
1226 1833 1401 1881 οὐσιων
1414 1832 1578 1896 αλη-ιτ

80 1899 162 1957 θές
192 1900 328 1946 ἐστιν·
358 1899 480 1948 οὔτε
510 1899 594 1963 γὰρ
624 1899 678 1947 τὰ
710 1898 794 1947 ὅλα
819 1900 923 1949 οὔτε
950 1899 1136 1966 τὰμέρη
1156 1902 1271 1962 πρός
1288 1919 1329 1948 τι
1345 1901 1526 1963 λέγεται.

83 1964 110 2013 6
128 1965 212 2028 γάρ
229 1984 295 2023 τις
321 1964 561 2027 ανθρωπος
593 1967 654 2014 ου’
686 1968 851 2031 λέγεται
878 1969 1001 2027 τινός
1028 1987 1094 2027 τις
1123 1967 1386 2028 ἄνθρωπος,
1421 1965 1529 2014 οὐδε

9 2087 11 2089 ,
84 2031 111 2080 6
139 2034 205 2091 τὶς
234 2036 347 2094 βοῦς
372 2032 493 2091 τινός
519 2051 586 2091 τις
616 2039 741 2094 βοῦς.
810 2035 1023 2095 ωσαύτως
1054 2038 1101 2084 δὲ
1130 2037 1205 2084 καὶ
1233 2034 1287 2083 τὰ
1319 2035 1453 2099 μέρη·

172 2183 214 2215 31
245 2179 328 2216 οἷόν
355 2194 392 2216 τι
416 2179 479 2215 καὶ
509 2181 572 2214 Cd.
596 2199 642 2207 —
673 2181 735 2216 καὶ
763 2194 819 2214 om
846 2194 898 2216 eu.
922 2201 970 2209 —
1002 2184 1048 2217 32
1069 2194 1108 2225 γε
1134 2195 1174 2224 pr
1196 2195 1252 2216 om
1270 2195 1304 2216 ιι.
1330 2201 1374 2207 -
1399 2183 1443 2215 33
1465 2193 1530 2215 ου-

0 2269 3 2273 ,
81 2237 186 2262 ποθ.
210 2245 257 2252 -
279 2224 372 2262 αὐτὸ
396 2228 502 2260 Bmae
524 2244 570 2251 -
595 2225 648 2270 δὲ]
671 2225 712 2261 δὲ
730 2225 773 2261 τὸ
799 2228 877 2271 Cdf.
901 2248 945 2254 —
971 2227 1024 2262 ἔτι
1043 2228 1114 2262 τοῦ
1131 2225 1225 2273 ζῴου
1243 2239 1272 2262 e.
1299 2247 1342 2253 —
1368 2229 1413 2261 34
1433 2225 1531 2260 ἔστιν

0 2280 22 2299 -'
81 2284 116 2315 c,
142 2284 223 2306 corr
244 2283 280 2305 τι.
303 2290 349 2298 -
381 2273 425 2306 35
455 2270 528 2315 ἔχει
560 2280 644 2315 post
673 2270 767 2306 δὲη.
791 2292 834 2297 -
866 2274 910 2307 39
934 2272 1080 2319 περὶτὰ
1107 2275 1257 2318 orfime.
1282 2291 1328 2299 —
1361 2269 1530 2317 ἀναιρεῖ-

0 2338 3 2356 ;
80 2330 143 2354 ται
158 2318 224 2351 Ac

19 2356 36 2364 '⁴
111 2367 114 2369 ’
171 2317 298 2397 Sag&
324 2373 379 2396 om
403 2373 438 2394 π.
463 2379 509 2386 --
538 2373 635 2395 των.
647 2370 796 2404 ..σωμα
811 2373 868 2394 om
888 2374 917 2396 e.
942 2382 987 2388 —
1019 2363 1071 2395 alt
1089 2361 1152 2397 καὶ
1173 2375 1229 2395 om
1249 2363 1343 2404 Ade,
1362 2372 1462 2417 prg.
1483 2378 1530 2387 —

81 2409 105 2441 2
132 2406 342 2464 ἀναιρεῖται
367 2407 496 2452 Aedg.
519 2425 565 2433 -—
604 2408 626 2440 4
655 2411 874 2449 ovvoevmesi‘
899 2420 956 2440 om
974 2420 1008 2440 ιι.
1033 2426 1076 2461 -;
1119 2405 1204 2452 γὰρ]
1230 2407 1296 2452 μὲν
1327 2406 1399 2452 γὰρ
1426 2418 1460 2439 ιι.
1483 2424 1531 2431 -

81 2449 491 2540 23‘232-”05'22325
506 2449 765 2546 ἒςῗῖἵᾶῗῖἷῗ.
775 2449 1531 2552 {3¹62AE{13:2925‘JW05255223223‘

85 2541 227 2600 σθητόν
249 2555 285 2577 α.
306 2561 354 2569 -
385 2544 491 2598 σῶμα
517 2550 596 2575 ante
626 2545 707 2576 οιον
731 2543 782 2576 cd
782 2554 855 2599 ug,
881 2556 937 2576 om
956 2555 997 2584 a,
1023 2542 1104 2577 οἷον
1125 2542 1167 2578 τὸ
1190 2543 1338 2587 stupas.
1363 2561 1408 2567 —
1440 2543 1461 2575 6
1480 2539 1528 2576 τὰ

83 2585 175 2623 ἄλλα
198 2599 283 2633 nug
309 2607 354 2614 —
386 2585 481 2642 ᾇπερ
511 2600 539 2621 e.
563 2606 610 2612 —
640 2587 806 2629 αἰσθητὰ
832 2600 887 2622 om
914 2590 951 2622 C.
975 2607 1019 2613 -—-
1052 2585 1092 2632 ἦ]
1124 2589 1159 2623 εἰ
1182 2600 1210 2622 c.
1237 2605 1277 2612 —-
1314 2588 1334 2621 7
1362 2587 1529 2642 αἰσθητῷ

84 2644 217 2678 con-g.
242 2651 288 2659 —
327 2633 422 2680 ζῷόν
441 2633 497 2677 τε]
517 2633 568 2680 τῷ
591 2630 670 2683 ζῴῳ
690 2633 820 2687 ACdg,
847 2634 989 2691 ζῷονῙ,
1013 2645 1055 2677 pr
1071 2645 1106 2666 ιι.
1133 2653 1178 2658 —-
1207 2631 1324 2677 82:012]
1341 2632 1405 2667 καὶ
1420 2629 1444 2675 ἡ
1464 2644 1516 2677 ng

83 2689 127 2721 pr
148 2689 203 2711 om
223 2689 262 2723 g.
286 2698 330 2704 —
352 2668 375 2712 ‘9
391 2679 461 2714 τοῦ
479 2668 573 2735 ζῷον
591 2677 688 2713 εἶναι
707 2674 732 2720 ἢ
752 2668 929 2722 αἴσθησιν
945 2676 987 2722 (ἢ
1005 2678 1183 2734 αἴσθησιν
1203 2632 1343 2712 εἷναιΑ
1309 2678 1388 2722 Α)
1405 2678 1528 2723 Acfg.

84 2723 198 2756 —10
208 2723 271 2758 καὶ
285 2735 341 2757 om
356 2736 391 2758 ιι.
408 2742 456 2750 -
476 2713 739 2769 σννέστηκενῘ
757 2743 800 2749 -
825 2724 1042 2759 συνίσταται
1058 2722 1099 2758 τὸ
1119 2721 1314 2768 αἰσθητόν,
1352 2734 1409 2759 στι
1425 2735 1468 2769 pr
1486 2725 1528 2757 B.

85 2787 130 2793 —
153 2764 248 2810 ὅλως
259 2769 352 2816 ζῷον
366 2781 401 2803 ιι.
415 2787 459 2796 -
488 2770 530 2804 18
549 2782 590 2815 pr
610 2770 667 2810 τὶς
683 2781 740 2804 om
759 2780 788 2803 e.
