1760 3112
253 228 306 267 58
642 225 832 262 Scholia
854 223 896 256 in
919 223 1100 268 Analyt.
1125 226 1293 266 poster.

162 326 240 361 92b
345 319 554 367 ὄρείχαλκός
584 319 680 356 ἐστιν
710 316 755 355 ὃν
777 320 956 365 καλοῦμεν
985 317 1178 365 ἤλεκτρον,
1215 317 1265 359 ὥς
1288 315 1320 353 δ’
1345 315 1456 357 ἐνίοις
1477 316 1580 351 δοκεῖ
1599 316 1667 361 βο-

195 373 240 404 22
256 377 348 422 τάνη
372 375 492 422 ὄρειος
515 375 554 411 ἐκ
576 377 643 411 τοῦ
667 375 745 421 ὄρει
766 375 906 422 χαίρειν
928 372 1251 419 ἔτυμολογουμένη.
1294 373 1418 408 Prodr.
1443 375 1479 407 et
1500 371 1666 406 Riccard.

348 432 419 477 ἔχει
441 444 495 472 τις
518 430 634 475 λέγειν
665 429 723 466 οτι
753 425 862 471 οὖτος
897 429 919 466 o‘
943 429 1093 476 ὁρισμὸς
1115 427 1378 475 προσαρμόσειε
1399 427 1463 463 καὶ
1483 426 1534 472 τῷ
1558 423 1596 461 ἐν
1616 426 1668 471 τῷ

261 485 339 534 ὄρει
361 488 540 553 γινομένῳ
559 486 691 532 χαλκῷ.
737 486 858 531 Mal-g.

165 548 242 581 921>
348 540 469 588 ὥσπερ
493 555 562 577 ουν
586 540 738 585 οὐδεμία
761 538 948 583 ἀπόδειξις
971 539 1008 582 ἐξ
1031 537 1147 575 αὐτοῦ
1170 538 1238 573 τοῦ
1262 536 1455 582 ὀνόματος,
1479 548 1538 571 οτι
1559 534 1671 569 τοῦδέ

196 595 239 628 33
257 597 354 633 ἐστιν
381 595 499 641 ὄνομα
522 595 748 641 όνομαστοῦ,
779 592 896 636 οὕτως
925 592 1012 630 ουδὲ
1036 595 1072 630 οἱ
1104 593 1248 641 ὁρισμοὶ
1270 595 1382 629 τοῦτο
1403 590 1672 638 προσδηλοῦσιν

256 653 306 694 ὥς
330 650 577 697 όνοματοόδεις
599 650 844 696 υποκείμενοι.
890 651 1056 685 Riccard.

345 708 381 743 εἰ
401 706 471 752 γὰρ
496 706 533 749 ἐξ
555 705 717 751 ἀνάγκης
737 704 824 741 τόδε
847 704 889 741 τὸ
914 704 1031 749 ὄνομα
1051 700 1097 749 ἦν
1119 704 1229 739 τοῦδε
1246 703 1314 738 τοῦ
1337 699 1546 746 όνομαστοῦ
1563 698 1672 744 φύσει

256 761 316 806 ἄν,
340 761 385 798 οῦ
406 762 511 797 θέσει
533 756 579 806 ἥν
601 762 647 797 τὰ
674 761 841 806 ὀνόματα
863 761 927 796 καὶ
951 758 1038 796 οὔτε
1060 758 1262 804 ὁμωνύμως
1285 756 1424 802 ἑλέγετό
1450 770 1486 791 τι
1509 753 1594 791 οὔτε
1605 766 1671 789 πο·

258 817 463 862 λυωνύμως.
508 818 635 851 Prodr.

165 867 207 900 93
223 876 244 898 a
348 872 428 908 ἐπεὶ
450 871 491 908 δέ
513 871 628 916 ἐστιν,
653 868 703 912 ὥς
727 870 884 916 ἔφαμεν,
906 867 1044 905 ταῦτὸν
1065 867 1108 904 τὸ
1134 867 1270 903 εἰδέναι
1292 867 1330 902 τί
1351 866 1426 902 ἐστι
1443 866 1505 901 καὶ
1527 864 1596 909 τὴν
1618 863 1674 898 αἰ-

258 929 341 964 τίαν
372 929 442 964 τοῦ
473 927 509 963 εἰ
529 926 638 970 ἔστιν,
761 927 884 961 αἴτιον
918 925 957 960 δὲ
988 925 1055 959 τοῦ
1085 923 1254 968 ἐγχωρεῖν
1285 921 1457 966 γενέσθαι
1487 918 1676 962 ἀπόδειξιν

260 983 414 1029 ὁρισμοῦ
447 982 511 1017 διὰ
543 981 782 1025 συλλογισμοῦ
814 979 900 1015 τόδε
929 978 1046 1022 ἐστίν,
1082 992 1141 1014 οτι
1171 977 1296 1023 ἔχομέν
1318 990 1422 1018 τινας
1444 975 1617 1023 ὁρισμους
1637 974 1675 1017 ἐξ

198 1079 202 1082 ,
257 1036 346 1083 ν’λης
378 1035 404 1083 ἧ
437 1038 560 1076 εἴδους
587 1032 884 1079 άποδεδομένους
915 1035 978 1070 καὶ
1011 1029 1114 1070 οῦτοι
1144 1030 1169 1078 ἢ
1202 1031 1483 1079 άντιστρέφουσι
1512 1029 1606 1077 πρὸς
1627 1028 1675 1065 τὰ

257 1091 454 1159 ὁριζόμενοι
486 1089 510 1136 ἢ
545 1088 614 1126 οῦκ
643 1087 935 1136 άντιστρέφουσι,
961 1116 970 1124 .
1000 1087 1112 1124 ..ἐπεὶ
1144 1087 1184 1124 δε
1206 1088 1269 1123 καὶ
1292 1089 1404 1123 πᾶσιν
1425 1087 1623 1129 α’πόδειξις
1636 1085 1676 1121 ἐκ

258 1149 446 1196 προτέρων
467 1148 626 1192 γίνεται,
658 1144 800 1190 ἀνάγκη
823 1146 891 1180 τοῦΙ
912 1143 1045 1180 υλικοῦ
1067 1141 1260 1187 ἀπόδειξιν
1281 1142 1453 1187 γενέσθαι
1476 1141 1540 1178 διὰ
1562 1140 1675 1186 μέσου

258 1205 326 1240 τοῦ
359 1203 501 1239 εἰδικοῦ
534 1199 662 1242 ον’τως.
709 1199 728 1235 ὁ
761 1199 998 1244 θυμούμενος
1028 1198 1192 1245 ὀρέγεται
1214 1197 1504 1244 άντιλυπήσεως,
1535 1198 1604 1233 τοῦ
1637 1195 1678 1232 δὲ

260 1256 480 1306 ὀρεγομένου
514 1253 786 1301 ἀντιλυπήσεως
819 1258 870 1298 ζεῖ
892 1255 935 1291 τὸ
959 1255 1044 1302 περὶ
1074 1256 1229 1300 καρδίαν
1253 1253 1360 1299 αἷμα,
1395 1253 1415 1289 6
1441 1252 1514 1299 αρα
1535 1250 1677 1297 θυμού-

259 1327 369 1361 μενος
402 1311 481 1356 ζέον
511 1312 583 1356 ἔχει
614 1309 656 1346 τὸ
686 1311 772 1358 περὶ
801 1312 959 1357 καρδίαν
983 1309 1163 1355 αἷμα.
1189 1310 1291 1345 αἰτία
1315 1308 1356 1344 δὲ
1378 1309 1446 1344 τοῦ
1469 1306 1565 1344 εἶναι
1587 1305 1677 1342 οἶπό·

261 1370 375 1412 δειξιν
396 1368 465 1403 τοῦ
490 1365 644 1414 ὁρισμοῦ
667 1365 762 1411 αὕτη
787 1363 942 1407 ἐστίν,”
920 1379 979 1401 οτι
1002 1365 1077 1401 ἔστι
1098 1379 1147 1407 τι,
1171 1365 1191 1400 6
1213 1364 1350 1404 εἰδικὰς
1367 1362 1516 1410 ὁρισμὸς
1535 1362 1674 1407 δηλαδὴ

261 1424 311 1465 αἷς
341 1425 463 1459 αἴτιον
494 1421 532 1457 ἐν
554 1422 649 1469 μέσῳ
671 1421 953 1467 λαμβανόμενος,
976 1421 1039 1456 καὶ
1062 1421 1174 1455 τοῦτο
1199 1418 1242 1455 τὸ
1266 1419 1376 1464 μέσον
1399 1420 1519 1454 αἴτιον
1546 1415 1569 1463 ἢ
1590 1415 1679 1453 ταῦ-

260 1479 327 1516 τόν
361 1478 436 1514 ἐστι
458 1479 509 1524 τῷ
541 1476 677 1525 ὁρισμῷ
708 1473 731 1521 ἢ
764 1475 908 1522 ἕτερον,
938 1477 1002 1512 καὶ
1036 1477 1072 1512 εἰ
1092 1474 1225 1521 ἕτερον,
1249 1472 1273 1521 ἢ
1304 1471 1561 1510 άποδεικτικόν
1584 1472 1680 1508 ἐστιν

259 1534 285 1580 ἢ
310 1532 581 1569 άναπόδεικτον
610 1531 660 1573 οὖς
683 1532 704 1568 6
728 1531 863 1572 εἰδικὸς
892 1529 1033 1575 άμέσως
1061 1530 1237 1576 ὑπάρχων
1259 1531 1311 1575 τῷ
1333 1531 1454 1576 θυμῷ.
1501 1530 1536 1564 εἰ
1555 1530 1682 1563 τοίνυν

261 1589 304 1626 τὸ
331 1591 453 1625 αἴτιον
475 1585 500 1633 ἢ
527 1588 546 1623 6
570 1587 696 1627 ῦλικὸς
718 1585 867 1633 ὁρισμός
891 1585 987 1622 ἐστιν
1010 1585 1096 1622 ἄλλο
1118 1584 1222 1632 παρὰ
1253 1584 1296 1621 τὸ
1330 1584 1480 1631 ὁριστὸν
1501 1584 1565 1619 καὶ
1587 1581 1680 1618 άπο-

263 1645 408 1690 δέχεται
429 1644 540 1679 τοῦτο
565 1641 759 1684 ἀποδεῖξαι
782 1641 847 1677 διὰ
870 1640 1053 1688 προτέρου
1076 1641 1195 1685 τινός,
1225 1639 1406 1687 πρότερον
1436 1638 1476 1674 δὲ
1499 1636 1596 1674 εἶναι
1618 1637 1681 1673 δέ·

264 1702 407 1736 δεικται
429 1697 472 1734 τὸ
498 1697 648 1741 εἰδικόν,
746 1695 887 1742 ἀνάγκη
911 1695 1022 1741 μέσον
1044 1698 1167 1742 λαβεῖν
1191 1697 1311 1732 αἴτιον
1335 1694 1374 1731 ἐν
1397 1694 1618 1741 συλλογισμῷ
1638 1691 1681 1728 τὸ

265 1754 415 1792 εἰδικόν.
459 1754 628 1787 Riccard.

172 1812 215 1850 93
229 1822 249 1843 a
356 1809 394 1845 ἐν
416 1808 537 1855 τούτῳ
561 1807 632 1853 γάρ
656 1806 757 1852 μόνῳ
781 1807 832 1853 τῷ
857 1805 1013 1850 σχήματι
1036 1805 1199 1850 δειχθείη
1224 1802 1270 1839 ἂν
1293 1803 1313 1840 6
1337 1803 1496 1851 ὁρισμός,
1518 1803 1598 1840 ἐπεὶ
1620 1802 1683 1839 καὶ

226 1856 249 1888 8
267 1866 306 1902 ἐν
327 1866 428 1911 μόνῳ
450 1861 571 1909 τούτῳ
594 1861 636 1898 τὸ
660 1862 901 1907 κατηγορικὸν
922 1861 1088 1897 καθόλου
1111 1859 1319 1906 συνάγεται.
1362 1861 1486 1895 Prodr.

171 1925 214 1959 95
230 1933 250 1956 u
268 1923 309 1957 19
354 1918 449 1965 ,,οῦκ
471 1916 561 1954 ἄνευ
583 1919 652 1953 τοῦ
675 1915 754 1953 ὅτι”
779 1915 894 1961 ἤγουν
917 1918 986 1952 τοῦ
1011 1918 1046 1952 εἰ
1065 1917 1174 1952 ἔστιν.
1219 1917 1340 1961 Marg-

171 1979 216 2014 93
232 1989 251 2010 a
357 1974 430 2010 άπὸ
462 1975 530 2008 τοῦ
561 1974 654 2017 ἔχειν
676 1987 713 2007 τι
736 1973 803 2007 τοῦ
834 1972 1047 2018 πράγματος
1070 1969 1199 2015 αὐτοῦ,
1222 1969 1409 2005 τουτέστιν
1433 1967 1506 2004 άπὸ
1531 1969 1598 2004 τοῦ
1619 1981 1683 2004 κα-

206 2023 251 2056 22
266 2029 429 2076 τάληψιν
452 2028 632 2071 δέξασθαί
653 2041 736 2062 τινα
758 2028 824 2070 τῆς
847 2024 973 2066 ου’σίας
998 2025 1168 2070 ἐχομένην
1192 2023 1321 2061 αὐτοῦ.
1366 2026 1420 2059 lb.

174 2089 252 2123 9321
359 2085 429 2121 δύο
462 2081 576 2120 εἰπών
611 2081 706 2118 εἶναι
740 2081 902 2128 τρόπους
932 2083 998 2126 τῆς
1027 2083 1095 2117 τοῦ
1127 2082 1162 2117 εἰ
1188 2081 1262 2116 ἔστι
1292 2079 1459 2125 γνώσεώς
1491 2090 1582 2124 φησι
1604 2079 1684 2119 παῖς

207 2133 252 2167 25
269 2141 412 2177 τούτων
435 2139 506 2184 ἔχει
528 2138 700 2184 ἑκάτερον
721 2136 812 2183 πρὸς
833 2136 902 2182 τὴν
924 2138 992 2172 τοῦ
1014 2138 1050 2172 τί
1072 2137 1169 2172 ἐστιν
1193 2138 1342 2181 εἴδησιν.
1386 2136 1512 2169 Prodr.

175 2200 218 2236 93
233 2210 253 2231 a
361 2192 385 2230 ὁὶ
409 2193 479 2241 γὰρ
509 2193 603 2229 κατὰ
637 2192 861 2239 συμβεβηκὸς
884 2194 1037 2238 οἴδαμεν
1061 2193 1096 2228 εἰ
1117 2192 1203 2237 ἔστι,
1226 2192 1346 2227 ταῦτα
1369 2189 1499 2235 σχεδὸν
1523 2187 1608 2225 οὐδὲ
1632 2189 1684 2224 οἴ-

208 2243 253 2277 26
270 2254 385 2297 δαμεν
409 2251 443 2286 εἰ
465 2250 573 2286 ἔστιν.
618 2250 784 2284 Riccard.

177 2315 219 2348 93
235 2321 255 2342 a
362 2303 480 2350 ὥσπερ
498 2304 539 2340 τὸ
553 2301 650 2340 οὕτω
660 2303 719 2349 (τὸ
737 2302 810 2339 άπὸ
828 2305 895 2339 τοῦ
912 2300 1196 2349 συμβεβηκότος)
1206 2301 1396 2351 γινώσκειν
1405 2299 1491 2335 οὐδὲ
1499 2298 1685 2343 γινώσκειν

210 2354 255 2391 27
272 2361 388 2403 ἐστίν,
424 2358 542 2401 οὕτως
569 2358 610 2394 τὸ
641 2361 758 2403 ζητεῖν
780 2359 864 2404 περί
885 2371 985 2398 τινος
1009 2359 1044 2392 τί
1070 2356 1145 2393 ἐστι
1171 2356 1220 2401 μὴ
1249 2355 1394 2396 εἰδότας
1410 2353 1452 2390 τὸ
1472 2353 1566 2390 εἶναι
1592 2353 1684 2390 αῦτὸ

271 2417 363 2462 μηδὲ
392 2418 510 2461 ζητεῖν
534 2414 629 2451 ἐστίν
652 2439 701 2450 ...
728 2414 921 2459 ἐπίστησον
951 2412 990 2449 δὲ
1022 2411 1081 2448 ὅτι
1107 2411 1278 2452 πολλάκις
1297 2411 1335 2446 ἐν
1353 2410 1499 2450 τούτοις
1520 2407 1686 2454 άδιαφό-

272 2486 345 2519 ρως
361 2469 539 2518 ἐχρήσατο
556 2472 607 2518 τῷ
626 2468 685 2506 ὅτι
706 2469 779 2504 ἐστὶ
798 2469 861 2504 καὶ
881 2470 915 2504 εἰ
932 2468 1005 2504 ἔστι
1027 2469 1090 2504 διὰ
1105 2466 1147 2504 τὸ
1167 2468 1224 2502 ἐπὶ
1248 2469 1322 2502 τῶν
1342 2465 1477 2512 ἑτέροις
1503 2463 1686 2510 ’ὑπαρχόν-

271 2541 347 2563 των
366 2529 483 2570 δεῖξαι
501 2525 641 2572 μέλλειν
658 2524 698 2561 τὸ
714 2526 963 2571 προκείμενον.
1009 2526 1129 2570 Marg.
1174 2523 1316 2558 Similia
1339 2533 1397 2566 ap.
1422 2523 1547 2556 Prodr.

180 2588 223 2621 93
238 2597 257 2618 a
362 2581 440 2617 επεὶ
465 2579 498 2617 δ’
527 2581 550 2626 ἦ
576 2595 642 2626 μεν
665 2580 703 2616 ἐκ
730 2582 795 2625 τῆς
819 2577 907 2625 ν’λης
930 2591 1062 2630 γνωσις
1089 2577 1300 2626 ποῤῥωτέρα
1318 2577 1393 2612 ἐστὶ
1422 2578 1491 2612 τοῦ
1511 2576 1685 2619 γνωστοῦ,

213 2631 258 2664 23
275 2636 448 2682 ἐγγυτέρα
466 2637 498 2672 δ’
515 2636 538 2681 ἡ
558 2636 597 2672 ἐκ
618 2638 685 2672 τοῦ
704 2637 836 2679 εἴδους,
862 2648 937 2678 ,,ως
955 2631 1002 2670 ὃὶν
1020 2634 1156 2679 ἔχωμεν
1173 2631 1265 2680 πρὸς
1275 2631 1316 2668 τὸ
1344 2657 1352 2667 .
1367 2657 1375 2667 .
1390 2633 1429 2665 ·”
1452 2632 1577 2667 Prodr.

182 2698 225 2732 93
240 2708 259 2729 a
363 2691 456 2738 πρὸς
478 2691 546 2736 τὴν
562 2690 706 2739 ευρεσιν
731 2692 796 2726 τοῦ
817 2691 970 2737 ὁρισμοῦ
996 2713 1003 2723 .
1016 2715 1024 2724 .
1039 2690 1165 2726 ..ἔστω
1182 2689 1325 2735 πρῶτος
1339 2701 1406 2733 μεν
1423 2686 1559 2733 τρόπος
1575 2685 1595 2721 6
1614 2680 1686 2721 ωδε

217 2742 260 2775 99
275 2747 491 2792 ἐκκείμενος,
519 2747 692 2793 δηλονότι
715 2746 735 2782 6
757 2745 819 2782 διὰ
845 2747 913 2781 τοῦ
940 2745 1078 2781 εἰδικοῦ
1103 2746 1223 2781 αἰτίου
1249 2739 1402 2784 δεικνύς.
1451 2741 1617 2777 Riccard.
1651 2745 1687 2776 et

275 2803 397 2839 Prodr.
