1826 3112
268 210 345 248 112
790 211 1166 246 KATHFOPIAI.

218 326 253 353 so
268 308 503 368 τικείμενον
511 306 778 370 λέγεται,τὴν
787 306 1022 372 ἐπιστήμην
1034 326 1043 336 ·
1070 306 1120 354 τὸ
1139 305 1222 369 γὰρ
1241 304 1466 369 ἐπιστητὸν
1474 306 1554 353 τινὶ
1565 305 1680 369 λέγε-

267 391 335 420 ται
355 373 604 439 ἐπιστητόν,
631 374 693 433 τῇ
711 372 933 435 ἐπιστήμῃ.

388 437 505 485 ’Όσα
526 440 610 485 οὐν
629 438 854 485 ἀντίκειται
871 437 930 496 ὡς
948 436 1000 484 τὰ
1018 437 1128 496 πρός
1145 455 1198 494 τι,
1219 435 1328 483 αὐτὰ
1351 434 1459 497 ἅπερ
1469 437 1582 483 ἐστὶν
1594 436 1681 483 ἑτέ-

270 522 359 565 ρων
376 505 539 565 λέγεται
556 502 587 566 ἢ
612 503 894 567 ὁπωσδήποτε
911 503 1022 563 πρὸς
1052 503 1217 566 ἄλληλα
1236 503 1410 564 λέγεται.
1469 500 1522 548 τὰ
1548 503 1594 548 δὲ
1621 500 1684 559 ὥς

266 568 318 615 τὰ
341 571 529 626 ἐναντία,
566 568 677 616 αὐτὰ
702 572 779 630 μὲν
806 568 914 629 ἅπερ
935 571 1048 617 ἐστὶν
1066 569 1274 629 οὐδαμῶς
1291 567 1405 628 πρὸς
1426 565 1592 630 ἄλληλα
1610 568 1680 614 λέ-

217 655 251 683 85
266 652 402 696 γεται,
436 636 604 681 ἐναντία
631 636 774 695 μέντοι
806 634 1006 698 οἷλλήλων
1037 636 1220 696 λέγεται·
1255 633 1358 680 οὔτε
1387 632 1469 694 γὰρ
1497 633 1547 679 τὸ
1576 632 1682 694 ἄγα-

265 699 354 747 &dv
373 704 455 747 τοῦ
474 705 617 747 κακοῦ
638 702 801 761 λέγεται
821 700 1003 761 ἀγαθόν,
1024 699 1116 746 ἄλλ’
1136 701 1339 755 ἐναντίον,
1352 698 1451 746 οὔτε
1464 698 1514 745 τὸ
1525 697 1684 745 λευκὸν

265 770 350 812 τοῦ
368 767 552 826 μέλανος
569 767 739 823 λευκόν,
762 765 854 812 ἄλλ’
873 767 1074 813 ἐναντίον.
1120 764 1227 812 ὥστε
1249 766 1535 826 διαφέρουσιν
1555 758 1683 811 αὗται

267 833 312 877 αἱ
338 830 577 889 ἀντιθέσεις
595 831 803 895 ἀλλήλων.
857 830 940 878 ὅσα
968 834 1013 879 δὲ
1042 836 1130 878 τῶν
1157 832 1355 878 ἐναντίων
1372 829 1550 876 τοιαῦτά
1570 831 1682 876 ἐστιν

160 929 194 960 p.
206 913 252 947 12
267 895 376 944 ὥστε
398 899 443 944 ἐν
465 896 531 955 οἷς
551 899 720 958 πέφυκε
748 900 946 959 γίνεσθαι
974 896 1004 960 ἢ
1034 892 1095 942 ‹51›
1123 901 1419 958 κατηγορεῖται
1448 894 1682 963 ἀναγκαῖον

267 962 414 1010 αὐτῶν
427 964 615 1024 θάτερον
625 963 849 1023 ὑπάρχειν,
859 963 1026 1009 τούτων
1035 961 1167 1008 οὐδέν
1178 963 1291 1008 ἐστιν
1301 959 1381 1007 οἷνᾶ
1391 961 1537 1021 μέσον.
1559 963 1624 1008 ὥν
1633 961 1682 1008 δέ

264 1047 309 1090 γε
330 1027 390 1091 μὴ
410 1028 643 1090 ἀναγκαῖον
671 1029 857 1089 θάτερον
884 1028 1116 1089 ὑπάρχειν,
1147 1027 1314 1074 τούτων
1333 1028 1419 1074 ἔστι
1436 1045 1475 1073 τι
1494 1025 1576 1073 ἆνά
1603 1027 1678 1087 μέ-

265 1106 345 1141 σον
364 1094 557 1151 πάντως,
590 1092 684 1141 οἷον
701 1095 834 1151 νόσος
853 1097 926 1141 καὶ
951 1093 1092 1156 ὑγίεια
1116 1095 1161 1140 ἐν
1183 1093 1349 1153 σώματι
1372 1092 1490 1158 ζῴου
1509 1094 1680 1153 πέφυκε

231 1178 249 1205 5
263 1161 485 1222 γίνεσθαι,
522 1162 596 1206 καὶ
628 1160 863 1222 άναγκαῖόν
882 1179 927 1222 γε
951 1160 1138 1220 θάτερον
1159 1158 1366 1220 ὑπάρχειν
1383 1163 1443 1224 τῷ
1462 1163 1543 1205 τοῦ
1564 1158 1681 1224 ζῴου

262 1226 442 1286 σώματι,
463 1223 493 1288 ἢ
509 1226 642 1272 νόσον
659 1224 692 1288 ἢ
711 1225 889 1288 ὑγίειαν.
934 1228 1007 1272 καὶ
1027 1225 1223 1286 περιττὸν
1239 1227 1285 1271 δὲ
1304 1226 1376 1271 καὶ
1407 1224 1555 1285 ἄρτιον
1583 1223 1680 1285 άρι-

263 1296 390 1351 θμοῦ
409 1297 727 1354 κατηγορεῖται,
771 1294 843 1338 καὶ
875 1291 1108 1354 ἀναγκαῖόν
1135 1309 1181 1352 γε
1212 1291 1400 1350 θάτερον
1416 1295 1477 1355 τῷ
1507 1289 1681 1355 ἀριθμῷ

261 1355 492 1417 ὑπάρχειν,
515 1356 547 1420 ἢ
564 1356 761 1418 περιττὸν
779 1356 811 1420 ἢ
829 1357 987 1416 ἄρτιον.
1020 1359 1092 1403 καὶ
1104 1356 1191 1403 οῦκ
1210 1358 1297 1403 ἔστι
1314 1375 1359 1417 γε
1370 1357 1537 1403 τούτων
1548 1355 1681 1403 οῦδὲν

262 1421 345 1490 dyo}
369 1424 515 1483 μέσον,
538 1422 640 1470 οὔτε
665 1424 805 1470 νόσου
827 1425 899 1470 καὶ
919 1423 1084 1485 ὑγιείας
1106 1421 1208 1469 οὔτε
1221 1426 1425 1482 περιττοῦ
1433 1424 1505 1468 καὶ
1516 1421 1680 1483 ἄρτίου.

211 1508 246 1535 10
262 1491 326 1536 ὠν
346 1490 394 1536 δέ
415 1508 459 1550 γε
482 1487 542 1551 μὴ
562 1488 794 1551 ἀναγκαῖον
811 1490 999 1550 θάτερον
1017 1488 1240 1548 ὑπάρχειν,
1257 1487 1423 1534 τούτων
1444 1489 1528 1534 ἔστι
1538 1506 1581 1534 τι
1594 1486 1676 1534 ἆνά

259 1555 415 1615 μέσον,
450 1553 544 1601 οἷον
572 1556 705 1615 μέλαν
732 1557 804 1601 καὶ
831 1553 991 1602 λευκὸν
1018 1556 1062 1602 ἐν
1090 1554 1252 1613 σώματι
1279 1555 1449 1614 πέφυκε
1468 1555 1679 1615 γίνεσθαι,

259 1623 333 1667 καὶ
356 1620 443 1668 οὐκ
463 1619 699 1682 ἀναγκαῖόν
717 1640 762 1683 γε
780 1621 967 1681 θάτερον
1001 1620 1149 1667 αὐτῶν
1168 1619 1377 1680 ὑπάρχειν
1404 1624 1464 1684 τῷ
1489 1620 1677 1679 σώματι·

260 1686 319 1733 οὐ
339 1685 420 1748 γὰρ
440 1691 528 1733 πᾶν
552 1686 650 1749 ἤτοι
667 1685 827 1734 λευκὸν
848 1685 883 1751 ἦ
900 1688 1033 1746 μέλαν
1053 1687 1177 1733 ἐστίν.
1228 1688 1301 1732 καὶ
1329 1690 1507 1746 φαῦλον
1537 1687 1582 1732 δὲ
1605 1686 1678 1731 καὶ

262 1756 508 1799 σπουδαῖον
538 1759 837 1815 κατηγορεῖται
866 1755 942 1812 μὲν
971 1753 1045 1799 καὶ
1069 1751 1162 1797 κατ’
1190 1749 1434 1810 ἀνθρώπου
1465 1752 1538 1797 καὶ
1570 1749 1679 1797 κατὰ

210 1838 244 1866 15
260 1817 404 1865 ἄλλων
435 1822 632 1876 πολλῶν,
666 1818 752 1865 οὐκ
775 1817 1008 1880 ἀναγκαῖον
1027 1819 1073 1864 δὲ
1097 1817 1286 1877 θάτερον
1305 1816 1453 1864 αὐτῶν
1469 1815 1680 1877 ὑπάρχειν

259 1886 437 1941 ἐκείνοις
468 1879 532 1931 οἷν
564 1883 618 1931 ὂέν
644 1889 953 1947 κατηγορῆται·
991 1883 1050 1931 οὐ
1067 1882 1148 1945 γὰρ
1179 1883 1318 1929 πάντα
1347 1882 1444 1946 ἤτοι
1465 1887 1622 1944 φαῦλα
1647 1880 1678 1945 ἢ

257 1950 479 1997 σπουδαῖά
501 1951 627 1997 ἐστιν.
659 1953 731 1996 καὶ
751 1952 837 1997 ἔστι
855 1951 902 2012 γέ
916 1969 956 1996 τι
967 1949 1133 1996 τούτων
1148 1948 1228 1995 ἄνα
1240 1950 1386 2008 μέσον,
1405 1947 1498 1995 οἶον
1510 1953 1594 1995 τοῦ
1601 1950 1679 2008 μὲν

255 2020 422 2063 λευκοῦ
449 2017 522 2061 καὶ
555 2017 739 2076 μέλανος
769 2015 819 2062 τὸ
852 2014 987 2076 φαιὸν
1015 2016 1088 2061 καὶ
1118 2013 1170 2060 τὸ
1200 2013 1344 2074 ω’χρὸν
1370 2016 1443 2060 καὶ
1461 2012 1545 2060 ὅσα
1565 2012 1677 2060 ἄλλοι

256 2082 470 2144 χρώματα,
493 2087 578 2128 τοῦ
597 2084 643 2128 δὲ
654 2081 836 2142 φαύλου
846 2083 919 2126 καὶ
936 2081 1186 2127 σπουδαίου
1199 2078 1249 2126 τὸ
1263 2077 1364 2126 οὔτε
1377 2083 1554 2141 φαῦλον
1574 2078 1675 2127 οὔτε

347 2252 390 2284 32
410 2250 545 2292 yoiv'vf.
571 2268 612 2274 —
647 2247 847 2283 ἀντίκειται
878 2255 958 2292 post
971 2261 1006 2283 τι
1019 2250 1053 2291 f.
1078 2267 1118 2274 ——
1154 2246 1301 2292 ἑτέρων]
1322 2246 1395 2281 τῶν
1418 2243 1677 2290 ἀντικειμένων

252 2298 314 2339 fg,
338 2296 372 2327 in
386 2306 478 2337 marg
505 2295 558 2334 B,
587 2294 620 2326 in
643 2302 808 2326 contextu
830 2295 953 2331 lacuna
977 2301 1046 2333 est,
1072 2304 1172 2336 quam
1195 2293 1383 2334 explevisse
1409 2293 1547 2324 videtur
1567 2289 1675 2332 εἶναι,

257 2341 352 2384 quod
372 2341 390 2372 b
407 2340 523 2374 habet.
545 2356 589 2362 —
621 2339 663 2371 33
678 2338 815 2382 λέγεται
834 2350 888 2371 om
908 2349 968 2382 ug.
981 2356 1019 2363 —
1046 2335 1215 2371 ὁπωσοῦν
1234 2334 1448 2380 ἄλλωςπρὸς
1462 2348 1552 2369 π.--
1575 2336 1619 2369 34
1628 2334 1676 2370 τοὶ

257 2397 311 2417 orn
333 2396 365 2416 n.
389 2402 434 2409 —
455 2382 594 2426 λέγεται
616 2395 671 2415 om
691 2395 719 2417 e.
733 2403 774 2408 —
799 2384 841 2416 35
863 2379 1032 2426 α’λλήλοις
1048 2394 1075 2415 e.
1100 2400 1143 2408 -
1168 2383 1210 2415 36
1227 2381 1294 2415 τοῦ
1311 2393 1366 2413 om
1383 2382 1456 2414 i.—
1482 2381 1525 2414 37
1541 2380 1627 2414 τοῦ.
1641 2403 1649 2412 .
1663 2404 1672 2414 .

254 2426 384 2463 λευκὸν
402 2439 456 2460 om
471 2439 499 2460 e.

344 2471 429 2506 12³1
453 2473 642 2516 γίγνεσθαι
658 2483 692 2503 n·
718 2490 758 2496 —
783 2472 806 2503 2
821 2469 984 2516 θάτερον
1003 2466 1126 2504 αὐτῶν
1142 2480 1168 2503 e.
1194 2487 1235 2494 --
1261 2467 1368 2502 ου’δὲν
1386 2464 1508 2502 αὐτῶν
1524 2466 1619 2502 ἐστιν
1638 2479 1672 2502 π.

256 2536 298 2542 -
331 2519 350 2550 3
375 2529 414 2558 γε
443 2529 496 2549 om
523 2529 557 2551 η.
581 2536 623 2542 -
665 2512 738 2549 ἀνὰ
752 2515 862 2558 μέσον
876 2528 912 2549 τι
929 2528 962 2548 η.
985 2532 1032 2541 --
1064 2516 1086 2548 4
1106 2513 1200 2559 ζῴου
1223 2514 1316 2546 omi.
1339 2531 1385 2538 —
1424 2514 1462 2546 11
1485 2510 1523 2547 ἐν
1538 2513 1590 2557 τῷ
1607 2512 1673 2546 σώ-

254 2573 343 2604 ματι
365 2563 402 2593 C.
428 2581 468 2586 -
503 2561 691 2604 γίγνεσθαι
710 2573 744 2593 π.
768 2578 812 2586 —-
849 2561 888 2593 12
907 2571 945 2600 γε
963 2571 1017 2592 om
1035 2571 1088 2592 ne.
1112 2577 1158 2584 —
1190 2555 1314 2592 αὐτῶν
1340 2564 1420 2600 post
1441 2555 1619 2611 ὑπάρχειν
1638 2568 1673 2596 n,

256 2617 311 2638 om
329 2617 358 2638 e.
382 2623 425 2631 —
460 2606 500 2638 13
519 2606 607 2648 πᾶν]
629 2605 704 2639 πᾶν
730 2604 835 2647 σῶμα
854 2605 917 2637 cni.
943 2623 986 2629 —
1023 2604 1064 2637 14
1082 2615 1123 2647 pr
1145 2602 1206 2637 καὶ
1228 2613 1284 2634 om
1309 2612 1337 2634 e·
1361 2619 1404 2627 —-
1444 2603 1485 2635 15
1506 2601 1586 2644 ουκ]
1610 2600 1673 2634 καὶ

255 2646 325 2683 ov’n
347 2661 379 2681 π.
403 2667 448 2674 -
481 2651 521 2684 16
540 2647 586 2684 ὂὶν
601 2661 654 2682 om
672 2661 705 2682 ιι.
729 2668 773 2676 -
806 2647 1060 2693 κατηγορεῖται
1074 2660 1108 2680 π.
1131 2666 1176 2674 -
1217 2647 1257 2680 17
1272 2645 1312 2688 γε’
1329 2659 1364 2679 τι
1383 2657 1437 2678 om
1456 2657 1483 2678 e.
1508 2664 1550 2670 —
1582 2641 1673 2679 τού·

254 2706 329 2728 των
348 2706 382 2772 ’ἓι
396 2704 429 2749 ²}-
456 2713 498 2718 —
539 2696 580 2729 18
603 2693 666 2728 καὶ
686 2695 753 2729 τοῦ
778 2693 932 2737 μέλανος
954 2694 1013 2726 Cn.
1035 2711 1079 2717 —-
1112 2693 1161 2725 ult
1179 2688 1222 2726 τὸ
1251 2702 1306 2723 om
1322 2701 1355 2724 n.
1382 2710 1423 2716 -
1458 2691 1498 2724 19
1520 2689 1584 2724 καὶ
1606 2689 1673 2724 τοῦ

254 2749 350 2773 σπου
378 2749 461 2772 αιου
482 2749 514 2771 τι.
