<?xml version="1.0" encoding="UTF-8"?>
<!DOCTYPE html PUBLIC "-//W3C//DTD XHTML 1.0 Transitional//EN"
    "http://www.w3.org/TR/xhtml1/DTD/xhtml1-transitional.dtd">
<html xmlns="http://www.w3.org/1999/xhtml" xml:lang="en" lang="en">
 <head>
  <title>
</title>
<meta http-equiv="Content-Type" content="text/html;charset=utf-8" />
  <meta name='ocr-system' content='tesseract 3.04.00' />
  <meta name='ocr-capabilities' content='ocr_page ocr_carea ocr_par ocr_line ocrx_word'/>
</head>
<body>
  <div class='ocr_page' id='page_1' title='image "aristotelisorgan01arisuoft_0441.png"; bbox 0 0 1838 3086; ppageno 0'>
   <div class='ocr_carea' id='block_1_1' title="bbox 644 213 1613 262">
    <p class='ocr_par' dir='ltr' id='par_1_1' title="bbox 644 213 1613 262">
     <span class='ocr_line' id='line_1_1' title="bbox 644 213 1613 262; baseline -0.004 -12"><span class='ocrx_word' id='word_1_1' title='bbox 644 215 908 262; x_wconf 74' lang='lat' dir='ltr'>Analytica</span> <span class='ocrx_word' id='word_1_2' title='bbox 932 214 1106 260; x_wconf 70' lang='lat' dir='ltr'>priora.</span> <span class='ocrx_word' id='word_1_3' title='bbox 1532 213 1613 253; x_wconf 69' lang='grc' dir='ltr'>41η</span> 
     </span>
    </p>
   </div>
   <div class='ocr_carea' id='block_1_2' title="bbox 101 311 1619 2537">
    <p class='ocr_par' dir='ltr' id='par_1_2' title="bbox 152 311 1615 876">
     <span class='ocr_line' id='line_1_2' title="bbox 153 311 1610 366; baseline -0.001 -12"><span class='ocrx_word' id='word_1_4' title='bbox 153 313 409 354; x_wconf 71' lang='lat' dir='ltr'>conclusione</span> <span class='ocrx_word' id='word_1_5' title='bbox 437 313 666 366; x_wconf 74' lang='lat' dir='ltr'><strong>particulari</strong></span> <span class='ocrx_word' id='word_1_6' title='bbox 703 315 858 366; x_wconf 77' lang='lat' dir='ltr'>agitur,</span> <span class='ocrx_word' id='word_1_7' title='bbox 894 317 980 353; x_wconf 85' lang='lat' dir='ltr'>non&#39;</span> <span class='ocrx_word' id='word_1_8' title='bbox 1008 313 1062 352; x_wconf 81' lang='lat' dir='ltr'>de</span> <span class='ocrx_word' id='word_1_9' title='bbox 1098 311 1323 353; x_wconf 77' lang='lat' dir='ltr'>universali.</span> <span class='ocrx_word' id='word_1_10' title='bbox 1381 311 1610 352; x_wconf 67' lang='lat' dir='ltr'>iinmeritoz</span> 
     </span>
     <span class='ocr_line' id='line_1_3' title="bbox 153 372 1610 427; baseline -0.003 -9"><span class='ocrx_word' id='word_1_11' title='bbox 153 379 302 418; x_wconf 79' lang='lat' dir='ltr'>etenim</span> <span class='ocrx_word' id='word_1_12' title='bbox 341 383 410 417; x_wconf 79' lang='lat' dir='ltr'>aut</span> <span class='ocrx_word' id='word_1_13' title='bbox 446 375 576 418; x_wconf 80' lang='grc' dir='ltr'><strong><em>παντὶ</em></strong></span> <span class='ocrx_word' id='word_1_14' title='bbox 614 392 690 418; x_wconf 78' lang='lat' dir='ltr'>una</span> <span class='ocrx_word' id='word_1_15' title='bbox 728 390 817 416; x_wconf 85' lang='lat' dir='ltr'>cum</span> <span class='ocrx_word' id='word_1_16' title='bbox 856 379 987 417; x_wconf 81' lang='lat' dir='ltr'>verbis</span> <span class='ocrx_word' id='word_1_17' title='bbox 1013 379 1094 417; x_wconf 83' lang='grc' dir='ltr'>τοῦ</span> <span class='ocrx_word' id='word_1_18' title='bbox 1123 372 1368 427; x_wconf 75' lang='grc' dir='ltr'><strong><em>ἐνδέχεσθαι</em></strong></span> <span class='ocrx_word' id='word_1_19' title='bbox 1396 376 1610 415; x_wconf 78' lang='lat' dir='ltr'>delendum</span> 
     </span>
     <span class='ocr_line' id='line_1_4' title="bbox 154 440 1612 491; baseline -0.003 -9"><span class='ocrx_word' id='word_1_20' title='bbox 154 443 235 482; x_wconf 83' lang='lat' dir='ltr'>erit</span> <span class='ocrx_word' id='word_1_21' title='bbox 260 447 331 482; x_wconf 73' lang='lat' dir='ltr'>sut</span> <span class='ocrx_word' id='word_1_22' title='bbox 359 442 610 481; x_wconf 80' lang='lat' dir='ltr'>retinendum</span> <span class='ocrx_word' id='word_1_23' title='bbox 640 455 728 481; x_wconf 86' lang='lat' dir='ltr'>cum</span> <span class='ocrx_word' id='word_1_24' title='bbox 759 441 848 481; x_wconf 81' lang='lat' dir='ltr'>illis.</span> <span class='ocrx_word' id='word_1_25' title='bbox 891 442 992 480; x_wconf 82' lang='lat' dir='ltr'>Nam</span> <span class='ocrx_word' id='word_1_26' title='bbox 1023 446 1066 480; x_wconf 91' lang='lat' dir='ltr'>ut</span> <span class='ocrx_word' id='word_1_27' title='bbox 1093 442 1247 480; x_wconf 81' lang='lat' dir='ltr'><strong>32b40</strong></span> <span class='ocrx_word' id='word_1_28' title='bbox 1276 441 1336 480; x_wconf 91' lang='lat' dir='ltr'>sic</span> <span class='ocrx_word' id='word_1_29' title='bbox 1362 440 1429 479; x_wconf 75' lang='lat' dir='ltr'>hic</span> <span class='ocrx_word' id='word_1_30' title='bbox 1447 442 1612 491; x_wconf 78' lang='lat' dir='ltr'>quoque</span> 
     </span>
     <span class='ocr_line' id='line_1_5' title="bbox 152 503 1613 556; baseline -0.003 -11"><span class='ocrx_word' id='word_1_31' title='bbox 152 519 286 546; x_wconf 83' lang='lat' dir='ltr'>sermo</span> <span class='ocrx_word' id='word_1_32' title='bbox 305 512 368 544; x_wconf 85' lang='lat' dir='ltr'>est</span> <span class='ocrx_word' id='word_1_33' title='bbox 386 518 466 544; x_wconf 88' lang='lat' dir='ltr'>non</span> <span class='ocrx_word' id='word_1_34' title='bbox 487 507 538 545; x_wconf 84' lang='lat' dir='ltr'>de</span> <span class='ocrx_word' id='word_1_35' title='bbox 559 506 789 545; x_wconf 84' lang='lat' dir='ltr'>definitione</span> <span class='ocrx_word' id='word_1_36' title='bbox 816 518 931 556; x_wconf 76' lang='lat' dir='ltr'>quom</span> <span class='ocrx_word' id='word_1_37' title='bbox 958 506 1070 544; x_wconf 84' lang='lat' dir='ltr'><strong>dedit</strong></span> <span class='ocrx_word' id='word_1_38' title='bbox 1089 508 1172 544; x_wconf 66' lang='lat'>32⁸</span> <span class='ocrx_word' id='word_1_39' title='bbox 1189 507 1248 554; x_wconf 79' lang='lat'>18,</span> <span class='ocrx_word' id='word_1_40' title='bbox 1277 504 1350 543; x_wconf 87' lang='lat' dir='ltr'>sed</span> <span class='ocrx_word' id='word_1_41' title='bbox 1369 505 1420 543; x_wconf 86' lang='lat' dir='ltr'>‹le</span> <span class='ocrx_word' id='word_1_42' title='bbox 1440 503 1489 542; x_wconf 85' lang='lat' dir='ltr'>iis</span> <span class='ocrx_word' id='word_1_43' title='bbox 1509 515 1613 554; x_wconf 75' lang='lat' dir='ltr'>quae</span> 
     </span>
     <span class='ocr_line' id='line_1_6' title="bbox 153 566 1613 618; baseline -0.003 -9"><span class='ocrx_word' id='word_1_44' title='bbox 153 571 255 609; x_wconf 82' lang='lat' dir='ltr'>dixit</span> <span class='ocrx_word' id='word_1_45' title='bbox 283 570 566 608; x_wconf 59' lang='lat' dir='ltr'>:izimo—30.</span> <span class='ocrx_word' id='word_1_46' title='bbox 625 569 700 607; x_wconf 86' lang='lat' dir='ltr'>His</span> <span class='ocrx_word' id='word_1_47' title='bbox 737 570 840 607; x_wconf 86' lang='lat' dir='ltr'>enim</span> <span class='ocrx_word' id='word_1_48' title='bbox 881 569 1058 607; x_wconf 76' lang='lat' dir='ltr'>nituntur</span> <span class='ocrx_word' id='word_1_49' title='bbox 1094 573 1134 607; x_wconf 88' lang='lat' dir='ltr'>et</span> <span class='ocrx_word' id='word_1_50' title='bbox 1173 568 1408 608; x_wconf 80' lang='lat' dir='ltr'>universalis</span> <span class='ocrx_word' id='word_1_51' title='bbox 1445 566 1613 618; x_wconf 75' lang='lat' dir='ltr'>syllogi-</span> 
     </span>
     <span class='ocr_line' id='line_1_7' title="bbox 153 628 1614 683; baseline -0.001 -11"><span class='ocrx_word' id='word_1_52' title='bbox 153 644 265 672; x_wconf 80' lang='lat' dir='ltr'>smus</span> <span class='ocrx_word' id='word_1_53' title='bbox 303 637 344 671; x_wconf 86' lang='lat' dir='ltr'>et</span> <span class='ocrx_word' id='word_1_54' title='bbox 372 632 656 682; x_wconf 63' lang='lat' dir='ltr'>particularis.</span> <span class='ocrx_word' id='word_1_55' title='bbox 725 632 757 670; x_wconf 74' lang='grc' dir='ltr'>Ε</span> <span class='ocrx_word' id='word_1_56' title='bbox 798 633 1033 671; x_wconf 78' lang='lat' dir='ltr'>definitione</span> <span class='ocrx_word' id='word_1_57' title='bbox 1071 638 1206 671; x_wconf 79' lang='lat' dir='ltr'>autem</span> <span class='ocrx_word' id='word_1_58' title='bbox 1245 635 1326 672; x_wconf 85' lang='grc' dir='ltr'>τοῦ</span> <span class='ocrx_word' id='word_1_59' title='bbox 1368 628 1614 683; x_wconf 80' lang='grc' dir='ltr'><strong><em>ἐνδέχεσθαι</em></strong></span> 
     </span>
     <span class='ocr_line' id='line_1_8' title="bbox 152 691 1615 748; baseline -0.002 -12"><span class='ocrx_word' id='word_1_60' title='bbox 152 695 283 736; x_wconf 76' lang='grc' dir='ltr'><strong><em>παντί</em></strong></span> <span class='ocrx_word' id='word_1_61' title='bbox 309 696 512 734; x_wconf 79' lang='lat' dir='ltr'>conclusio</span> <span class='ocrx_word' id='word_1_62' title='bbox 541 696 600 733; x_wconf 87' lang='lat' dir='ltr'>sic</span> <span class='ocrx_word' id='word_1_63' title='bbox 629 696 810 747; x_wconf 83' lang='lat' dir='ltr'>sequitur</span> <span class='ocrx_word' id='word_1_64' title='bbox 835 697 911 743; x_wconf 84' lang='lat' dir='ltr'>(cf.</span> <span class='ocrx_word' id='word_1_65' title='bbox 941 698 1106 743; x_wconf 78' lang='lat' dir='ltr'><strong>3:3a4):</strong></span> <span class='ocrx_word' id='word_1_66' title='bbox 1145 695 1194 736; x_wconf 81' lang='grc' dir='ltr'>τὸ</span> <span class='ocrx_word' id='word_1_67' title='bbox 1231 695 1314 748; x_wconf 74' lang='grc' dir='ltr'>γὰρ</span> <span class='ocrx_word' id='word_1_68' title='bbox 1341 692 1390 736; x_wconf 88' lang='grc' dir='ltr'>τὸ</span> <span class='ocrx_word' id='word_1_69' title='bbox 1418 697 1460 735; x_wconf 91' lang='lat' dir='ltr'>A</span> <span class='ocrx_word' id='word_1_70' title='bbox 1485 691 1615 735; x_wconf 78' lang='grc' dir='ltr'><strong><em>παντὶ</em></strong></span> 
     </span>
     <span class='ocr_line' id='line_1_9' title="bbox 153 752 1613 813; baseline -0.001 -12"><span class='ocrx_word' id='word_1_71' title='bbox 153 764 213 813; x_wconf 80' lang='grc' dir='ltr'>τῷ</span> <span class='ocrx_word' id='word_1_72' title='bbox 242 761 279 800; x_wconf 87' lang='grc' dir='ltr'><strong>Β</strong></span> <span class='ocrx_word' id='word_1_73' title='bbox 306 756 553 811; x_wconf 77' lang='grc' dir='ltr'><strong><em>ἐνδέχεσθαι</em></strong></span> <span class='ocrx_word' id='word_1_74' title='bbox 581 761 695 800; x_wconf 80' lang='grc' dir='ltr'><strong><em>τοῦτ’</em></strong></span> <span class='ocrx_word' id='word_1_75' title='bbox 724 754 780 812; x_wconf 79' lang='grc' dir='ltr'>ἦν</span> <span class='ocrx_word' id='word_1_76' title='bbox 805 760 856 800; x_wconf 81' lang='grc' dir='ltr'>τὸ</span> <span class='ocrx_word' id='word_1_77' title='bbox 882 760 985 801; x_wconf 76' lang='grc' dir='ltr'>καθ’</span> <span class='ocrx_word' id='word_1_78' title='bbox 1013 752 1069 800; x_wconf 84' lang='grc' dir='ltr'>οὗ</span> <span class='ocrx_word' id='word_1_79' title='bbox 1092 757 1142 800; x_wconf 85' lang='grc' dir='ltr'>τὸ</span> <span class='ocrx_word' id='word_1_80' title='bbox 1171 761 1208 800; x_wconf 91' lang='grc' dir='ltr'><strong><em>Β</em></strong></span> <span class='ocrx_word' id='word_1_81' title='bbox 1235 761 1297 809; x_wconf 84' lang='lat' dir='ltr'>(h.</span> <span class='ocrx_word' id='word_1_82' title='bbox 1314 774 1348 800; x_wconf 87' lang='lat' dir='ltr'>e.</span> <span class='ocrx_word' id='word_1_83' title='bbox 1366 759 1451 801; x_wconf 84' lang='grc' dir='ltr'><strong><em>τινὶ</em></strong></span> <span class='ocrx_word' id='word_1_84' title='bbox 1469 763 1528 812; x_wconf 78' lang='grc' dir='ltr'>τῷ</span> <span class='ocrx_word' id='word_1_85' title='bbox 1549 759 1613 807; x_wconf 89' lang='grc' dir='ltr'>Γ)</span> 
     </span>
     <span class='ocr_line' id='line_1_10' title="bbox 152 822 558 876; baseline -0.008 -10"><span class='ocrx_word' id='word_1_86' title='bbox 152 825 203 866; x_wconf 87' lang='grc' dir='ltr'>τὸ</span> <span class='ocrx_word' id='word_1_87' title='bbox 231 826 273 865; x_wconf 94' lang='lat' dir='ltr'>A</span> <span class='ocrx_word' id='word_1_88' title='bbox 301 822 558 876; x_wconf 76' lang='grc' dir='ltr'><strong><em>ἐνδέχεσθαι.</em></strong></span> 
     </span>
    </p>

    <p class='ocr_par' dir='ltr' id='par_1_3' title="bbox 102 883 1616 1134">
     <span class='ocr_line' id='line_1_11' title="bbox 102 883 1616 941; baseline -0.003 -12"><span class='ocrx_word' id='word_1_89' title='bbox 102 892 251 929; x_wconf 74' lang='grc' dir='ltr'><strong><em>33α27</em></strong></span> <span class='ocrx_word' id='word_1_90' title='bbox 278 888 488 937; x_wconf 78' lang='grc' dir='ltr'><strong><em>ἀπόδειξις</em></strong></span> <span class='ocrx_word' id='word_1_91' title='bbox 517 887 557 928; x_wconf 85' lang='grc' dir='ltr'>δ’</span> <span class='ocrx_word' id='word_1_92' title='bbox 584 886 614 941; x_wconf 80' lang='grc' dir='ltr'><em>ἦ</em></span> <span class='ocrx_word' id='word_1_93' title='bbox 642 887 761 941; x_wconf 82' lang='grc' dir='ltr'><strong><em>αὐτή.</em></strong></span> <span class='ocrx_word' id='word_1_94' title='bbox 816 888 909 929; x_wconf 87' lang='lat' dir='ltr'>Sic:</span> <span class='ocrx_word' id='word_1_95' title='bbox 936 884 987 928; x_wconf 83' lang='grc' dir='ltr'>τὸ</span> <span class='ocrx_word' id='word_1_96' title='bbox 1014 886 1097 941; x_wconf 76' lang='grc' dir='ltr'>γὰρ</span> <span class='ocrx_word' id='word_1_97' title='bbox 1124 889 1166 928; x_wconf 98' lang='lat' dir='ltr'>A</span> <span class='ocrx_word' id='word_1_98' title='bbox 1193 885 1441 940; x_wconf 82' lang='grc' dir='ltr'><strong><em>ἐνδέχεσθαι</em></strong></span> <span class='ocrx_word' id='word_1_99' title='bbox 1462 883 1616 938; x_wconf 84' lang='grc' dir='ltr'><strong><em>μηδενὶ</em></strong></span> 
     </span>
     <span class='ocr_line' id='line_1_12' title="bbox 155 945 1616 1006; baseline -0.001 -13"><span class='ocrx_word' id='word_1_100' title='bbox 155 958 215 1006; x_wconf 80' lang='grc' dir='ltr'>τῷ</span> <span class='ocrx_word' id='word_1_101' title='bbox 243 954 280 993; x_wconf 91' lang='grc' dir='ltr'><em>Β</em></span> <span class='ocrx_word' id='word_1_102' title='bbox 307 953 422 994; x_wconf 78' lang='grc' dir='ltr'><strong><em>τοῦτ’</em></strong></span> <span class='ocrx_word' id='word_1_103' title='bbox 452 948 508 1005; x_wconf 81' lang='grc' dir='ltr'>ἦν</span> <span class='ocrx_word' id='word_1_104' title='bbox 534 953 583 994; x_wconf 82' lang='grc' dir='ltr'>τὸ</span> <span class='ocrx_word' id='word_1_105' title='bbox 610 954 712 994; x_wconf 80' lang='grc' dir='ltr'><strong><em>καθ’</em></strong></span> <span class='ocrx_word' id='word_1_106' title='bbox 740 945 794 993; x_wconf 81' lang='grc' dir='ltr'>οὗ</span> <span class='ocrx_word' id='word_1_107' title='bbox 822 951 877 993; x_wconf 78' lang='grc' dir='ltr'>ἂν</span> <span class='ocrx_word' id='word_1_108' title='bbox 903 949 952 993; x_wconf 84' lang='grc' dir='ltr'>τὸ</span> <span class='ocrx_word' id='word_1_109' title='bbox 966 953 1005 992; x_wconf 88' lang='grc' dir='ltr'>-Β</span> <span class='ocrx_word' id='word_1_110' title='bbox 1033 950 1253 1005; x_wconf 79' lang='grc' dir='ltr'><strong><em>ἐνδέχηται</em></strong></span> <span class='ocrx_word' id='word_1_111' title='bbox 1279 953 1616 1005; x_wconf 64' lang='grc' dir='ltr'><strong><em>κατηγορεῖσθαι</em></strong></span> 
     </span>
     <span class='ocr_line' id='line_1_13' title="bbox 156 1015 1615 1070; baseline -0.001 -13"><span class='ocrx_word' id='word_1_112' title='bbox 156 1018 219 1064; x_wconf 62' lang='lat' dir='ltr'>(ln</span> <span class='ocrx_word' id='word_1_113' title='bbox 244 1032 278 1057; x_wconf 82' lang='lat' dir='ltr'>e.</span> <span class='ocrx_word' id='word_1_114' title='bbox 306 1016 414 1058; x_wconf 81' lang='grc' dir='ltr'><strong><em>κατὰ</em></strong></span> <span class='ocrx_word' id='word_1_115' title='bbox 441 1017 558 1066; x_wconf 81' lang='grc' dir='ltr'><strong><em>τινὸς</em></strong></span> <span class='ocrx_word' id='word_1_116' title='bbox 585 1021 665 1059; x_wconf 85' lang='grc' dir='ltr'>τοῦ</span> <span class='ocrx_word' id='word_1_117' title='bbox 694 1019 759 1065; x_wconf 85' lang='grc' dir='ltr'>Γ)</span> <span class='ocrx_word' id='word_1_118' title='bbox 795 1016 905 1058; x_wconf 72' lang='grc' dir='ltr'><strong><em>κατὰ</em></strong></span> <span class='ocrx_word' id='word_1_119' title='bbox 936 1017 1096 1058; x_wconf 87' lang='grc' dir='ltr'><strong>τούτου</strong></span> <span class='ocrx_word' id='word_1_120' title='bbox 1126 1016 1373 1070; x_wconf 74' lang='grc' dir='ltr'><strong><em>ἐνδέχεσθαι</em></strong></span> <span class='ocrx_word' id='word_1_121' title='bbox 1400 1015 1458 1070; x_wconf 81' lang='grc' dir='ltr'>μὴ</span> <span class='ocrx_word' id='word_1_122' title='bbox 1486 1028 1615 1068; x_wconf 58' lang='grc' dir='ltr'>’ωιτη-</span> 
     </span>
     <span class='ocr_line' id='line_1_14' title="bbox 154 1081 533 1134; baseline -0.003 -12"><span class='ocrx_word' id='word_1_123' title='bbox 154 1084 382 1134; x_wconf 66' lang='grc' dir='ltr'><strong><em>φορεῖσθαι</em></strong></span> <span class='ocrx_word' id='word_1_124' title='bbox 408 1081 457 1122; x_wconf 86' lang='grc' dir='ltr'>τὸ</span> <span class='ocrx_word' id='word_1_125' title='bbox 482 1084 533 1121; x_wconf 90' lang='lat' dir='ltr'><em>A.</em></span> 
     </span>
    </p>

    <p class='ocr_par' dir='ltr' id='par_1_4' title="bbox 101 1145 1615 1325">
     <span class='ocr_line' id='line_1_15' title="bbox 101 1145 1615 1197; baseline -0.002 -11"><span class='ocrx_word' id='word_1_126' title='bbox 101 1147 250 1186; x_wconf 67' lang='lat'><strong>33229</strong></span> <span class='ocrx_word' id='word_1_127' title='bbox 278 1153 320 1186; x_wconf 85' lang='lat' dir='ltr'>et</span> <span class='ocrx_word' id='word_1_128' title='bbox 346 1149 399 1185; x_wconf 76' lang='lat'>30</span> <span class='ocrx_word' id='word_1_129' title='bbox 437 1147 567 1185; x_wconf 80' lang='lat' dir='ltr'>invitis</span> <span class='ocrx_word' id='word_1_130' title='bbox 608 1145 724 1184; x_wconf 87' lang='lat' dir='ltr'>codd.</span> <span class='ocrx_word' id='word_1_131' title='bbox 764 1158 891 1197; x_wconf 84' lang='lat' dir='ltr'>paene</span> <span class='ocrx_word' id='word_1_132' title='bbox 927 1147 1111 1186; x_wconf 86' lang='lat' dir='ltr'>omnibus</span> <span class='ocrx_word' id='word_1_133' title='bbox 1139 1146 1343 1197; x_wconf 82' lang='lat' dir='ltr'>vulgarem</span> <span class='ocrx_word' id='word_1_134' title='bbox 1385 1145 1615 1193; x_wconf 77' lang='lat' dir='ltr'>lectionem,</span> 
     </span>
     <span class='ocr_line' id='line_1_16' title="bbox 155 1208 1615 1262; baseline -0.003 -12"><span class='ocrx_word' id='word_1_135' title='bbox 155 1224 271 1262; x_wconf 76' lang='lat' dir='ltr'>quam</span> <span class='ocrx_word' id='word_1_136' title='bbox 299 1211 400 1251; x_wconf 79' lang='lat' dir='ltr'><strong>Bkk.</strong></span> <span class='ocrx_word' id='word_1_137' title='bbox 429 1211 584 1255; x_wconf 78' lang='lat' dir='ltr'>reiecit,</span> <span class='ocrx_word' id='word_1_138' title='bbox 613 1210 889 1248; x_wconf 73' lang='lat' dir='ltr'>restituimus:</span> <span class='ocrx_word' id='word_1_139' title='bbox 925 1221 1016 1249; x_wconf 81' lang='lat' dir='ltr'>num</span> <span class='ocrx_word' id='word_1_140' title='bbox 1057 1211 1199 1249; x_wconf 89' lang='lat' dir='ltr'>modus</span> <span class='ocrx_word' id='word_1_141' title='bbox 1238 1210 1476 1249; x_wconf 79' lang='lat' dir='ltr'>indicativus</span> <span class='ocrx_word' id='word_1_142' title='bbox 1514 1208 1615 1247; x_wconf 80' lang='lat' dir='ltr'>ferri</span> 
     </span>
     <span class='ocr_line' id='line_1_17' title="bbox 154 1267 1173 1325; baseline 0.001 -14"><span class='ocrx_word' id='word_1_143' title='bbox 154 1275 222 1313; x_wconf 81' lang='lat' dir='ltr'>vix</span> <span class='ocrx_word' id='word_1_144' title='bbox 247 1276 410 1325; x_wconf 79' lang='lat' dir='ltr'>poterit,</span> <span class='ocrx_word' id='word_1_145' title='bbox 440 1275 516 1313; x_wconf 84' lang='lat' dir='ltr'>nisi</span> <span class='ocrx_word' id='word_1_146' title='bbox 545 1286 619 1325; x_wconf 88' lang='lat' dir='ltr'>pro</span> <span class='ocrx_word' id='word_1_147' title='bbox 648 1267 745 1313; x_wconf 87' lang='grc' dir='ltr'><strong><em>οἷον</em></strong></span> <span class='ocrx_word' id='word_1_148' title='bbox 773 1275 973 1313; x_wconf 79' lang='lat' dir='ltr'>scribatur</span> <span class='ocrx_word' id='word_1_149' title='bbox 1002 1268 1097 1314; x_wconf 81' lang='grc' dir='ltr'><strong><em>οἷον</em></strong></span> <span class='ocrx_word' id='word_1_150' title='bbox 1125 1274 1173 1314; x_wconf 81' lang='grc' dir='ltr'>εἰ.</span> 
     </span>
    </p>

    <p class='ocr_par' dir='ltr' id='par_1_5' title="bbox 104 1337 1617 1517">
     <span class='ocr_line' id='line_1_18' title="bbox 104 1337 1617 1389; baseline -0.003 -12"><span class='ocrx_word' id='word_1_151' title='bbox 104 1340 253 1377; x_wconf 73' lang='lat' dir='ltr'><strong>33‘a34</strong></span> <span class='ocrx_word' id='word_1_152' title='bbox 280 1338 468 1389; x_wconf 82' lang='lat' dir='ltr'>Neglexit</span> <span class='ocrx_word' id='word_1_153' title='bbox 497 1339 815 1376; x_wconf 84' lang='lat' dir='ltr'>coniunctionem</span> <span class='ocrx_word' id='word_1_154' title='bbox 856 1340 1142 1389; x_wconf 72' lang='lat' dir='ltr'>propositionis</span> <span class='ocrx_word' id='word_1_155' title='bbox 1171 1338 1332 1377; x_wconf 74' lang='lat' dir='ltr'>maioris</span> <span class='ocrx_word' id='word_1_156' title='bbox 1362 1337 1547 1375; x_wconf 75' lang='lat' dir='ltr'>universe</span> <span class='ocrx_word' id='word_1_157' title='bbox 1575 1338 1617 1374; x_wconf 87' lang='lat' dir='ltr'>et</span> 
     </span>
     <span class='ocr_line' id='line_1_19' title="bbox 155 1401 1615 1454; baseline -0.003 -13"><span class='ocrx_word' id='word_1_158' title='bbox 155 1402 322 1441; x_wconf 84' lang='lat' dir='ltr'>minoris</span> <span class='ocrx_word' id='word_1_159' title='bbox 351 1403 403 1440; x_wconf 87' lang='lat' dir='ltr'>de</span> <span class='ocrx_word' id='word_1_160' title='bbox 431 1408 546 1454; x_wconf 83' lang='lat' dir='ltr'>parte</span> <span class='ocrx_word' id='word_1_161' title='bbox 573 1403 767 1452; x_wconf 74' lang='lat' dir='ltr'>negantis,</span> <span class='ocrx_word' id='word_1_162' title='bbox 796 1403 945 1454; x_wconf 75' lang='lat' dir='ltr'>quippe</span> <span class='ocrx_word' id='word_1_163' title='bbox 974 1403 1086 1441; x_wconf 87' lang='lat' dir='ltr'>cuius</span> <span class='ocrx_word' id='word_1_164' title='bbox 1115 1404 1254 1442; x_wconf 82' lang='lat' dir='ltr'>eadem</span> <span class='ocrx_word' id='word_1_165' title='bbox 1284 1402 1388 1440; x_wconf 88' lang='lat' dir='ltr'>ratio</span> <span class='ocrx_word' id='word_1_166' title='bbox 1417 1401 1469 1438; x_wconf 89' lang='lat' dir='ltr'>sit</span> <span class='ocrx_word' id='word_1_167' title='bbox 1497 1412 1615 1451; x_wconf 79' lang='lat' dir='ltr'>quam</span> 
     </span>
     <span class='ocr_line' id='line_1_20' title="bbox 155 1466 732 1517; baseline 0.002 -13"><span class='ocrx_word' id='word_1_168' title='bbox 155 1468 257 1514; x_wconf 79' lang='lat' dir='ltr'>eius,</span> <span class='ocrx_word' id='word_1_169' title='bbox 287 1466 338 1504; x_wconf 84' lang='lat' dir='ltr'>de</span> <span class='ocrx_word' id='word_1_170' title='bbox 368 1479 443 1517; x_wconf 81' lang='lat' dir='ltr'>qua</span> <span class='ocrx_word' id='word_1_171' title='bbox 472 1466 592 1504; x_wconf 89' lang='lat' dir='ltr'>modo</span> <span class='ocrx_word' id='word_1_172' title='bbox 620 1466 732 1505; x_wconf 83' lang='lat' dir='ltr'>dixit.</span> 
     </span>
    </p>

    <p class='ocr_par' dir='ltr' id='par_1_6' title="bbox 101 1527 1619 2214">
     <span class='ocr_line' id='line_1_21' title="bbox 101 1527 1616 1580; baseline -0.002 -11"><span class='ocrx_word' id='word_1_173' title='bbox 101 1532 252 1569; x_wconf 63' lang='lat'><strong>33:138</strong></span> <span class='ocrx_word' id='word_1_174' title='bbox 280 1527 411 1569; x_wconf 80' lang='grc' dir='ltr'><strong><em>οὐδὲν</em></strong></span> <span class='ocrx_word' id='word_1_175' title='bbox 436 1527 520 1580; x_wconf 75' lang='grc' dir='ltr'>γὰρ</span> <span class='ocrx_word' id='word_1_176' title='bbox 546 1527 702 1567; x_wconf 82' lang='grc' dir='ltr'><strong><em>κωλύει</em></strong></span> <span class='ocrx_word' id='word_1_177' title='bbox 726 1557 736 1567; x_wconf 90' lang='grc'><em>.</em></span> <span class='ocrx_word' id='word_1_178' title='bbox 759 1558 770 1569; x_wconf 94' lang='grc'><strong>.</strong></span> <span class='ocrx_word' id='word_1_179' title='bbox 795 1558 804 1567; x_wconf 93' lang='grc'><em>.</em></span> <span class='ocrx_word' id='word_1_180' title='bbox 860 1528 1002 1567; x_wconf 85' lang='lat' dir='ltr'>Potest</span> <span class='ocrx_word' id='word_1_181' title='bbox 1030 1530 1135 1567; x_wconf 85' lang='lat' dir='ltr'>enim</span> <span class='ocrx_word' id='word_1_182' title='bbox 1160 1529 1361 1576; x_wconf 77' lang='lat' dir='ltr'>accidere,</span> <span class='ocrx_word' id='word_1_183' title='bbox 1387 1532 1447 1577; x_wconf 90' lang='lat' dir='ltr'>ut,</span> <span class='ocrx_word' id='word_1_184' title='bbox 1477 1539 1616 1579; x_wconf 76' lang='lat' dir='ltr'>quam-</span> 
     </span>
     <span class='ocr_line' id='line_1_22' title="bbox 154 1589 1617 1643; baseline -0.002 -12"><span class='ocrx_word' id='word_1_185' title='bbox 154 1594 214 1632; x_wconf 81' lang='lat' dir='ltr'>vis</span> <span class='ocrx_word' id='word_1_186' title='bbox 244 1589 287 1632; x_wconf 88' lang='lat' dir='ltr'>et</span> <span class='ocrx_word' id='word_1_187' title='bbox 308 1595 340 1633; x_wconf 99' lang='lat' dir='ltr'><em>A</em></span> <span class='ocrx_word' id='word_1_188' title='bbox 362 1599 402 1632; x_wconf 83' lang='lat' dir='ltr'>et</span> <span class='ocrx_word' id='word_1_189' title='bbox 424 1594 458 1632; x_wconf 88' lang='lat' dir='ltr'>C</span> <span class='ocrx_word' id='word_1_190' title='bbox 488 1593 618 1631; x_wconf 88' lang='lat' dir='ltr'>minus</span> <span class='ocrx_word' id='word_1_191' title='bbox 648 1592 728 1630; x_wconf 85' lang='lat' dir='ltr'>late</span> <span class='ocrx_word' id='word_1_192' title='bbox 754 1596 916 1643; x_wconf 84' lang='lat' dir='ltr'>pateant</span> <span class='ocrx_word' id='word_1_193' title='bbox 942 1605 1061 1642; x_wconf 81' lang='lat' dir='ltr'>quam</span> <span class='ocrx_word' id='word_1_194' title='bbox 1088 1594 1283 1631; x_wconf 88' lang='lat' dir='ltr'>terminus</span> <span class='ocrx_word' id='word_1_195' title='bbox 1315 1593 1344 1630; x_wconf 87' lang='lat' dir='ltr'>B</span> <span class='ocrx_word' id='word_1_196' title='bbox 1374 1592 1493 1641; x_wconf 86' lang='lat' dir='ltr'>eique</span> <span class='ocrx_word' id='word_1_197' title='bbox 1521 1591 1617 1628; x_wconf 80' lang='lat' dir='ltr'>sub—</span> 
     </span>
     <span class='ocr_line' id='line_1_23' title="bbox 155 1655 1617 1706; baseline -0.003 -10"><span class='ocrx_word' id='word_1_198' title='bbox 155 1658 250 1697; x_wconf 85' lang='lat' dir='ltr'>iecti</span> <span class='ocrx_word' id='word_1_199' title='bbox 279 1658 372 1706; x_wconf 74' lang='lat' dir='ltr'>sint,</span> <span class='ocrx_word' id='word_1_200' title='bbox 399 1662 531 1695; x_wconf 79' lang='lat' dir='ltr'>tamen</span> <span class='ocrx_word' id='word_1_201' title='bbox 559 1656 656 1694; x_wconf 85' lang='lat' dir='ltr'>nihil</span> <span class='ocrx_word' id='word_1_202' title='bbox 685 1656 858 1695; x_wconf 78' lang='lat' dir='ltr'>habeant</span> <span class='ocrx_word' id='word_1_203' title='bbox 886 1657 992 1695; x_wconf 87' lang='lat' dir='ltr'>inter</span> <span class='ocrx_word' id='word_1_204' title='bbox 1019 1669 1064 1695; x_wconf 85' lang='lat' dir='ltr'>se</span> <span class='ocrx_word' id='word_1_205' title='bbox 1092 1669 1313 1695; x_wconf 84' lang='lat' dir='ltr'>commune.</span> <span class='ocrx_word' id='word_1_206' title='bbox 1369 1655 1468 1694; x_wconf 82' lang='lat' dir='ltr'>Nam</span> <span class='ocrx_word' id='word_1_207' title='bbox 1499 1667 1617 1706; x_wconf 76' lang='lat' dir='ltr'>prae-</span> 
     </span>
     <span class='ocr_line' id='line_1_24' title="bbox 159 1718 1618 1771; baseline -0.003 -11"><span class='ocrx_word' id='word_1_208' title='bbox 159 1721 286 1761; x_wconf 82' lang='lat' dir='ltr'>dicari</span> <span class='ocrx_word' id='word_1_209' title='bbox 322 1721 484 1771; x_wconf 88' lang='lat' dir='ltr'>quidem</span> <span class='ocrx_word' id='word_1_210' title='bbox 522 1718 671 1770; x_wconf 86' lang='lat' dir='ltr'>poterit</span> <span class='ocrx_word' id='word_1_211' title='bbox 706 1719 739 1756; x_wconf 89' lang='lat' dir='ltr'><em>A</em></span> <span class='ocrx_word' id='word_1_212' title='bbox 780 1719 831 1757; x_wconf 87' lang='lat' dir='ltr'>de</span> <span class='ocrx_word' id='word_1_213' title='bbox 867 1720 999 1770; x_wconf 76' lang='lat' dir='ltr'>aliqua</span> <span class='ocrx_word' id='word_1_214' title='bbox 1034 1725 1152 1770; x_wconf 82' lang='lat' dir='ltr'>parte</span> <span class='ocrx_word' id='word_1_215' title='bbox 1189 1721 1354 1758; x_wconf 82' lang='lat' dir='ltr'>termini</span> <span class='ocrx_word' id='word_1_216' title='bbox 1376 1719 1407 1757; x_wconf 83' lang='grc' dir='ltr'><strong>Β</strong></span> <span class='ocrx_word' id='word_1_217' title='bbox 1436 1723 1477 1756; x_wconf 89' lang='lat' dir='ltr'>et</span> <span class='ocrx_word' id='word_1_218' title='bbox 1507 1719 1537 1756; x_wconf 88' lang='lat' dir='ltr'>B</span> <span class='ocrx_word' id='word_1_219' title='bbox 1566 1718 1618 1756; x_wconf 86' lang='lat' dir='ltr'>de</span> 
     </span>
     <span class='ocr_line' id='line_1_25' title="bbox 158 1781 1618 1833; baseline -0.003 -10"><span class='ocrx_word' id='word_1_220' title='bbox 158 1784 267 1823; x_wconf 87' lang='lat' dir='ltr'>omni</span> <span class='ocrx_word' id='word_1_221' title='bbox 294 1783 348 1832; x_wconf 83' lang='lat' dir='ltr'>G,</span> <span class='ocrx_word' id='word_1_222' title='bbox 386 1795 516 1833; x_wconf 83' lang='lat' dir='ltr'>neque</span> <span class='ocrx_word' id='word_1_223' title='bbox 554 1788 685 1820; x_wconf 75' lang='lat' dir='ltr'>tamen</span> <span class='ocrx_word' id='word_1_224' title='bbox 720 1782 812 1820; x_wconf 84' lang='lat' dir='ltr'>inde</span> <span class='ocrx_word' id='word_1_225' title='bbox 839 1783 1028 1832; x_wconf 80' lang='lat' dir='ltr'>colligere</span> <span class='ocrx_word' id='word_1_226' title='bbox 1056 1783 1194 1821; x_wconf 87' lang='lat' dir='ltr'>licebit</span> <span class='ocrx_word' id='word_1_227' title='bbox 1232 1783 1423 1821; x_wconf 88' lang='lat' dir='ltr'>terminos</span> <span class='ocrx_word' id='word_1_228' title='bbox 1452 1783 1486 1820; x_wconf 88' lang='lat' dir='ltr'><em>A</em></span> <span class='ocrx_word' id='word_1_229' title='bbox 1515 1787 1555 1820; x_wconf 88' lang='lat' dir='ltr'>et</span> <span class='ocrx_word' id='word_1_230' title='bbox 1585 1781 1618 1819; x_wconf 89' lang='lat' dir='ltr'>C</span> 
     </span>
     <span class='ocr_line' id='line_1_26' title="bbox 158 1844 1616 1900; baseline -0.003 -13"><span class='ocrx_word' id='word_1_231' title='bbox 158 1849 212 1887; x_wconf 79' lang='lat' dir='ltr'>ita</span> <span class='ocrx_word' id='word_1_232' title='bbox 240 1859 362 1900; x_wconf 82' lang='lat' dir='ltr'>posse</span> <span class='ocrx_word' id='word_1_233' title='bbox 388 1847 552 1894; x_wconf 84' lang='lat' dir='ltr'>habere,</span> <span class='ocrx_word' id='word_1_234' title='bbox 582 1851 626 1883; x_wconf 88' lang='lat' dir='ltr'>ut</span> <span class='ocrx_word' id='word_1_235' title='bbox 653 1845 803 1895; x_wconf 75' lang='lat' dir='ltr'>aliquid</span> <span class='ocrx_word' id='word_1_236' title='bbox 833 1845 884 1883; x_wconf 87' lang='lat' dir='ltr'>sit</span> <span class='ocrx_word' id='word_1_237' title='bbox 911 1846 951 1884; x_wconf 90' lang='lat' dir='ltr'>in</span> <span class='ocrx_word' id='word_1_238' title='bbox 979 1857 1056 1896; x_wconf 87' lang='lat' dir='ltr'>quo</span> <span class='ocrx_word' id='word_1_239' title='bbox 1087 1847 1336 1892; x_wconf 75' lang='lat' dir='ltr'>conveniant,</span> <span class='ocrx_word' id='word_1_240' title='bbox 1365 1845 1562 1896; x_wconf 82' lang='lat' dir='ltr'>siquidem</span> <span class='ocrx_word' id='word_1_241' title='bbox 1586 1844 1616 1882; x_wconf 85' lang='grc' dir='ltr'><strong><em>Β</em></strong></span> 
     </span>
     <span class='ocr_line' id='line_1_27' title="bbox 159 1908 1619 1963; baseline -0.003 -12"><span class='ocrx_word' id='word_1_242' title='bbox 159 1913 212 1951; x_wconf 87' lang='lat' dir='ltr'>de</span> <span class='ocrx_word' id='word_1_243' title='bbox 239 1911 420 1963; x_wconf 89' lang='lat' dir='ltr'>pluribus</span> <span class='ocrx_word' id='word_1_244' title='bbox 448 1909 671 1960; x_wconf 82' lang='lat' dir='ltr'>praedicari</span> <span class='ocrx_word' id='word_1_245' title='bbox 698 1914 831 1960; x_wconf 86' lang='lat' dir='ltr'>potest</span> <span class='ocrx_word' id='word_1_246' title='bbox 859 1922 978 1959; x_wconf 82' lang='lat' dir='ltr'>quam</span> <span class='ocrx_word' id='word_1_247' title='bbox 1007 1910 1053 1948; x_wconf 87' lang='lat' dir='ltr'>A.</span> <span class='ocrx_word' id='word_1_248' title='bbox 1110 1909 1170 1947; x_wconf 75' lang='lat' dir='ltr'>Ex</span> <span class='ocrx_word' id='word_1_249' title='bbox 1198 1910 1263 1948; x_wconf 90' lang='lat' dir='ltr'>his</span> <span class='ocrx_word' id='word_1_250' title='bbox 1288 1909 1424 1960; x_wconf 83' lang='lat' dir='ltr'>igitur,</span> <span class='ocrx_word' id='word_1_251' title='bbox 1454 1909 1505 1946; x_wconf 89' lang='lat' dir='ltr'>de</span> <span class='ocrx_word' id='word_1_252' title='bbox 1530 1908 1619 1959; x_wconf 86' lang='lat' dir='ltr'>qui-</span> 
     </span>
     <span class='ocr_line' id='line_1_28' title="bbox 158 1963 1618 2027; baseline -0.003 -12"><span class='ocrx_word' id='word_1_253' title='bbox 158 1977 233 2015; x_wconf 89' lang='lat' dir='ltr'>bus</span> <span class='ocrx_word' id='word_1_254' title='bbox 270 1974 451 2027; x_wconf 89' lang='lat' dir='ltr'>pluribus</span> <span class='ocrx_word' id='word_1_255' title='bbox 480 1973 734 2024; x_wconf 81' lang='lat' dir='ltr'>praedicatur</span> <span class='ocrx_word' id='word_1_256' title='bbox 761 1973 793 2010; x_wconf 92' lang='lat' dir='ltr'>B</span> <span class='ocrx_word' id='word_1_257' title='bbox 834 1986 949 2024; x_wconf 79' lang='lat' dir='ltr'>quam</span> <span class='ocrx_word' id='word_1_258' title='bbox 978 1974 1012 2012; x_wconf 90' lang='lat' dir='ltr'><em>A</em></span> <span class='ocrx_word' id='word_1_259' title='bbox 1042 1963 1097 2025; x_wconf 78' lang='grc' dir='ltr'>(ᾧ</span> <span class='ocrx_word' id='word_1_260' title='bbox 1123 1971 1357 2022; x_wconf 77' lang='grc' dir='ltr'><strong><em>ὑπερτείνει</em></strong></span> <span class='ocrx_word' id='word_1_261' title='bbox 1393 1971 1443 2022; x_wconf 70' lang='grc' dir='ltr'>τὸ</span> <span class='ocrx_word' id='word_1_262' title='bbox 1472 1972 1508 2012; x_wconf 92' lang='grc' dir='ltr'><strong><em>Β</em></strong></span> <span class='ocrx_word' id='word_1_263' title='bbox 1531 1973 1618 2023; x_wconf 38' lang='grc' dir='ltr'><em>,τοῦ</em></span> 
     </span>
     <span class='ocr_line' id='line_1_29' title="bbox 158 2036 1618 2087; baseline -0.001 -11"><span class='ocrx_word' id='word_1_264' title='bbox 158 2042 245 2086; x_wconf 85' lang='grc' dir='ltr'>Α),</span> <span class='ocrx_word' id='word_1_265' title='bbox 287 2039 320 2076; x_wconf 86' lang='lat' dir='ltr'>si</span> <span class='ocrx_word' id='word_1_266' title='bbox 349 2038 518 2076; x_wconf 87' lang='lat' dir='ltr'>sumitur</span> <span class='ocrx_word' id='word_1_267' title='bbox 547 2036 592 2082; x_wconf 77' lang='lat' dir='ltr'>G,</span> <span class='ocrx_word' id='word_1_268' title='bbox 623 2049 699 2074; x_wconf 90' lang='lat' dir='ltr'>non</span> <span class='ocrx_word' id='word_1_269' title='bbox 730 2037 777 2074; x_wconf 85' lang='lat' dir='ltr'>fit</span> <span class='ocrx_word' id='word_1_270' title='bbox 804 2037 1073 2087; x_wconf 83' lang='lat' dir='ltr'>syllogismus.</span> <span class='ocrx_word' id='word_1_271' title='bbox 1103 2059 1152 2066; x_wconf 91' lang='lat'>--</span> <span class='ocrx_word' id='word_1_272' title='bbox 1208 2037 1325 2086; x_wconf 81' lang='lat' dir='ltr'>Quod</span> <span class='ocrx_word' id='word_1_273' title='bbox 1353 2038 1434 2075; x_wconf 81' lang='lat' dir='ltr'>iam</span> <span class='ocrx_word' id='word_1_274' title='bbox 1461 2037 1514 2075; x_wconf 83' lang='lat' dir='ltr'>de</span> <span class='ocrx_word' id='word_1_275' title='bbox 1540 2049 1618 2075; x_wconf 78' lang='lat' dir='ltr'>una</span> 
     </span>
     <span class='ocr_line' id='line_1_30' title="bbox 157 2100 1618 2156; baseline -0.002 -14"><span class='ocrx_word' id='word_1_276' title='bbox 157 2102 475 2156; x_wconf 81' lang='lat' dir='ltr'>propositionum</span> <span class='ocrx_word' id='word_1_277' title='bbox 510 2100 788 2138; x_wconf 86' lang='lat' dir='ltr'>coniunctione</span> <span class='ocrx_word' id='word_1_278' title='bbox 823 2100 1183 2141; x_wconf 80' lang='lat' dir='ltr'>demonstravimus</span> <span class='ocrx_word' id='word_1_279' title='bbox 1212 2101 1334 2139; x_wconf 84' lang='lat' dir='ltr'>facile</span> <span class='ocrx_word' id='word_1_280' title='bbox 1371 2101 1450 2140; x_wconf 87' lang='lat' dir='ltr'>erit</span> <span class='ocrx_word' id='word_1_281' title='bbox 1487 2106 1618 2140; x_wconf 85' lang='lat' dir='ltr'>trans-</span> 
     </span>
     <span class='ocr_line' id='line_1_31' title="bbox 158 2165 561 2214; baseline -0.015 -7"><span class='ocrx_word' id='word_1_282' title='bbox 158 2169 269 2207; x_wconf 82' lang='lat' dir='ltr'>ferre</span> <span class='ocrx_word' id='word_1_283' title='bbox 297 2167 347 2204; x_wconf 76' lang='lat' dir='ltr'>nd</span> <span class='ocrx_word' id='word_1_284' title='bbox 375 2165 561 2214; x_wconf 81' lang='lat' dir='ltr'>reliquas.</span> 
     </span>
    </p>

    <p class='ocr_par' dir='ltr' id='par_1_7' title="bbox 107 2226 1617 2344">
     <span class='ocr_line' id='line_1_32' title="bbox 107 2226 1617 2280; baseline -0.003 -9"><span class='ocrx_word' id='word_1_285' title='bbox 107 2232 256 2271; x_wconf 80' lang='lat' dir='ltr'>33b11</span> <span class='ocrx_word' id='word_1_286' title='bbox 285 2226 310 2269; x_wconf 87' lang='grc' dir='ltr'>ὁ</span> <span class='ocrx_word' id='word_1_287' title='bbox 337 2226 416 2280; x_wconf 79' lang='grc' dir='ltr'>μὲν</span> <span class='ocrx_word' id='word_1_288' title='bbox 441 2226 557 2278; x_wconf 74' lang='grc' dir='ltr'><strong><em>γὰρ.</em></strong></span> <span class='ocrx_word' id='word_1_289' title='bbox 608 2227 748 2266; x_wconf 81' lang='lat' dir='ltr'>.Nam</span> <span class='ocrx_word' id='word_1_290' title='bbox 777 2229 977 2268; x_wconf 75' lang='lat' dir='ltr'>contraria</span> <span class='ocrx_word' id='word_1_291' title='bbox 1005 2229 1189 2268; x_wconf 86' lang='lat' dir='ltr'>concludi</span> <span class='ocrx_word' id='word_1_292' title='bbox 1218 2232 1407 2280; x_wconf 82' lang='lat' dir='ltr'>possunt,</span> <span class='ocrx_word' id='word_1_293' title='bbox 1446 2240 1617 2279; x_wconf 87' lang='lat' dir='ltr'>quorum</span> 
     </span>
     <span class='ocr_line' id='line_1_33' title="bbox 161 2291 837 2344; baseline -0.006 -10"><span class='ocrx_word' id='word_1_294' title='bbox 161 2295 288 2334; x_wconf 74' lang='lat' dir='ltr'>altero</span> <span class='ocrx_word' id='word_1_295' title='bbox 315 2293 448 2344; x_wconf 90' lang='lat' dir='ltr'>posito</span> <span class='ocrx_word' id='word_1_296' title='bbox 475 2291 628 2330; x_wconf 84' lang='lat' dir='ltr'>tollitur</span> <span class='ocrx_word' id='word_1_297' title='bbox 656 2292 837 2333; x_wconf 80' lang='lat' dir='ltr'>alterum.</span> 
     </span>
    </p>

    <p class='ocr_par' dir='ltr' id='par_1_8' title="bbox 108 2349 1619 2537">
     <span class='ocr_line' id='line_1_34' title="bbox 108 2349 1619 2407; baseline -0.003 -9"><span class='ocrx_word' id='word_1_298' title='bbox 108 2359 261 2398; x_wconf 74' lang='lat' dir='ltr'><strong>33b1‘1</strong></span> <span class='ocrx_word' id='word_1_299' title='bbox 289 2355 371 2396; x_wconf 82' lang='grc' dir='ltr'>οὐκ</span> <span class='ocrx_word' id='word_1_300' title='bbox 397 2349 452 2407; x_wconf 82' lang='grc' dir='ltr'>ἧν</span> <span class='ocrx_word' id='word_1_301' title='bbox 480 2351 770 2407; x_wconf 82' lang='grc' dir='ltr'><strong><em>ἐνδεχόμενον.</em></strong></span> <span class='ocrx_word' id='word_1_302' title='bbox 826 2356 942 2406; x_wconf 76' lang='lat' dir='ltr'>Quod</span> <span class='ocrx_word' id='word_1_303' title='bbox 971 2357 1241 2396; x_wconf 80' lang='lat' dir='ltr'>necessarium</span> <span class='ocrx_word' id='word_1_304' title='bbox 1270 2359 1358 2405; x_wconf 87' lang='lat' dir='ltr'>est,</span> <span class='ocrx_word' id='word_1_305' title='bbox 1394 2355 1437 2394; x_wconf 89' lang='lat' dir='ltr'>id</span> <span class='ocrx_word' id='word_1_306' title='bbox 1465 2366 1542 2401; x_wconf 83' lang='lat' dir='ltr'>non</span> <span class='ocrx_word' id='word_1_307' title='bbox 1569 2367 1619 2394; x_wconf 87' lang='lat' dir='ltr'>eo</span> 
     </span>
     <span class='ocr_line' id='line_1_35' title="bbox 162 2417 1617 2471; baseline -0.003 -9"><span class='ocrx_word' id='word_1_308' title='bbox 162 2435 283 2462; x_wconf 81' lang='lat' dir='ltr'>sensu</span> <span class='ocrx_word' id='word_1_309' title='bbox 310 2422 454 2460; x_wconf 85' lang='lat' dir='ltr'>dicitur</span> <span class='ocrx_word' id='word_1_310' title='bbox 483 2417 773 2471; x_wconf 77' lang='grc' dir='ltr'><strong><em>ἐνδεχόμενον,</em></strong></span> <span class='ocrx_word' id='word_1_311' title='bbox 801 2433 880 2470; x_wconf 85' lang='lat' dir='ltr'>quo</span> <span class='ocrx_word' id='word_1_312' title='bbox 909 2421 950 2459; x_wconf 91' lang='lat' dir='ltr'>in</span> <span class='ocrx_word' id='word_1_313' title='bbox 976 2420 1040 2459; x_wconf 85' lang='lat' dir='ltr'>his</span> <span class='ocrx_word' id='word_1_314' title='bbox 1069 2420 1313 2470; x_wconf 80' lang='lat' dir='ltr'>syllogismis</span> <span class='ocrx_word' id='word_1_315' title='bbox 1340 2418 1617 2470; x_wconf 79' lang='lat' dir='ltr'>accipiendum</span> 
     </span>
     <span class='ocr_line' id='line_1_36' title="bbox 162 2481 835 2537; baseline -0.006 -11"><span class='ocrx_word' id='word_1_316' title='bbox 162 2492 227 2526; x_wconf 85' lang='lat' dir='ltr'>est</span> <span class='ocrx_word' id='word_1_317' title='bbox 253 2485 303 2526; x_wconf 87' lang='grc' dir='ltr'>τὸ</span> <span class='ocrx_word' id='word_1_318' title='bbox 331 2481 588 2537; x_wconf 80' lang='grc' dir='ltr'><strong><em>ἐνδέχεσθαι,</em></strong></span> <span class='ocrx_word' id='word_1_319' title='bbox 617 2497 654 2522; x_wconf 85' lang='lat' dir='ltr'>v.</span> <span class='ocrx_word' id='word_1_320' title='bbox 684 2498 741 2525; x_wconf 82' lang='lat' dir='ltr'>vs.</span> <span class='ocrx_word' id='word_1_321' title='bbox 771 2486 835 2523; x_wconf 82' lang='lat'>22.</span> 
     </span>
    </p>
   </div>
   <div class='ocr_carea' id='block_1_3' title="bbox 112 2610 1620 2860">
    <p class='ocr_par' dir='ltr' id='par_1_9' title="bbox 112 2610 1620 2860">
     <span class='ocr_line' id='line_1_37' title="bbox 221 2610 1617 2668; baseline -0.004 -14"><span class='ocrx_word' id='word_1_322' title='bbox 221 2615 323 2668; x_wconf 81' lang='lat' dir='ltr'>Cap.</span> <span class='ocrx_word' id='word_1_323' title='bbox 353 2613 418 2653; x_wconf 84' lang='lat'>15.</span> <span class='ocrx_word' id='word_1_324' title='bbox 475 2614 543 2652; x_wconf 84' lang='lat' dir='ltr'>De</span> <span class='ocrx_word' id='word_1_325' title='bbox 569 2613 816 2666; x_wconf 70' lang='lat' dir='ltr'>syllogismis</span> <span class='ocrx_word' id='word_1_326' title='bbox 842 2613 1007 2665; x_wconf 78' lang='lat' dir='ltr'>primae</span> <span class='ocrx_word' id='word_1_327' title='bbox 1023 2615 1212 2665; x_wconf 70' lang='lat' dir='ltr'>figurae,</span> <span class='ocrx_word' id='word_1_328' title='bbox 1242 2612 1314 2665; x_wconf 80' lang='lat' dir='ltr'>qui</span> <span class='ocrx_word' id='word_1_329' title='bbox 1330 2613 1450 2665; x_wconf 79' lang='lat' dir='ltr'>fiunt</span> <span class='ocrx_word' id='word_1_330' title='bbox 1477 2622 1531 2649; x_wconf 73' lang='lat' dir='ltr'>ea·</span> <span class='ocrx_word' id='word_1_331' title='bbox 1555 2610 1617 2649; x_wconf 79' lang='grc' dir='ltr'>αὶ-</span> 
     </span>
     <span class='ocr_line' id='line_1_38' title="bbox 112 2675 1618 2732; baseline -0.003 -14"><span class='ocrx_word' id='word_1_332' title='bbox 112 2684 208 2719; x_wconf 80' lang='lat' dir='ltr'>tera</span> <span class='ocrx_word' id='word_1_333' title='bbox 241 2679 528 2732; x_wconf 78' lang='lat' dir='ltr'>propositione</span> <span class='ocrx_word' id='word_1_334' title='bbox 554 2678 755 2730; x_wconf 72' lang='lat' dir='ltr'>simplici,</span> <span class='ocrx_word' id='word_1_335' title='bbox 794 2677 934 2716; x_wconf 83' lang='lat' dir='ltr'>altera</span> <span class='ocrx_word' id='word_1_336' title='bbox 958 2676 1158 2729; x_wconf 80' lang='lat' dir='ltr'>possibili.</span> <span class='ocrx_word' id='word_1_337' title='bbox 1213 2676 1265 2714; x_wconf 78' lang='lat'>33</span> <span class='ocrx_word' id='word_1_338' title='bbox 1294 2677 1362 2715; x_wconf 83' lang='lat' dir='ltr'>De</span> <span class='ocrx_word' id='word_1_339' title='bbox 1388 2687 1471 2714; x_wconf 82' lang='lat' dir='ltr'>uno</span> <span class='ocrx_word' id='word_1_340' title='bbox 1497 2675 1618 2727; x_wconf 75' lang='lat' dir='ltr'>syllo-</span> 
     </span>
     <span class='ocr_line' id='line_1_39' title="bbox 112 2739 1620 2796; baseline -0.004 -13"><span class='ocrx_word' id='word_1_341' title='bbox 112 2744 244 2795; x_wconf 70' lang='lat' dir='ltr'>gismo</span> <span class='ocrx_word' id='word_1_342' title='bbox 275 2744 479 2796; x_wconf 77' lang='lat' dir='ltr'>perfecto,</span> <span class='ocrx_word' id='word_1_343' title='bbox 517 2744 642 2780; x_wconf 64' lang='lat'>34⁸2</span> <span class='ocrx_word' id='word_1_344' title='bbox 671 2741 724 2780; x_wconf 82' lang='lat' dir='ltr'>de</span> <span class='ocrx_word' id='word_1_345' title='bbox 749 2741 1034 2795; x_wconf 80' lang='lat' dir='ltr'>imperfectis.-</span> <span class='ocrx_word' id='word_1_346' title='bbox 1071 2742 1095 2777; x_wconf 85' lang='lat'><strong><em>5</em></strong></span> <span class='ocrx_word' id='word_1_347' title='bbox 1125 2739 1179 2778; x_wconf 86' lang='lat' dir='ltr'>Si</span> <span class='ocrx_word' id='word_1_348' title='bbox 1205 2740 1242 2779; x_wconf 92' lang='grc' dir='ltr'><strong><em>Β</em></strong></span> <span class='ocrx_word' id='word_1_349' title='bbox 1271 2745 1332 2780; x_wconf 79' lang='lat' dir='ltr'>est</span> <span class='ocrx_word' id='word_1_350' title='bbox 1369 2751 1620 2792; x_wconf 70' lang='lat' dir='ltr'>consequens</span> 
     </span>
     <span class='ocr_line' id='line_1_40' title="bbox 113 2803 1619 2860; baseline -0.004 -13"><span class='ocrx_word' id='word_1_351' title='bbox 113 2808 194 2847; x_wconf 79' lang='grc' dir='ltr'>τοῦ</span> <span class='ocrx_word' id='word_1_352' title='bbox 221 2807 276 2858; x_wconf 85' lang='grc' dir='ltr'>Α,</span> <span class='ocrx_word' id='word_1_353' title='bbox 305 2812 346 2847; x_wconf 81' lang='lat' dir='ltr'>et</span> <span class='ocrx_word' id='word_1_354' title='bbox 373 2808 411 2847; x_wconf 73' lang='lat' dir='ltr'>si</span> <span class='ocrx_word' id='word_1_355' title='bbox 438 2808 479 2847; x_wconf 88' lang='lat' dir='ltr'>A</span> <span class='ocrx_word' id='word_1_356' title='bbox 495 2807 605 2860; x_wconf 81' lang='lat' dir='ltr'>fieri</span> <span class='ocrx_word' id='word_1_357' title='bbox 626 2810 778 2859; x_wconf 79' lang='lat' dir='ltr'>potest,</span> <span class='ocrx_word' id='word_1_358' title='bbox 808 2807 938 2846; x_wconf 77' lang='lat' dir='ltr'>etiam</span> <span class='ocrx_word' id='word_1_359' title='bbox 966 2804 1003 2844; x_wconf 93' lang='lat' dir='ltr'><strong><em>B</em></strong></span> <span class='ocrx_word' id='word_1_360' title='bbox 1019 2805 1127 2858; x_wconf 84' lang='lat' dir='ltr'>fieri</span> <span class='ocrx_word' id='word_1_361' title='bbox 1145 2809 1300 2858; x_wconf 82' lang='lat' dir='ltr'>potest.</span> <span class='ocrx_word' id='word_1_362' title='bbox 1355 2804 1408 2844; x_wconf 84' lang='lat'>13</span> <span class='ocrx_word' id='word_1_363' title='bbox 1435 2804 1503 2843; x_wconf 82' lang='lat' dir='ltr'>De</span> <span class='ocrx_word' id='word_1_364' title='bbox 1528 2803 1619 2855; x_wconf 86' lang='lat' dir='ltr'>qui-</span> 
     </span>
    </p>
   </div>
  </div>
 </body>
</html>
