1826 3112
322 219 401 258 238
834 222 1226 256 ΑΝΑΛΤΤΙΚΩΝ

272 335 308 362 2⁵
321 321 405 363 τοῦ
419 315 712 377 ἀντικειμένου
730 316 955 378 πρότερον,
976 316 1087 364 ἀλλὰ
1106 323 1304 379 φανεροῦ
1325 317 1452 375 ὄντος
1471 316 1539 365 ὅτι
1553 319 1732 382 ἀληθές.

323 384 367 429 οὶ
405 382 444 429 δ’
481 381 576 443 ὅροι
614 382 774 442 &uolt-229
805 384 976 442 ἔχουσιν
1004 385 1047 430 ἐν
1078 383 1266 445 άμφοῖν,
1303 386 1377 430 καὶ
1406 384 1434 447 ἡ
1463 383 1575 447 αὐτὴ
1603 389 1736 448 λῆψις

322 447 588 509 ἀμφοτέρων.
630 453 725 494 οἱον
765 450 802 494 εἰ
833 448 884 495 τὸ
920 454 956 495 A
981 454 1046 514 τ9ῖ
1076 454 1113 496 Β
1146 452 1271 496 παντὶ
1300 449 1499 510 ὑπάρχει,
1531 451 1664 510 μέσον
1690 453 1737 498 δὲ

321 514 373 561 τὸ
409 518 458 568 Γ
489 514 562 560 ἐὰν
590 513 791 574 ὑποτεθῇ
817 513 866 560 τὸ
895 513 976 560 A
956 515 985 577 η’
1003 535 1062 583 μη
1086 518 1214 562 παντὶ
1234 514 1264 578 ἢ
1283 518 1433 578 μηδενὶ
1453 535 1513 580 τω
1536 520 1573 562 Β
1592 515 1736 576 ὑπάρ-

321 599 423 641 χειν,
451 584 515 644 τῷ
543 581 589 626 δὲ
621 584 665 625 Γ
686 581 833 636 παντί,
868 579 975 640 ὅπερ
1017 584 1072 643 ἠν
1102 581 1289 644 ἀληθές,
1332 581 1496 644 ἀνάγκη
1525 580 1575 628 τὸ
1609 586 1655 628 Γ
1675 586 1738 646 τῷ

272 650 365 691 εοΒ
392 644 420 707 ἢ
449 647 598 708 μηδενὶ
624 644 655 708 ἢ
680 644 738 708 μή
774 648 900 692 παντὶ
925 646 1142 708 ὑπάρχειν.
1164 653 1298 693 τοῦτο
1318 646 1356 693 6'
1378 647 1606 704 άδύνατον,
1629 627 1737 693 ὥστε

320 715 490 767 ’ψεῦδος
502 730 552 756 το
563 711 803 757 υποτεθεν
827 711 1033 774 άληθες’
1014 713 1098 772 άρα
1119 711 1168 758 τὸ
1186 712 1479 772 ἀντικείμενον.
1513 712 1673 772 ὁμοίως
1691 714 1737 759 δὲ

320 779 393 823 καὶ
430 778 497 822 ἐπὶ
527 781 610 822 τῶν
643 776 786 822 ἄλλων
809 778 1056 839 σχηιιάτων·
1091 776 1174 824 ὅσα
1202 777 1283 839 γάρ
1304 777 1594 839 ἀντιστροφὴν
1619 780 1736 839 δέχε-

320 861 404 899 ται,
428 844 499 888 καὶ
519 842 597 889 τὸν
617 841 689 888 διά
711 847 793 888 τοῦ
813 842 1034 889 ἀδυνάτου
1053 842 1361 904 συλλογισμόν.

461 907 526 953 T6
564 910 641 968 μὲν
683 902 767 954 οὖν
806 907 915 953 ἄλλα
952 908 1232 970 προβλήματα
1261 909 1401 954 πάντα
1420 908 1635 954 δείκνυται
1663 906 1735 954 616

272 978 404 1020 ssvofi
434 973 656 1019 άδυνάτου
687 974 731 1019 ἐν
760 972 895 1019 ἅπασι
927 980 1017 1030 τοῖς
1049 974 1261 1058 σχήμασι,
1281 973 1331 1019 τὸ
1359 975 1405 1020 δὲ
1433 973 1637 1020 καθόλου
1657 992 1736 1018 κα-

320 1037 552 1101 τηγορικὸν
584 1040 628 1085 ἐν
656 1040 732 1098 μὲν
763 1044 823 1103 τῷ
850 1040 967 1103 μέσῳ
999 1041 1072 1085 καὶ
1099 1045 1163 1104 τῷ
1192 1042 1321 1121 τρίτῳ
1348 1040 1588 1094 δείκνυται,
1619 1040 1664 1085 ἐν
1691 1041 1737 1085 δὲ

319 1123 379 1150 τω
399 1104 555 1169 πρώτῳ
576 1103 636 1151 ου’
653 1106 882 1151 δείκνυται.
906 1086 1160 1151 ὑποκείσθω
1179 1104 1260 1166 γάρ
1275 1103 1325 1150 τὸ
1344 1109 1381 1150 Α
1396 1110 1459 1169 τ9ῖ
1481 1109 1516 1150 Β
1535 1103 1594 1167 μὴ
1612 1107 1738 1151 παντὶ

318 1168 352 1232 ἢ
383 1172 533 1232 μηδενὶ
560 1169 794 1254 ὑπάρχειν,
825 1173 899 1216 καὶ
917 1171 1232 1233 προσειλήφθω
1265 1169 1375 1232 άλλη
1392 1170 1603 1229 πρότασις
1624 1169 1736 1216 ὁπο-

318 1240 605 1295 τερωθενοῦν,
634 1238 712 1283 εἴτε
730 1255 791 1318 1:91
813 1241 850 1282 A
867 1239 993 1282 παντὶ
1013 1235 1224 1296 ὑπάρχειν
1241 1234 1291 1282 τὸ
1315 1240 1361 1281 Γ
1375 1238 1455 1282 εἴτε
1475 1234 1526 1281 τὸ
1551 1239 1588 1282 Β
1611 1237 1738 1282 παντὶ

270 1319 305 1347 40
319 1306 383 1366 τῷ
407 1308 469 1348 A·
501 1300 617 1348 οὕτω
648 1300 730 1362 γάρ
751 1321 804 1348 αν
821 1305 887 1364 εἴη
906 1301 956 1349 τὸ
979 1307 1151 1361 πρῶτον
1171 1306 1326 1363 σχῆμα.
1357 1303 1394 1347 εἰ
1415 1319 1492 1360 μεν
1512 1294 1595 1347 οὖν
1619 1300 1738 1347 ὑπό-

319 1386 453 1414 κειται
480 1366 540 1430 μὴ
569 1370 697 1413 παντὶ
725 1367 936 1428 ὑπάρχειν
964 1366 1015 1414 τὸ
1045 1372 1082 1413 Α
1112 1373 1176 1432 τῷ
1203 1372 1262 1424 Β,
1297 1385 1355 1413 ου
1390 1368 1548 1428 γίνεται
1577 1371 1738 1412 συλλοψ

279 1443 302 1475 b
319 1431 471 1495 γισμὸς
500 1432 834 1493 ὁποτερωθενοῦ
837 1452 863 1479 ν
888 1439 969 1496 τῆς
993 1414 1240 1493 προτάσεως
1262 1433 1602 1494 λαμβανομενης,
1634 1434 1670 1478 εἰ
1692 1433 1738 1478 δε

319 1500 486 1561 μηδενί,
513 1497 617 1554 ὅταν
643 1501 720 1559 μὲν
747 1498 776 1561 ἡ
806 1503 886 1544 BA
910 1504 1196 1561 προσληφθῇ,
1217 1497 1510 1559 συλλογισμὸς
1528 1500 1606 1558 μεν
1625 1499 1740 1543 ε’σται

319 1569 402 1611 τοῦ
425 1565 649 1622 ψεύδους,
681 1583 739 1611 ov
761 1566 976 1611 δείκνυται
1004 1566 1050 1610 δε
1071 1563 1122 1610 τὸ
1137 1566 1430 1625 προκείμενον.
1469 1565 1506 1610 εἰ
1523 1562 1606 1624 γὰρ
1629 1561 1679 1608 τὸ
1701 1568 1738 1608 Α

317 1632 469 1693 μηδενὶ
506 1649 566 1676 τω
604 1628 751 1686 Β,τό
781 1632 827 1676 δε
866 1634 903 1676 Β
931 1632 1058 1677 παντὶ
1082 1634 1147 1694 τῷ
1174 1628 1320 1686 Δ,τό
1345 1634 1378 1675 Α
1408 1627 1556 1675 ουδενὶ
1590 1633 1653 1692 τῷ
1684 1634 1738 1674 Δ.

285 1715 303 1743 5
317 1701 450 1743 τοῦτο
478 1696 517 1742 δ’
551 1699 655 1744 εστω
687 1695 926 1743 ἀδύνατον·
956 1677 1165 1753 ψεῦδος’
1146 1695 1231 1755 ἄρα
1251 1694 1303 1741 τὸ
1321 1697 1470 1756 μηδενὶ
1488 1699 1551 1759 τῷ
1575 1698 1613 1740 Β
1632 1691 1682 1739 τὸ
1701 1698 1738 1739 Α

317 1762 539 1823 ὑπάρχειν.
574 1761 668 1808 ἄλλ’
700 1781 787 1809 ουκ
817 1764 855 1809 εἰ
878 1760 928 1808 τὰ
947 1764 1098 1826 μηδενὶ
1123 1765 1303 1818 ψεῦδος,
1329 1759 1380 1806 vd
1403 1762 1531 1806 παντὶ
1557 1759 1736 1822 ἀληθές.

319 1827 394 1876 ἐὰν
438 1827 476 1875 6'
511 1826 541 1891 ἡ
574 1833 650 1875 ΓΑ
681 1833 975 1913 προσληφθῇ,
1017 1827 1076 1874 οὐ
1104 1829 1261 1889 γίνεται
1294 1826 1612 1886 συλλογισμός,
1643 1823 1742 1871 ουδ’

319 1893 424 1942 ὅταν
447 1893 649 1955 ὑποτεθῇ
672 1893 732 1957 μὴ
751 1896 879 1941 παντὶ
896 1899 960 1959 τῷ
976 1898 1013 1939 Β
1036 1892 1086 1940 τὸ
1106 1898 1143 1939 Α
1159 1892 1379 1954 ὑπάρχειν.
1416 1890 1523 1939 ω’στε
1546 1889 1742 1953 φανερὰν

320 1959 387 2007 ὅτι
414 1958 466 2006 τὸ
494 1963 621 2007 παντὶ
652 1960 864 2021 ὑπάρχειν
893 1959 953 2006 ου’
981 1961 1197 2006 δείκνυται
1226 1960 1271 2005 ἐν
1294 1963 1357 2022 τῷ
1380 1958 1535 2021 πρωτω
1557 1957 1740 2018 σχήματι

271 2043 305 2070 10
320 2024 393 2073 διά
421 2030 504 2071 τοῦ
537 2025 771 2072 άδυνάτου.
803 2024 853 2072 τὸ
870 2026 919 2072 δέ
938 2043 984 2086 γε
1004 2027 1087 2071 τινὶ
1109 2026 1182 2070 καὶ
1196 2023 1246 2070 τὸ
1267 2025 1419 2085 μηδενὶ
1440 2024 1513 2068 καὶ
1533 2021 1593 2085 μὴ
1613 2023 1741 2068 παντὶ

320 2093 550 2138 δείκνυται.
593 2090 849 2138 ὑποκείσθω
875 2089 956 2152 γάρ
980 2089 1031 2137 τὸ
1049 2095 1086 2136 A
1107 2092 1256 2152 μηδενὶ
1277 2109 1338 2154 τῳ
1369 2093 1407 2134 Β
1416 2087 1659 2171 ὑπάρχειν,
1690 2085 1740 2133 τὸ

319 2159 367 2204 δὲ
395 2161 433 2203 Β
453 2157 652 2218 εἰλήφθω
679 2159 807 2204 παντὶ
828 2155 858 2220 ἢ
886 2159 970 2203 τινὶ
993 2161 1056 2221 τῷ
1076 2160 1125 2202 Γ.
1150 2155 1323 2202 ουκοῦν
1344 2153 1510 2216 οἷνάγκη
1528 2152 1579 2200 τὰ
1600 2159 1637 2200 Α
1658 2171 1741 2217 μη-

320 2221 459 2270 δενὶ
428 2243 458 2285 η
478 2221 538 2285 μή
559 2224 686 2269 παντὶ
703 2228 765 2288 τῷ
786 2227 831 2268 Γ
842 2222 1068 2306 ὑπάρχειν.
1097 2226 1228 2268 τοῦτο
1257 2220 1295 2267 δ’
1315 2220 1533 2267 ἀδύνατον
1551 2247 1617 2254 -
1637 2220 1742 2265 ἔστω

321 2288 403 2351 γὰρ
435 2288 601 2351 ἄληθες
628 2291 703 2335 καὶ
733 2287 927 2350 φανερὸν
958 2287 1023 2334 ὅτι
1052 2289 1178 2334 παντὶ
1196 2285 1383 2347 ὑπάρχει
1401 2290 1461 2348 τῷ
1482 2283 1589 2331 Γτὸ
1613 2288 1651 2330 Α
1675 2312 1741 2320 ·-—

273 2373 307 2401 15
323 2354 423 2402 ωστ’
445 2357 483 2402 εἰ
498 2360 630 2402 τοῦτο
648 2359 830 2412 ψεῦδος,
858 2354 1026 2417 ἀνάγκη
1044 2352 1096 2401 τὸ
1118 2358 1167 2400 A
1174 2355 1256 2400 τινὶ
1273 2371 1333 2398 τω
1358 2356 1396 2398 Β
1415 2350 1638 2411 υπάρχειν.
1670 2348 1743 2397 ἐὰν

322 2423 370 2469 δε
403 2419 518 2482 πρὸς
543 2439 602 2467 τω
631 2427 669 2468 A
695 2426 853 2484 ληφθῇ
880 2420 909 2484 ἡ
944 2421 1065 2480 ἑτέρα
1085 2419 1305 2481 πρότασις,
1335 2416 1423 2464 οὐκ
1443 2418 1559 2463 εσται
1578 2419 1741 2462 συλλο-

319 2487 487 2549 γισμός.
532 2469 630 2534 ουδ’
665 2486 770 2534 ὅταν
799 2486 850 2534 τὸ
886 2488 1077 2533 ἐναντίον
1099 2490 1165 2568 τῷ
1181 2483 1505 2566 συμπεράσματι
1527 2481 1739 2541 ὑποτεθῇ,

321 2551 417 2601 οἷον
438 2551 489 2600 τὸ
507 2555 591 2600 τινὶ
609 2551 669 2616 μή
689 2552 911 2614 ὑπάρχειν.
943 2533 1145 2614 φανερὸν
1157 2569 1243 2598 ουν
1273 2548 1338 2597 ὅτι
1367 2547 1418 2596 τὸ
1450 2548 1738 2609 ἀντικείμενον

410 2667 455 2700 28
471 2662 680 2710 Ρτῆοιῃπ.
705 2685 749 2692 -
774 2668 816 2701 39
835 2664 1173 2723 τῷβπαντὶτὸΒ.

323 2711 500 2797 con-(332
520 2712 571 2745 alt
584 2710 650 2756 μὲν
669 2723 723 2745 om
745 2712 780 2746 G.
803 2729 850 2737 —
863 2701 893 2746 5
909 2709 1009 2746 ἔσται
1028 2711 1065 2744 C.
1089 2729 1133 2736 —
1157 2706 1420 2744 120t15vn3vn.
1450 2726 1490 2733 -
1517 2703 1741 2750 16τὸΑ,τῷ
