1884 3100
636 209 1020 244 ΚΑΤΗΓΟΡΙΑΙ.
1506 207 1561 247 93

112 313 309 373 συνεχῶν
327 308 438 356 ἐστί·
468 307 606 357 τόπον
632 308 719 372 γάρ
754 325 852 356 τινα
879 307 934 355 τά
960 311 1048 356 τοῦ
1085 306 1287 368 σώματος
1313 307 1447 368 μόρια
1475 325 1558 353 κα-

112 379 237 440 τέχει,
259 375 287 424 ἃ
307 376 420 439 πρός
437 394 534 423 τινα
556 375 709 424 κοινὸν
721 373 830 437 ὅρον
848 375 1085 423 συνάπτει·
1120 373 1296 423 οὐκοῦν
1305 375 1380 421 καὶ
1398 371 1452 420 τὰ
1471 378 1556 421 τοῦ
1572 391 1607 418 10

112 446 260 493 τόπου
279 444 437 507 μόρια,
480 443 509 491 ἃ
527 444 693 506 κατέχει
712 443 894 490 ἕκαστον
915 447 1007 490 τῶν
1025 447 1111 490 τοῦ
1144 441 1346 503 σώματος
1377 442 1558 502 μορίων,

112 512 226 575 πρὸς
246 511 324 560 τὸν
357 509 496 560 αὐτὸν
515 509 627 573 ὅρον
645 510 855 558 συνάπτει
883 509 998 572 πρὸς
1027 508 1081 558 ὃν
1107 512 1184 557 καὶ
1215 508 1270 557 τά
1302 514 1388 557 τοῦ
1406 508 1559 570 σώμα-

113 599 189 638 τος
217 579 365 641 μόρια.
433 576 542 626 ὥστε
570 577 762 641 συνεχὴς
791 575 848 624 άν
875 580 944 642 εἴη
972 579 1047 625 καὶ
1077 576 1103 625 ὁ
1135 578 1296 636 τόπος·
1328 574 1443 639 πρὸς
1472 574 1558 639 γάρ

112 648 187 696 ἕνα
210 644 365 694 κοινὸν
385 643 492 706 ὅρον
511 645 655 694 αὐτοῦ
676 645 731 692 τὰ
760 644 897 707 μόρια
917 646 1142 693 συνάπτει.

234 712 334 760 ’Έτι
374 714 422 760 δὲ
461 712 516 760 τά
552 715 630 775 μὲν
661 714 707 760 ἐκ
734 714 865 760 θέσιν
901 713 1090 775 ἐχόντων
1124 710 1242 771 πρὸς
1273 709 1444 775 ἄλληλα
1469 713 1558 758 τῶν
1574 721 1608 748 15

113 781 159 828 ἐν
176 778 330 839 αὐτοῖς
348 781 514 843 μορίων
531 782 798 844 συνέστηκε,
832 779 886 827 τά
921 782 969 828 δὲ
998 779 1088 828 οὐκ
1123 779 1171 836 ἐξ
1195 778 1386 841 ἐχόντων
1413 779 1557 836 θέσιν,

112 846 208 895 οἷον
244 847 298 895 τὰ
326 849 405 909 μὲν
432 853 515 912 τῆς
548 853 749 912 γραμμῆς
777 847 914 911 μόρια
937 849 1068 896 θέσιν
1107 845 1333 909 ἔχει’πρός
1362 844 1558 910 ἄλληλα·

112 917 295 963 ἕκαστον
314 914 397 978 γὰρ
419 916 568 964 αὐτῶν
588 918 726 964 κεῖταί
740 931 854 974 που,
888 918 962 963 καὶ
996 917 1110 978 ἔχοις
1145 913 1200 962 ἄν
1230 918 1452 976 διαλαβεῖν
1482 914 1560 959 καὶ

113 982 364 1031 άποδοῦναι
393 978 452 1031 οὗ
479 984 663 1031 ἕκαστον
689 989 824 1031 κεῖται
858 984 904 1030 ἐν
922 987 984 1050 τῷ
1006 983 1195 1048 ἐπιπέδῳ
1216 984 1291 1029 καὶ
1321 979 1440 1044 πρὸς
1457 986 1559 1028 ποῖ-

112 1068 166 1098 ον
201 1050 362 1112 μόριον
404 1056 492 1098 τῶν
524 1055 691 1098 λοιπῶν
732 1050 958 1098 συνάπτει.
1037 1049 1252 1108 ὡσαύτως
1296 1050 1344 1096 δὲ
1386 1049 1462 1095 καὶ
1503 1046 1557 1095 τά
1573 1059 1610 1087 2⁰

111 1122 196 1165 τοῦ
214 1118 427 1165 ἐπιπέδου
444 1118 577 1179 μόρια
593 1119 723 1165 θέσιν
743 1119 825 1178 ἔχει
845 1118 965 1165 τινά·
1009 1116 1173 1178 ὁμοίως
1201 1115 1285 1180 γάρ
1307 1114 1362 1164 ἂν
1389 1114 1560 1163 ἄποδο-

112 1186 218 1249 θείη
244 1186 428 1233 ἕκαστον
456 1179 516 1233 οὗ
542 1191 700 1243 κεῖται,
744 1187 820 1231 καὶ
849 1190 957 1232 ποῖα
986 1185 1199 1231 συνάπτει
1228 1182 1347 1245 πρὸς
1375 1181 1558 1246 ἄλληλα.

113 1254 190 1300 καὶ
209 1250 264 1299 τὰ
283 1256 367 1300 τοῦ
385 1257 568 1314 στερεοῦ
588 1254 635 1300 δὲ
655 1251 883 1309 ὡσαύτως,
903 1253 979 1298 καὶ
995 1250 1049 1298 τὰ
1059 1256 1143 1299 τοῦ
1162 1250 1319 1298 τόπου.
1355 1251 1426 1297 ἐπὶ
1445 1251 1495 1297 δέ
1513 1269 1561 1312 γε

113 1324 200 1368 τοῦ
219 1318 421 1383 ἀριθμοῦ
441 1319 529 1368 οὐκ
549 1318 604 1368 ἂν
635 1321 725 1382 ἔχοι
753 1338 819 1378 τις
841 1317 1046 1376 ἐπιδεῖξαι
1073 1318 1133 1377 ὥς
1165 1316 1217 1366 τά
1252 1317 1390 1380 μόρια
1415 1316 1562 1365 αὐτοῦ

114 1388 245 1435 θέσιν
286 1386 382 1435 τινὰ
419 1389 502 1450 ἔχει
540 1386 658 1450 πρὸς
695 1386 867 1452 ἄλληλα
897 1384 931 1451 ἢ
969 1388 1108 1435 κεῖταί
1143 1402 1260 1444 που,
1305 1383 1336 1450 ἢ
1372 1385 1480 1432 ποῖά
1514 1403 1560 1448 γε
1576 1398 1612 1427 2⁵

114 1453 231 1517 πρὸς
250 1453 422 1519 ἄλληλα
443 1455 654 1504 συνάπτει
675 1459 763 1502 τῶν
800 1456 979 1517 μορίων.
1050 1453 1158 1502 οὐδὲ
1185 1453 1239 1502 τά
1268 1457 1355 1500 τοῦ
1376 1452 1559 1514 χρόνου·

116 1521 328 1583 ὑπομένει
348 1522 432 1586 γὰρ
451 1523 590 1571 οὐδὲν
607 1527 696 1570 τῶν
715 1527 802 1570 τοῦ
824 1522 996 1585 χρόνου
1011 1524 1179 1584 μορίων
1193 1541 1202 1550 ·
1240 1518 1268 1568 ὃ
1291 1522 1339 1568 δὲ
1360 1520 1423 1584 μή
1446 1522 1563 1568 ἐστιν

113 1588 361 1651 ὑπομένον,
405 1596 502 1649 πῶς
535 1589 590 1639 ἄν
615 1595 752 1638 τοῦτο
795 1592 927 1638 θέσιν
956 1589 1053 1638 τινὰ
1085 1591 1200 1652 ἔχοι,·
1253 1586 1366 1635 ἄλλά
1394 1592 1564 1650 μᾶλλον

113 1656 234 1714 τάξιν
268 1656 365 1706 τινὰ
402 1660 543 1717 εἴποις
571 1655 628 1706 ἄν
654 1659 763 1720 ἔχειν
798 1663 861 1724 τῷ
888 1656 942 1705 τὸ
978 1659 1058 1719 μὲν
1086 1658 1306 1720 πρότερον
1337 1653 1449 1704 εἶναι
1478 1659 1564 1703 τοῦ

113 1725 285 1787 χρόνου
303 1724 356 1773 τὸ
381 1724 421 1772 δ’
444 1725 644 1788 ὕστερον.
688 1727 764 1772 καὶ
785 1726 855 1772 ἐπὶ
872 1729 957 1772 τοῦ
978 1724 1182 1786 ἀριθμοῦ
1202 1726 1250 1772 δὲ
1268 1722 1480 1781 ὡσαύτως
1500 1727 1564 1789 τῷ
1578 1741 1613 1770 so

115 1791 168 1839 τὸ
187 1793 236 1840 ’ἓν
266 1792 490 1854 πρότερον
517 1793 812 1854 άριθμεΐσθαι
839 1797 927 1840 τῶν
955 1793 1042 1840 δύο
1071 1790 1231 1839 καὶτὰ
1260 1790 1347 1838 δύο
1367 1795 1455 1838 τῶν
1468 1809 1563 1852 τρι-

117 1863 202 1907 ὦν·
250 1861 326 1906 καὶ
362 1858 483 1907 οὕτω
509 1859 632 1916 τάξιν
661 1858 759 1907 τινά
792 1856 848 1906 ἄν
871 1860 983 1920 ἔχοι,
1017 1860 1150 1907 θέσιν
1173 1860 1222 1906 δὲ
1253 1856 1314 1905 οὐ
1338 1857 1461 1908 πάνυ
1479 1857 1562 1904 λά-

114 1931 212 1988 βοις
248 1925 314 1974 ἄν.
380 1929 456 1974 καὶ
487 1926 514 1974 ὁ
548 1927 687 1989 λόγος
714 1928 762 1973 δὲ
791 1925 1026 1984 ὡσαύτως·
1074 1926 1210 1974 οὐδὲν
1237 1923 1322 1987 γὰρ
1349 1923 1564 1986 ’ὑπομένει

115 1998 204 2042 τῶν
222 1994 390 2056 μορίων
408 1993 576 2052 αὐτοῦ,
612 1992 709 2040 ἀλλ’
729 1995 898 2058 εἴρηταί
917 2011 961 2040 τε
991 1996 1067 2041 καὶ
1090 1993 1177 2042 οὐκ
1196 1994 1313 2040 ἔστιν
1338 1993 1398 2039 ἔτι
1427 1997 1563 2040 τοῦτο

116 2066 278 2123 λαβεῖν,
298 2059 407 2109 ὥστε
428 2060 516 2109 οὐκ
534 2059 591 2109 ἄν
614 2063 682 2125 εἴη
698 2061 826 2119 θέσις
843 2065 934 2108 τῶν
953 2063 1119 2123 μορίων
1141 2059 1301 2118 αὐτοῦ,
1320 2061 1406 2122 εἴγε
1427 2061 1564 2124 μηδὲν
1578 2074 1612 2102 ³⁵

115 2128 339 2191 ὑπομένει.
404 2127 460 2176 τὰ
488 2130 567 2191 μὲν
594 2123 682 2176 οὖν
710 2129 758 2175 ἐκ
789 2129 917 2176 θέσιν
948 2129 1138 2190 ἐχόντων
1155 2133 1247 2177 τῶν
1264 2129 1432 2190 μορίων
1452 2141 1564 2176 συν-

118 2197 295 2261 έστηκε,
327 2194 381 2242 τά
407 2198 455 2244 δὲ
472 2195 559 2244 οὐκ
577 2195 624 2252 ἐξ
644 2195 830 2258 ἐχόντων
845 2197 990 2244 θέσιν.

254 2263 439 2326 Κυρίως
478 2265 527 2311 δὲ
566 2262 687 2311 ποσὰ
723 2267 866 2311 ταῦτα
902 2263 1017 2326 μόνα
1054 2262 1224 2324 λέγεται
1252 2259 1307 2308 τὰ
1348 2260 1566 2325 εἰρημένα,

213 2451 255 2484 10
269 2451 339 2486 τοῦ
355 2463 398 2494 pr
419 2462 476 2484 om
491 2451 525 2484 d·
551 2466 597 2476 --
622 2452 664 2486 13
684 2449 831 2495 συνεχὲς
857 2452 943 2485 Chre.
969 2470 1012 2476 -—
1047 2451 1088 2486 14
1108 2447 1173 2485 ἕνα
1194 2462 1248 2483 om
1266 2460 1295 2482 e.
1325 2468 1365 2474 —
1390 2445 1569 2484 συνάπτει

119 2494 169 2531 τὰ
185 2493 298 2541 μόρια
319 2497 379 2530 Ch.
403 2514 450 2520 --
476 2497 518 2529 15
539 2494 581 2530 δὲ
600 2509 656 2529 om
672 2499 772 2542 nfge.
788 2515 836 2523 —-
858 2496 976 2532 δὲκαὶ
992 2494 1040 2532 τὰ
1053 2497 1113 2530 Ch.
1138 2514 1184 2521 —
1213 2496 1252 2528 16
1268 2492 1398 2533 αὐτοῖς
1411 2494 1510 2527 deun.
1522 2512 1568 2520 —

122 2539 160 2584 ἐξ
183 2537 252 2576 ov’n
274 2543 361 2587 Cgu,
381 2553 462 2575 corr
479 2541 513 2574 d.
538 2561 585 2567 —-
618 2543 659 2575 17
679 2541 755 2586 ἔχοι
773 2543 848 2586 ΑΒ,
871 2555 914 2586 pr
934 2544 996 2576 Ch.
1022 2561 1064 2566 —
1100 2542 1143 2576 18
1167 2540 1244 2583 ἔχοι
1260 2536 1307 2572 ἄν
1323 2540 1451 2583 λαβεῖν
1468 2551 1498 2574 e.
1521 2557 1568 2566 -

123 2589 166 2623 19
183 2586 262 2622 ποῦ
279 2599 318 2632 g.
343 2605 391 2614 —
428 2588 470 2620 21
491 2582 538 2620 ἄν
554 2599 609 2620 orn
633 2587 667 2620 d.
694 2607 737 2612 —
779 2585 934 2622 ἕκαστον
966 2585 1077 2621 ἄποὸ.
1100 2597 1128 2619 e.
1154 2605 1197 2609 —
1239 2586 1284 2617 23
1302 2585 1352 2617 alt
1379 2585 1448 2619 τοῦ
1474 2597 1513 2618 rc
1531 2585 1568 2628 h,

122 2643 178 2665 om
202 2632 238 2665 d.
264 2651 307 2657 —-
344 2630 386 2666 δέ
409 2643 451 2687 2¹⁸
474 2644 552 2665 corr
568 2645 602 2665 τι.
628 2651 673 2658 -
706 2633 750 2666 26
769 2631 836 2674 τά]
865 2645 905 2676 γε
929 2631 976 2667 τὰ
995 2644 1024 2665 e.
1049 2650 1096 2656 —
1129 2630 1174 2663 28
1196 2627 1281 2664 τινὰ
1305 2637 1387 2673 post
1408 2628 1484 2674 ἔχοι
1504 2631 1567 2672 Ch,

124 2689 182 2709 om
201 2688 232 2711 e.
254 2695 302 2704 —
332 2673 441 2721 ἄλλα]
472 2678 550 2712 τῶν
571 2677 712 2723 μορίων
734 2675 826 2712 ἀλλὰ
842 2690 895 2711 en.
919 2698 964 2703 —
1000 2678 1045 2710 30
1066 2674 1126 2710 ἐπὶ
1151 2687 1209 2708 om
1232 2686 1261 2708 e.
1285 2692 1331 2701 —
1354 2675 1566 2722 τῷ...τὼ”ν]

124 2719 166 2755 τὸ
181 2721 364 2769 πρότερον
381 2720 591 2804 ἐριθμῆσαι
607 2721 799 2803 τὲὶὲὲνδτῶν
817 2735 846 2757 e.
871 2741 917 2748 —
948 2719 1054 2801 813-Σὸ
1065 2718 1115 2801 ἔτι·
1129 2720 1305 2802 ειιιιὲἶθτὲἶν
1318 2732 1353 2754 n.
1378 2739 1422 2746 —
1453 2722 1499 2755 32
1519 2718 1568 2755 ἄν

124 2777 209 2800 τινα
232 2777 284 2801 en.
308 2786 355 2795 —
506 2794 514 2803 .
538 2787 581 2795 -
874 2793 882 2801 .
907 2786 954 2791 —
1416 2777 1448 2798 m
1487 2789 1496 2798 .
1525 2785 1568 2792 —-

126 2811 170 2845 36
186 2810 379 2858 συνέστηκε
401 2780 477 2850 τιάῒΙν
486 2780 630 2861 ιἕιορίσον
648 2825 701 2849 cn.
724 2780 838 2848 [⁰¹37
854 2779 893 2855 ἕξ
905 2810 973 2848 οὐκ
1000 2777 1177 2847 ΟΘΙιιι.ι’ἑ-’
1188 2777 1379 2847 fflvz‘itnae’z
1392 2777 1494 2847 26⁶2
1513 2813 1566 2854 nf-
