1760 3112
232 173 284 210 24
556 172 619 206 De
654 171 900 205 codicibus
930 169 1117 214 graecis
1149 170 1327 216 Organi.

322 268 538 303 Riecard.
563 269 711 302 chart.
736 267 821 302 fol.
844 266 917 301 102
959 266 1146 301 Orationes
1175 267 1350 310 quaedam
1379 267 1509 302 Leonis
1530 268 1648 310 Impe-

233 323 363 357 ratoris
385 334 452 357 scr.
485 335 576 358 anno
607 320 730 370 ,αφπέ
754 322 777 355 i.
803 334 834 356 e.
858 321 968 363 1585,
1004 322 1223 355 Litterarum
1252 323 1503 356 commercium
1534 324 1650 359 Marci

233 379 384 423 Ephesii
406 383 441 414 et
465 373 633 424 Gregorii
654 377 901 423 Protosyngeli
920 376 1147 420 (Scholarii),
1171 377 1362 412 Alexandri
1382 378 1559 412 Tralliani
1572 391 1651 413 me-

234 434 373 477 dicina,
414 434 580 479 Gregorii
611 433 836 477 Acropolitae
866 432 1018 466 historia
1047 431 1218 476 incipiens
1241 434 1286 466 ab
1310 433 1436 468 Alexio
1461 435 1651 478 Comneno,

234 490 395 523 desinens
418 490 454 523 in
476 490 587 522 Mich.
612 490 844 533 Palaeologo.
887 488 966 521 Fol.
982 487 1048 521 295
1070 486 1296 534 μετάφρασις
1312 489 1379 522 τοῦ
1401 487 1574 534 δευτέρου
1597 492 1651 536 βι-

233 546 338 590 βλίου
363 546 428 588 τῆς
464 543 719 587 ἀποδεικτικῆς
746 542 995 590 πραγματείας
1025 539 1110 587 ἦτοι
1142 543 1216 577 τῶν
1238 540 1399 589 ὑστέρων
1423 540 1652 581 ἀναλυτικῶν

234 597 504 645 Ἀριστοτέλους.
559 600 633 632 lnc-
669 598 866 645 Διαλαβών
901 596 921 633 ὅ
945 597 1182 644 Ἀριστοτέλης
1211 597 1251 632 ἐν
1281 599 1332 645 τῷ
1364 599 1495 645 πρώτῳ
1526 601 1652 647 βιβλίῳ

233 656 300 700 τῆς
330 654 588 698 ἀποδεικτικῆς
617 654 701 700 περὶ
738 655 996 690 ἀποδεικτικοῦ
1028 654 1267 697 συλλογισμοῦ
1299 654 1360 689 καὶ
1398 651 1655 701 ἀποδεικτικῆς

234 708 446 754 ἐπιστήμης.
496 710 633 744 Deinde
668 710 800 755 fragm.
835 710 919 744 libri
950 711 994 744 de
1026 710 1113 758 intp2
1154 710 1320 754 bombyc.
1373 710 1443 744 4to.
1485 712 1530 745 15
1555 713 1579 746 b
1609 712 1653 746 16

236 763 564 810 ὁμοίων-2θὺ30
586 766 722 800 desunt.
769 766 971 809 Sequuntur
992 765 1209 809 astrologica
1231 766 1406 809 quaedam
1431 770 1465 800 et
1487 771 1655 812 excerpta

235 833 277 855 ex
300 820 490 855 Pausania.
552 821 695 855 Initium
725 820 964 865 metaphrasis
1001 820 1098 854 illius
1126 821 1272 863 (eadem
1303 822 1418 855 inesse
1447 823 1588 856 videtur
1617 824 1654 857 in

235 877 342 910 Coisl.
364 876 453 918 158,
476 876 511 910 in
536 877 637 910 cuius
661 888 778 922 marg.
802 877 875 910 alia
899 876 1074 920 quaedam
1098 875 1238 908 scholia
1259 877 1446 920 leguntur:
1469 877 1505 910 in
1529 879 1655 912 eadem

234 932 314 966 XlV
337 932 454 976 capita
477 931 511 964 in
533 935 681 976 utroque
705 933 782 965 cod.
802 931 918 965 divisa
941 931 1010 973 est)
1033 931 1138 973 plane
1162 930 1327 964 convenit
1351 943 1431 965 cum
1454 933 1566 966 schol.
1588 932 1656 966 240

236 987 361 1020 839-
376 987 421 1020 47
440 985 547 1030 ἐστιν,
569 988 633 1020 sed
658 998 749 1030 quae
773 989 964 1030 sequuntur
985 985 1160 1019 differunt.
1205 986 1286 1020 Alia
1305 991 1502 1032 congruunt
1515 989 1655 1022 omnino

237 1053 319 1074 cum
341 1041 385 1075 iis
408 1053 498 1085 quae
528 1043 640 1075 habet
670 1042 809 1075 Theod.
843 1042 1057 1074 Prodromus
1092 1041 1348 1085 (metaphrasis
1381 1053 1487 1085 quam
1516 1044 1658 1087 scripsit

236 1096 376 1131 initium
398 1109 434 1130 v.
457 1097 493 1130 in
517 1098 629 1130 schol.
655 1095 720 1130 241
736 1097 823 1139 al),
854 1096 927 1130 alia
960 1096 1089 1130 iisdem
1118 1096 1238 1130 verbis
1260 1107 1316 1140 ap.
1343 1097 1581 1141 Philoponum
1604 1101 1658 1133 le—

237 1155 378 1197 guntur,
406 1163 437 1185 e.
461 1164 498 1197 g.
522 1153 635 1186 schol.
659 1151 936 1194 24⁰a21-28,
969 1151 1042 1186 alia
1065 1151 1217 1195 denique
1239 1151 1276 1185 in
1301 1153 1412 1187 schol.
1436 1164 1554 1198 marg.
1579 1156 1656 1188 cod.

236 1207 353 1240 Paris.
379 1206 469 1240 1917
493 1210 690 1241 occurrunt.
775 1250 777 1252 q

328 1262 473 1296 Paris.
499 1263 610 1308 Reg.
636 1261 758 1295 1917.
807 1263 861 1296 De
884 1262 1077 1306 Philoponi
1099 1263 1133 1296 in
1157 1263 1219 1296 lib.
1243 1263 1261 1296 1
1284 1264 1385 1298 Anal.
1409 1266 1504 1299 Post.
1529 1277 1657 1300 comm.

236 1328 271 1352 v.
299 1318 452 1351 Brandis
474 1318 593 1352 Abhh.
617 1319 681 1351 der
703 1318 801 1351 Berl.
824 1318 936 1351 Akad.
960 1317 1060 1352 1833.
1099 1317 1191 1351 Hist.
1207 1337 1224 1343 -
1237 1318 1325 1361 phil.
1347 1320 1407 1353 Kl.
1434 1333 1468 1364 p.
1491 1321 1561 1355 293
1582 1333 1658 1366 sqq.

235 1373 276 1405 In
299 1376 419 1406 nostro
444 1373 522 1405 cod.
544 1372 625 1406 inde
650 1383 673 1406 a
694 1373 756 1406 fol.
772 1371 840 1405 257
854 1373 924 1405 duo
950 1373 1195 1407 commentarii
1217 1375 1382 1418 leguntur
1404 1375 1484 1409 libri
1504 1377 1539 1411 11
1555 1377 1658 1412 Anal.

237 1431 351 1471 post,
382 1439 533 1471 quorum
555 1428 654 1471 prior
676 1427 877 1471 Philopono
900 1427 1078 1469 tribuitur,
1101 1440 1135 1462 v.
1159 1427 1311 1462 Brandis
1333 1429 1383 1462 ib.
1407 1442 1442 1473 p.
1458 1430 1537 1464 296.
1581 1432 1659 1466 Non

237 1486 335 1516 recte
357 1483 428 1516 hoc
455 1483 591 1517 factum
610 1494 686 1516 esse
703 1482 783 1515 inde
800 1486 907 1526 patet,
930 1483 1025 1526 quod
1043 1484 1147 1526 plura
1163 1494 1255 1526 quae
1272 1494 1328 1527 ap.
1344 1485 1499 1529 Philop„
1517 1489 1659 1530 qualem

237 1538 334 1582 typis
351 1538 565 1582 exscriptum
579 1538 769 1580 habemus,
791 1539 957 1582 leguntur
973 1541 1095 1581 aperte
1111 1542 1314 1583 repugnant
1335 1539 1390 1582 iis,
1415 1547 1507 1583 quae
1529 1541 1564 1574 in
1589 1543 1660 1576 hoe

239 1595 496 1630 commentario
521 1595 710 1636 habentur,
737 1605 768 1627 e.
799 1605 835 1638 g.
852 1593 886 1626 in
906 1593 1027 1626 codice
1045 1593 1175 1626 dicitur
1199 1593 1333 1634 σκοπὸς
1355 1595 1406 1640 τῷ
1428 1597 1553 1642 βιβλίῳ
1578 1598 1661 1644 περὶ

238 1648 393 1694 ὁρισμοῦ
414 1650 527 1694 (quod
542 1650 741 1683 Alexandro
758 1648 875 1682 visum
889 1651 952 1690 est,
971 1660 1006 1682 v.
1022 1649 1136 1681 schol.
1152 1647 1311 1692 240b2)‚
1335 1651 1554 1695 Philoponus
1573 1664 1660 1687 vero

239 1709 363 1748 aperte
381 1704 587 1739 contradicit
605 1703 699 1738 κατὰ
718 1701 946 1748 συμβεβηκὸς
969 1701 1132 1737 διδάσκει
1155 1703 1238 1748 περὶ
1266 1700 1356 1749 ὅρου
1380 1707 1434 1749 (v.
1461 1707 1574 1741 schol.
1594 1707 1662 1742 24⁰

239 1770 263 1793 a
279 1760 322 1794 15
343 1761 450 1804 sqq.).
495 1762 599 1793 Haec
634 1759 774 1793 scholia
805 1759 932 1792 eadem
962 1761 1042 1792 sunt
1074 1769 1166 1801 quae
1190 1759 1245 1792 ed.
1270 1760 1348 1793 Ald.
1373 1761 1457 1794 Ven.
1482 1760 1571 1795 1534
1594 1763 1659 1797 fol.

240 1815 316 1848 sine
339 1815 492 1849 auctoris
515 1815 674 1857 nomine,
698 1814 748 1848 ita
770 1818 911 1856 tamen,
945 1816 984 1847 ut
1006 1813 1042 1846 in
1064 1817 1185 1847 nostro
1210 1814 1332 1848 codice
1354 1817 1574 1859 prooemium
1598 1819 1663 1851 ad-

240 1870 352 1904 ditum
383 1871 448 1911 sit,
479 1871 573 1915 quod
603 1871 637 1904 in
674 1871 729 1904 ed.
754 1869 882 1903 Aldina
915 1869 1085 1902 omissum
1116 1872 1169 1903 est
1191 1870 1321 1913 (schol.
1346 1869 1413 1903 240
1432 1871 1455 1903 b
1475 1870 1660 1916 24—48).

240 1925 340 1958 Alter
361 1927 633 1960 commentarius
663 1928 797 1958 constat
827 1924 974 1958 scholiis
1002 1924 1157 1967 undique
1181 1925 1348 1959 collectis.
1394 1925 1545 1970 Singula
1567 1928 1662 1962 enim

241 1980 383 2024 saepius
414 1981 504 2014 inter
535 1993 574 2015 se
605 1984 782 2025 pugnant,
812 1982 851 2012 ut
885 1979 954 2012 duo
988 1977 1130 2012 diversa
1162 1980 1299 2016 scholia
1327 1980 1364 2013 in
1398 1983 1546 2015 eundem
1580 1983 1663 2017 Ari-

241 2035 377 2069 stotelis
414 2037 534 2070 locum
577 2038 782 2069 occurrant:
838 2034 945 2067 modo
986 2033 1184 2078 copiosiora
1224 2038 1303 2069 sunt
1346 2037 1452 2070 modo
1488 2038 1661 2082 tenuiora,

242 2091 387 2135 saepius
416 2092 576 2125 ordinem
607 2102 676 2124 non
711 2089 942 2124 servaverunt
972 2089 1008 2123 in
1037 2089 1271 2133 explicatione
1286 2115 1295 2131 ,
1336 2102 1443 2134 quem
1465 2080 1663 2127 Aristotelis

241 2147 355 2180 verba
386 2147 686 2190 praescribebant.
737 2146 816 2179 Fol.
841 2144 908 2178 259
942 2145 1056 2178 schol.
1087 2145 1295 2188 inscriptum
1328 2149 1382 2179 est
1413 2148 1556 2188 νικαίας
1584 2148 1607 2182 i.
1631 2160 1662 2182 e.
1705 2181 1708 2185 ,

240 2200 511 2248 μητροπολίτου
535 2202 709 2242 Νικαίας,
734 2200 915 2242 Eustratii‚
937 2211 960 2243 a
982 2211 1051 2250 quo
1076 2201 1180 2243 plura
1203 2194 1368 2245 profecta
1387 2202 1548 2236 videntur
1571 2212 1663 2247 quae

240 2259 276 2292 in
298 2269 422 2304 .marg.
449 2257 692 2298 inveniuntur,
733 2269 753 2290 e
796 2268 832 2300 g.
868 2257 1036 2300 leguntur
1070 2255 1134 2297 fol.
1157 2255 1225 2289 315
1262 2267 1379 2301 marg.
1415 2258 1541 2291 eadem
1569 2269 1662 2301 quae

242 2315 355 2347 schol.
379 2311 542 2356 248b41‚
565 2313 628 2346 sed
649 2314 702 2346 v's.
718 2310 763 2344 42
788 2309 940 2354 ἐκλέγειν
957 2322 1021 2354 pro
1041 2308 1228 2353 διαλέγειν.
1273 2311 1431 2355 Denique
1448 2313 1541 2346 haec
1554 2313 1663 2346 scho—

241 2370 293 2403 lia
314 2369 468 2412 undique
491 2368 687 2411 conquisita
711 2378 787 2400 esse
820 2366 928 2400 etiam
950 2366 1033 2400 inde
1057 2369 1174 2410 patet,
1209 2366 1305 2409 quod
1326 2366 1390 2399 fol.
1413 2366 1480 2400 311
1505 2378 1527 2401 a
1550 2369 1597 2401 ad
1618 2367 1663 2402 97

244 2436 266 2458 a
287 2425 309 2458 8
332 2436 440 2457 unum
463 2435 584 2457 eorum
608 2423 660 2456 sie
683 2422 828 2456 desinit:
853 2420 894 2455 τὸ
920 2419 1083 2465 σόφισμα
1105 2422 1175 2456 τοῦ
1199 2422 1440 2456 Σπευσίππου
1465 2419 1561 2458 οὕτω
1585 2435 1664 2463 πως

242 2480 453 2525 προβαίνει;
502 2490 615 2522 neque
648 2482 766 2512 tamen
797 2477 984 2521 exponitur
1016 2477 1190 2520 quomodo
1222 2478 1409 2520 procedat,
1443 2479 1508 2512 sed
1542 2478 1664 2512 statim

244 2536 291 2568 ad
327 2534 437 2567 aliam
468 2546 546 2567 rem
578 2534 614 2568 in
644 2533 853 2578 explicando
888 2532 1060 2577 pergitur.
1115 2533 1195 2566 Fol.
1225 2531 1292 2565 273
1321 2532 1444 2576 incipit
1482 2543 1663 2566 commcn-

245 2590 356 2623 tarius
380 2600 402 2622 a
425 2590 618 2623 Theodoro
643 2590 837 2623 Prodromo
860 2588 895 2621 in
920 2588 1073 2621 cundem
1094 2588 1228 2621 librum
1252 2587 1487 2631 compositus,
1519 2587 1576 2621 eui
1600 2598 1661 2620 eo-

246 2646 328 2678 dem
363 2645 468 2678 modo
498 2655 540 2678 ac
584 2644 692 2688 priori
726 2644 980 2678 commentario
1013 2642 1150 2677 scholia
1184 2642 1322 2676 adiecta
1357 2646 1439 2676 sunt
1465 2642 1500 2675 in
1541 2653 1660 2686 marg.

245 2701 299 2734 Eo
323 2699 547 2744 potissimum
570 2700 718 2734 consilio
742 2701 892 2733 collecta
916 2709 992 2732 esse
1015 2698 1199 2738 videntur,
1231 2700 1269 2731 ut
1301 2698 1464 2732 diversae
1487 2697 1660 2740 interpre-

245 2762 319 2790 tum
344 2755 523 2799 opiniones
548 2759 581 2788 et
614 2755 880 2799 explanationes
911 2766 952 2789 ex
983 2754 1132 2788 adverso
1163 2753 1300 2797 positae
1330 2753 1437 2788 facile
1462 2751 1663 2797 comparari
