1780 3100
205 199 287 239 426
724 205 969 249 Analytica
1002 204 1171 249 priora.

258 310 350 339 esse
377 301 458 340 τοῦ
486 297 725 351 ἐνδέχεσθαι
752 299 954 351 apparet’'.
1022 302 1135 350 Quod
1162 302 1218 340 ita
1254 315 1347 341 esse
1373 303 1413 342 in
1441 303 1682 354 coniugatio-

258 362 370 402 nibus
405 364 686 414 propositionis
723 363 956 402 affirmantis
996 377 1083 403 cum
1121 369 1288 415 negante
1323 366 1490 405 vidimus
1527 368 1681 406 36³2st

258 425 386 465 Nemo
408 431 517 463 certe
539 426 737 474 haereret,
765 427 797 464 si
827 428 942 465 verba
970 424 1042 466 καὶ
1067 426 1149 478 γὰρ
1176 440 1233 465 vs.
1253 430 1303 466 21
1416 431 1467 467 22
1494 428 1684 481 σημαίνει

261 490 451 528 collocata
480 493 614 526 essent
641 496 732 538 post
760 486 1032 541 ἐνδεχόμενον
1059 504 1116 531 vs.
1137 493 1209 528 23:
1238 503 1324 529 nam
1343 492 1431 529 istis
1455 494 1582 531 verbi·
1608 505 1683 530 non

260 552 482 589 continetur
510 563 628 589 causa
655 565 788 590 eornm
818 566 916 602 quae
942 559 1254 604 praecesserunt,
1291 555 1359 592 sed
1389 556 1518 605 potius
1547 568 1683 594 eorum

259 626 360 664 quae
389 617 618 662 sequuntur.
685 614 873 654 anbavit
910 618 1123 654 orationem
1152 617 1298 664 ingenii
1337 614 1530 655 celeritas.
1595 618 1682 655 Ari-

256 676 449 719 stoteles,
486 677 659 726 quamvis
701 679 868 716 nondum
906 680 999 717 satis
1038 680 1276 729 expresserit
1315 692 1416 729 quae
1442 680 1682 730 praecedere

260 739 466 787 debebant,
504 740 579 777 iam
619 741 669 778 de
708 741 754 777 iis
795 742 966 791 cogitans
995 755 1095 792 quae
1123 747 1338 791 sequnntur
1365 743 1412 779 ad
1441 743 1513 780 alia
1540 755 1682 793 prope-

257 807 341 841 rat:
378 802 528 839 animus
556 803 659 840 enim
688 809 1000 854 praeoccupatur
1027 805 1065 840 in
1105 805 1233 841 causis
1260 805 1550 853 investigandis,
1589 805 1683 842 dnm

258 877 322 902 res
348 864 445 914 ipsa,
474 864 510 901 iu
540 865 650 902 cuius
677 878 814 902 causas
843 866 1016 914 inquirit,
1043 865 1212 902 nondum
1239 867 1332 903 satis
1367 878 1555 916 expressa
1583 870 1655 903 est.

206 928 352 965 40n30
391 924 626 976 συνέβαινε,
655 940 689 964 ν.
721 927 808 976 syll.
840 927 893 964 lX
926 940 1009 977 cap.
1038 929 1099 973 16,
1140 927 1178 964 in
1217 940 1305 977 quo,
1335 941 1455 978 quum
1483 929 1684 966 conclusio

259 989 382 1027 fuerit
407 991 485 1028 τοῦ
512 986 568 1040 μὴ
596 987 798 1039 ὑπάρχειν
824 987 871 1028 τὸ
902 990 942 1027 A
968 987 1049 1028 τινὶ
1076 989 1134 1043 τῷ
1164 990 1213 1038 Γ,
1242 991 1318 1027 iam
1350 991 1438 1040 quia
1466 991 1684 1040 propositio

260 1052 342 1090 ΒΓ
371 1063 555 1090 conversa
594 1057 676 1099 est,
720 1057 764 1090 ut
800 1053 924 1102 prima
966 1053 1088 1104 figura
1127 1057 1253 1099 exeat,
1297 1052 1333 1091 B
1371 1053 1682 1091 substituendum

258 1116 334 1153 erit
371 1115 409 1152 in
449 1114 575 1152 locum
615 1115 849 1162 terminis,
887 1120 930 1154 ut
969 1116 1166 1154 conclusio
1204 1116 1258 1154 sit
1282 1117 1362 1155 τοῦ
1389 1112 1446 1167 μὴ
1482 1113 1685 1166 ὑπάρχειν

256 1176 306 1217 τὸ
332 1178 373 1216 Α
398 1174 480 1216 τινὶ
505 1177 563 1231 τῷ
592 1178 641 1219 Β.

206 1241 353 1279 40833
381 1238 485 1280 ὅταν
513 1238 558 1280 δὲ
694 1240 977 1291 complectitur
1003 1242 1065 1279 his
1102 1241 1231 1278 verbis
1259 1245 1416 1291 praeter
1444 1240 1683 1278 coniunctio-

258 1315 328 1341 nes
357 1304 519 1342 minoris
547 1304 822 1354 propositionis
851 1305 1026 1353 negantis
1054 1316 1141 1341 cnm
1162 1304 1308 1341 maiore
1325 1303 1545 1341 affirmante
1566 1302 1685 1340 etiam

258 1378 326 1404 eas
354 1379 453 1417 quae
481 1372 685 1416 utramque
712 1372 917 1418 negantem
947 1367 1112 1404 habent:
1148 1367 1252 1404 unde
1288 1370 1413 1416 patet,
1452 1377 1685 1414 quamquam

258 1441 339 1468 non
366 1441 553 1480 expresse
581 1430 689 1478 (lixit,
725 1430 766 1467 ¹in
802 1430 851 1467 iis
879 1442 979 1480 quae
1004 1435 1305 1480 praecesserunt
1342 1441 1418 1466 non
1445 1429 1507 1478 agi
1534 1428 1608 1465 nisi
1636 1427 1686 1465 de

259 1491 311 1529 iis
339 1493 674 1541 coniugationibus
702 1505 801 1542 quae
828 1494 1012 1530 maiorem
1041 1492 1210 1529 habeant
1237 1495 1457 1539 negantem,
1494 1491 1685 1529 minorem

258 1553 534 1592 affirmantem.

214 1617 360 1654 40a37
388 1616 519 1655 invitis
548 1617 748 1655 codicibus
778 1616 1014 1654 servavimus
1043 1615 1249 1653 lectionem
1278 1627 1394 1663 quam
1423 1618 1462 1652 et
1488 1614 1587 1654 Bkk.
1617 1614 1686 1652 de-

260 1679 319 1717 dit
352 1684 391 1717 et
418 1685 496 1717 vet.
524 1680 617 1729 intp.
649 1679 755 1724 (cod.
782 1679 972 1722 Gothan.)
1002 1678 1133 1721 habet,
1161 1689 1396 1726 quamquam
1423 1689 1510 1714 cum
1539 1676 1687 1714 codici-

259 1743 333 1781 bus
362 1746 403 1780 et
428 1741 618 1780 Boethius
648 1742 843 1779 consentit
869 1746 911 1779 et
939 1741 1190 1789 Philoponus,
1233 1744 1278 1777 ut
1304 1751 1352 1776 ex
1381 1738 1539 1776 scholiis
1567 1751 1686 1788 appa-

259 1810 343 1843 ret:
370 1805 629 1855 Philoponum
659 1810 789 1842 autem
818 1804 920 1841 male
945 1804 1183 1841 intellexisse
1211 1803 1317 1840 hunc
1343 1802 1470 1838 locum
1498 1801 1573 1838 iam
1595 1799 1688 1838 inde

259 1871 384 1918 patet,
426 1867 532 1918 quod
561 1868 709 1918 primae
736 1867 885 1915 figurae
913 1866 1181 1915 syllogismum
1211 1865 1321 1910 fecit,
1349 1875 1467 1913 quum
1497 1863 1546 1900 de
1574 1863 1688 1901 tertia

260 1935 410 1980 agatur.
465 1929 616 1966 Tamen
645 1929 816 1966 fortasse
845 1929 923 1965 erit
950 1928 1015 1976 qui
1044 1928 1219 1964 codicum
1250 1926 1454 1963 lectionem
1476 1926 1687 1964 restituen-

259 1994 349 2032 dam
378 1994 503 2042 putet,
531 1993 564 2027 si
593 1992 736 2028 habeat
763 2003 839 2040 qno
868 1989 1100 2039 explicetur.
1156 1988 1204 2040 Sis
1226 1989 1313 2036 quis
1340 1988 1460 2039 igitur
1486 1988 1588 2025 dicat
1605 1993 1687 2026 ter-

261 2056 454 2094 minorum
485 2066 573 2091 esse
601 2053 705 2090 hunc
742 2053 934 2096 ordinem,
973 2055 1018 2089 ut
1045 2051 1085 2088 A
1123 2051 1172 2088 sit
1207 2048 1352 2097 ὕπνος,
1390 2050 1426 2088 Β
1460 2048 1688 2089 καθεύδων

263 2121 318 2164 (s.
347 2114 606 2166 ἐγρηγορὼς)
634 2115 876 2165 ἄνθρωπος,
906 2115 947 2153 Γ
968 2112 1118 2160 tame,-
1147 2115 1211 2163 qui
1248 2118 1293 2151 ut
1319 2115 1506 2152 terminus
1534 2115 1688 2153 medius

259 2181 299 2219 in
324 2182 440 2219 tertia
467 2180 591 2231 figura
616 2183 725 2217 recte
752 2179 964 2216 secundum
992 2178 1119 2216 locum
1145 2179 1325 2227 occupet,
1354 2177 1444 2226 quia
1472 2177 1523 2214 sit
1549 2177 1607 2223 is,
1637 2177 1687 2215 de

261 2255 340 2294 quo
367 2244 406 2281 in
434 2243 702 2294 propositione
729 2242 873 2279 maiore
901 2242 1149 2292 praedicetur
1172 2241 1224 2286 A,
1252 2241 1352 2277 bene
1379 2239 1526 2277 habere
1556 2239 1687 2277 viden-

262 2311 328 2345 tur
355 2294 501 2351 omniag
535 2306 608 2343 nisi
637 2303 740 2354 quod
768 2305 896 2342 obstat
923 2305 1007 2354 ipsa
1036 2303 1277 2341 consuetudo
1305 2302 1548 2339 Aristotelis:
1587 2301 1689 2340 solet

261 2370 431 2408 enimin
458 2368 696 2418 syllogismis
733 2368 874 2406 tertiae
902 2368 1050 2416 figurae
1086 2367 1273 2404 terminos
1309 2364 1363 2401 ita
1400 2364 1607 2412 collocare,
1644 2367 1688 2402 ut

262 2432 418 2470 medius
441 2431 619 2469 ultimum
641 2431 769 2468 locum
788 2434 969 2480 occupet,
991 2442 1027 2470 v.
1048 2430 1252 2478 39b5sq.‚
1279 2426 1688 2475 31b41—32a5al.,

264 2506 398 2545 quare,
438 2506 674 2543 quamquam
702 2493 799 2531 ferri
826 2498 960 2544 posset
988 2492 1091 2542 quod
1129 2491 1286 2529 codices
1313 2490 1516 2540 praebent,
1556 2494 1688 2527 tamen

262 2558 389 2596 levem
416 2558 671 2595 mutationem
698 2556 831 2594 facere
868 2568 983 2605 quam
1010 2566 1125 2594 usum
1167 2553 1351 2604 loquendi
1378 2552 1442 2603 qui
1467 2551 1570 2602 apud
1596 2552 1688 2591 Ari-

265 2621 451 2660 stotelem
477 2620 630 2659 obtinet
653 2632 730 2658 non
757 2630 912 2658 servare
938 2618 1155 2657 maluimus.
