1820 3100
487 202 689 238 Scholia
713 201 760 237 iu
782 202 969 248 Analyt.
992 204 1167 247 poster.
1500 200 1556 240 63

202 298 314 334 πάλιν
338 296 452 344 ἄλλην
474 300 545 334 τοῦ
565 298 681 344 μέσον
704 299 895 346 διαφορὰν
916 300 1173 347 παραδίδωσιν
1197 296 1238 336 ἐκ
1260 299 1336 335 τῶν
1355 296 1555 344 ύποκειμέ-
1572 303 1616 338 96
1633 316 1652 338 a

114 369 190 392 νων
212 355 440 403 πραγμάτων
462 355 754 403 προσγινομένην
777 354 891 404 αύτῷ.
937 358 1061 403 Marg.
1571 349 1611 403 87

201 411 260 448 ἀεὶ
282 410 364 459 γάρ,
386 414 489 458 φησί,
510 413 575 448 καὶ
598 411 659 450 ἐπὶ
681 410 822 454 παντὸς
844 409 871 458 ἢ
893 411 964 458 ἔχει
987 409 1012 459 ἢ
1031 412 1184 458 γίνεται,
1207 409 1256 448 τὰ
1278 410 1320 448 δὲ
1335 408 1396 448 ἀεὶ
1413 411 1476 447 καὶ
1496 410 1557 447 ἐπὶ

111 466 265 505 πάντων
287 467 466 510 οὸσαύτως
489 470 641 514 γίνεται.
687 469 858 504 Riccard.

201 525 406 569 ,,τοιαῦτα”
437 525 744 573 κατηγορούμενα
774 523 1057 571 καθολικῶτερα
1088 524 1156 571 μὲν
1195 526 1266 561 τοῦ
1299 522 1468 572 ὁρισμοῦ,
1505 520 1556 570 μὴ
1575 529 1619 563 96
1646 542 1666 564 a

110 579 390 628 ὑπερβάλλοντα
413 580 454 617 δὲ
477 580 518 618 τὸ
544 582 649 626 γένος
673 581 828 617 ἐκείνου.
877 582 1000 627 Mal-g.
1574 575 1619 608 32

110 637 270 729 3102}ssss
306 638 347 674 δὲ
377 638 611 675 τελευταῖον”
643 635 735 685 ὅπερ
759 637 836 674 ἐστὶ
857 637 948 684 μήτε
970 639 1189 684 μετρεῖσθαι
1211 636 1303 683 μήτε
1325 638 1557 683 συγκεῖσθαι.
1574 644 1653 727 {fib

202 747 399 795 ἀνώνυμον
430 750 471 786 δὲ
501 749 643 795 λέγεται
675 750 802 796 γένος,
838 747 930 786 ὅταν
960 748 1004 786 τὸ
1042 747 1306 795 ὠνομασμένον
1335 749 1442 795 γένος
1463 747 1557 793 μετὰ
1574 758 1654 795 951,

109 806 198 851 μιᾶς
229 803 255 852 ἢ
283 807 346 842 καὶ
377 808 486 843 δυοῖν
513 809 590 843 τῶν
623 807 819 854 διαφορῶν
848 804 990 842 ἓνωθὲν
1021 809 1268 852 κατηγοροῖτο
1300 808 1370 842 τοῦ
1392 805 1597 852 ὁριστοῦ,7

109 860 316 909 ὑπερτείνοι
339 859 372 899 δ’
395 862 494 908 ὅμως
516 866 629 900 τοῦτο
653 863 717 900 καὶ
741 862 975 910 ὑπερβάλλω.
1023 863 1152 898 Prodr.

200 915 315 962 „320⁹
337 920 395 955 τι”
417 918 535 964 ἤγουν
555 919 685 964 γένους
701 918 868 967 ὁρισμόν.
913 920 1086 954 Riccard.
1514 919 1558 953 96
1575 925 1597 958 b
1614 924 1656 958 15

202 977 255 1017 εἰς
279 973 326 1011 τοὶ
355 973 473 1012 αὐτοῦ
499 974 722 1012 εἰδικώτατα
747 977 839 1021 εἴδη,
862 973 887 1012 ἃ
910 977 974 1011 καὶ
998 973 1120 1020 ἄτομα
1144 974 1164 1011 ὁ
1189 975 1259 1010 τοῦ
1272 975 1466 1011 σκοτεινοῦ
1478 975 1558 1010 δαί·
1576 981 1619 1015 96
1633 980 1654 1012 b

109 1044 225 1077 μονος
248 1031 333 1072 υἱὸς
354 1031 599 1078 Ἀριστοτέλης
624 1030 826 1078 ω’νόμασεν.
873 1033 1044 1066 Riccard.
1580 1026 1622 1060 16

201 1087 323 1132 ἄτομα
355 1090 407 1136 τῷ
430 1090 520 1125 εἴδει
552 1088 722 1134 ω’νόμασε
753 1086 802 1124 τὰ
826 1087 1049 1124 εἰδικώτατα
1073 1087 1167 1132 εἴδη,
1191 1084 1291 1121 διότι
1313 1083 1490 1132 καθάπερ
1514 1083 1563 1121 τὰ

111 1143 152 1180 ἐν
181 1141 332 1191 ἀριθμῷ
363 1143 486 1190 ἄτομα
516 1143 598 1180 οἷον
630 1142 651 1180 ὁ
685 1143 888 1191 Σωκράτης
920 1143 967 1180 ου’
1000 1142 1163 1180 δύναται
1187 1143 1382 1188 τμηθῆναι
1415 1143 1467 1183 εἰς
1489 1140 1562 1177 δύο

112 1203 282 1237 τοιαῦτα.
330 1202 382 1236 ld.
407 1202 445 1237 in
467 1213 587 1248 marg.
635 1200 777 1246 λέγεται
799 1201 951 1247 πρῶτα,
975 1197 1033 1235 ὅτι
1059 1198 1098 1234 ἐκ
1126 1201 1203 1234 τῶν
1227 1195 1317 1234 καθ’
1340 1197 1475 1234 ἕκαστα
1501 1197 1562 1234 ἐπὶ

111 1256 158 1293 τὰ
181 1257 352 1293 καθόλου
377 1256 524 1293 ἀνιοῦσι
547 1259 676 1304 πρῶτα
701 1255 820 1299 εύθύς
844 1257 919 1293 ἐστι
942 1253 989 1292 τὰ
1016 1254 1253 1291 είδικιότατα.
1298 1255 1423 1301 Mat-g.

203 1311 402 1359 ,,ἔκείνων”
425 1314 567 1360 δηλαδὴ
593 1315 668 1349 τῶν
691 1313 953 1350 εἰδικωτάτων.
1001 1311 1172 1348 Riccard.
1517 1310 1560 1344 96
1577 1316 1599 1349 b
1616 1316 1657 1351 17

204 1367 298 1417 ἀρχὴ
322 1370 394 1416 γὰρ
417 1371 481 1406 καὶ
510 1371 591 1418 ῥίζα
612 1373 678 1416 τῆς
703 1369 927 1416 ἀνευρέσεως
949 1369 1024 1403 τῶν
1055 1366 1220 1414 ὁρισμῶν
1241 1367 1316 1402 τῶν
1339 1366 1456 1412 γενῶν
1479 1363 1562 1412 ὁρι-

114 1425 201 1471 σμοὶ
223 1428 301 1462 τῶν
325 1428 447 1463 εἰδῶν.
472 1451 481 1461 .
496 1452 524 1462 ..
551 1425 649 1463 οὕτω
672 1426 739 1472 μὲν
763 1420 833 1462 ούν
856 1424 902 1461 τὰ
929 1424 969 1461 ἐν
992 1426 1044 1472 τῷ
1064 1426 1103 1460 τί
1126 1423 1224 1459 ἐστιν
1249 1421 1422 1471 ᾡτινιοῦν
1442 1419 1561 1470 ὑπάρ-

113 1496 228 1528 χοντα
249 1482 429 1531 θηρεύειν
453 1482 644 1529 ἐμάθομεν
666 1482 869 1530 ἀναλυτικῇ
892 1479 1105 1528 κεχρημένοι
1126 1477 1292 1527 μεθόδῳ.
1338 1480 1464 1515 Prodr.

206 1538 287 1575 οἷον
327 1538 479 1581 εὐθείας
506 1542 678 1587 γραμμῆς
708 1540 744 1576 εἰ
772 1539 1001 1587 θηρεύοιμεν
1024 1535 1202 1584 ὁρισμόν,
1235 1537 1286 1578 εἰς
1310 1534 1467 1572 εύθεῖαν
1499 1535 1564 1571 καὶ
1578 1542 1656 1578 96b

115 1595 251 1632 κύκλον
290 1596 357 1643 χρὴ
387 1596 569 1644 πρότερον
601 1595 722 1642 αὐτὴν
751 1598 886 1632 διελεῖν
918 1595 982 1630 καὶ
1012 1595 1133 1629 ταῦτα
1162 1592 1258 1629 πολύ
1292 1593 1475 1639 πρότερον
1497 1594 1563 1638 τῆς
1583 1589 1624 1622 18

114 1654 282 1699 γραμμῆς
302 1655 534 1700 πειραθῆναι
556 1651 770 1700 ὁρίσασθαι.
807 1650 943 1697 ὁμοίως
965 1647 1036 1686 κᾶν
1061 1651 1096 1686 εἰ
1117 1651 1254 1694 γωνίας
1275 1646 1366 1696 ὅρον
1391 1651 1565 1695 ζητῶμεν,

116 1708 184 1756 χρὴ
210 1710 444 1755 διελομένους
468 1709 589 1755 αὐτὴν
612 1710 666 1751 εἰς
687 1707 759 1754 τὴν
781 1706 906 1755 ὀρθὴν
928 1707 991 1743 καὶ
1014 1705 1085 1752 τὴν
1109 1703 1289 1753 ἀμβλεῖαν
1310 1704 1456 1742 τούτων
1480 1719 1565 1742 πει-

116 1767 284 1812 ραθῆναι
306 1769 429 1802 ποιεῖν
452 1764 618 1813 ὁρισμόν.
663 1765 834 1799 menard.

208 1819 277 1866 ούχ
309 1820 360 1862 οἷς
392 1822 478 1868 περὶ
511 1822 621 1857 εἰδῶν
652 1823 711 1857 δεῖ
735 1819 922 1865 ὁμογενῶν
945 1817 1143 1864 δέχεσθαι,
1178 1815 1273 1853 ἀλλὰ
1303 1819 1474 1864 γραμμῆς
1497 1817 1565 1862 μὲν

118 1878 200 1922 εἴδη
224 1875 378 1913 εὐθεῖαν
402 1878 465 1914 καὶ
487 1877 622 1913 κύκλον
645 1878 845 1918 τίθεσθαι,
875 1875 1011 1920 γωνίας
1044 1874 1085 1910 δὲ
1109 1871 1234 1920 ὀρθὴν
1265 1875 1330 1910 καὶ
1352 1871 1479 1918 ὀξεῖαν
1501 1874 1566 1909 καὶ

119 1933 314 1980 ἀμβλεῖαν,
340 1935 376 1970 εἰ
396 1935 460 1970 καὶ
491 1929 602 1975 οὗτος
624 1931 778 1978 συγχέας
801 1930 971 1976 ἐπίτηδες
995 1927 1184 1976 ἀσάφειαν
1210 1930 1394 1976 ἐποίησεν.
1438 1932 1561 1977 Marg.

207 1990 271 2025 καὶ
290 1989 361 2037 γὰρ
384 1989 432 2026 τὰ
456 1989 647 2031 ούσιωδῶς
670 1990 924 2036 συμβαίνοντα
947 1988 1012 2023 καὶ
1035 1987 1280 2034 συντρέχοντα
1302 1990 1382 2028 τοῖς
1409 1987 1567 2033 γένεσιν,
1581 1994 1624 2028 96
1638 1994 1659 2026 b

119 2043 145 2081 ἃ
167 2045 215 2092 δὴ
237 2046 324 2092 γένη
347 2049 564 2083 συντίθεται
588 2046 628 2083 ἐκ
650 2048 726 2082 τῶν
750 2043 1000 2082 εἰδικωτάτων
1024 2045 1156 2080 εἰδῶν·
1181 2045 1399 2080 συντίθεται
1421 2043 1491 2091 γὰρ
1515 2043 1566 2086 ῶς
1581 2041 1624 2074 21

118 2103 192 2148 (εἰς
214 2103 314 2147 cod.)
338 2102 425 2140 ὅλον
449 2103 489 2139 ἐκ
511 2104 633 2150 μερῶν
656 2099 756 2139 οὕτω
779 2102 843 2137 καὶ
868 2100 905 2144 ἐξ
929 2102 1039 2137 εἰδῶν
1061 2100 1177 2145 γένος.
1224 2102 1345 2137 ταῦτα
1367 2103 1496 2137 τοίνυν
1518 2101 1568 2137 τὰ

119 2157 312 2200 ούσιωδῶς
346 2162 598 2206 συμβαίνοντα
630 2163 709 2200 τοῖς
741 2158 883 2204 γένεσιν
915 2156 966 2198 ῶς
993 2155 1103 2202 πάθη
1139 2155 1179 2192 ἐκ
1202 2159 1279 2192 τῶν
1303 2156 1468 2205 ὁρισμῶν
1490 2159 1567 2193 τῶν

120 2216 231 2251 εἰδῶν
261 2214 363 2251 ἔσται
394 2217 490 2261 δῆλα
521 2215 586 2251 διὰ
608 2214 652 2251 τὸ
677 2213 796 2262 ἀρχὴν
818 2214 883 2251 καὶ
906 2214 1011 2261 ῥίζαν
1035 2211 1132 2249 εἶναι
1155 2215 1221 2259 τῆς
1244 2212 1470 2261 ἀνευρέσεως
1492 2215 1568 2249 τῶν

122 2269 285 2318 ὁρισμῶν
309 2270 487 2307 ἁπάντων
509 2274 584 2306 τῶν
609 2273 724 2316 γενῶν
747 2271 814 2308 τὸν
837 2272 904 2306 τοῦ
929 2271 1056 2311 εἴδους
1079 2269 1245 2316 ὁρισμόν.
1293 2271 1464 2305 Riccard.

209 2329 538 2373 ,,σνλλογίζεσθαι”
560 2324 677 2373 ἤγουν
700 2327 882 2373 συλλέγειν
905 2325 973 2362 τὸν
995 2326 1166 2374 ὁρισμόν.
1213 2327 1335 2372 Marg.
1522 2326 1565 2360 96
1582 2329 1603 2361 b
1617 2329 1662 2362 28

120 2440 167 2474 R·
210 2382 252 2419 ἐκ
285 2383 356 2420 δύο
387 2384 532 2421 τούτων
555 2384 642 2427 ἐστί,
673 2384 803 2430 γένους
835 2396 875 2420 τε
897 2384 987 2428 λέγω
1011 2383 1076 2419 καὶ
1100 2383 1333 2418 συστατικῶν
1357 2383 1564 2428 διαφορῶν.
1582 2385 1661 2463 {gb

157 2441 291 2475 weard.

210 2494 352 2542 ἀνάγκη
374 2496 443 2532 τὸν
465 2496 678 2542 διελόμενον
699 2492 818 2542 ἤγουν
839 2493 906 2532 τὸν
931 2494 971 2531 ἐκ
994 2494 1208 2541 διαιρέσεως
1237 2493 1470 2541 πειραθέντα
1495 2494 1567 2528 δεῖ·
1582 2497 1662 2535 9612

121 2552 183 2596 ξαι
204 2552 272 2588 τόν
296 2549 452 2599 ὁρισμὸν
474 2551 526 2600 μὴ
562 2552 745 2590 δεικνύειν
768 2549 844 2588 ἀλλ’
867 2553 1058 2588 αἰτεῖσθαι
1081 2547 1102 2587 ὃ
1126 2550 1308 2597 λαμβάνει
1341 2551 1406 2595 τῆς
1429 2550 1567 2597 διαιρέ-
1582 2543 1628 2577 35

121 2618 214 2649 σεως
235 2605 378 2655 μόριον.
424 2608 478 2645 ἔτι
502 2610 536 2645 εἰ
564 2610 627 2646 καὶ
650 2608 701 2655 μὴ
726 2608 821 2645 πολύ
845 2610 898 2656 τῷ
923 2607 1124 2655 ὁριζομένῳ
1147 2606 1393 2654 συμβάλλεται
1417 2605 1442 2652 ἦ
1470 2607 1566 2643 διαί-

122 2675 233 2711 ρεσις,
253 2663 330 2701 ἀλλ’
351 2662 453 2709 ὅμως
473 2665 567 2712 πρὸς
590 2664 634 2702 τὸ
659 2664 774 2711 μηδὲν
795 2668 1032 2712 παραλιπεῖν.
1077 2663 1130 2697 ld.

211 2721 287 2757 τῶν
309 2720 482 2759 κάτωθεν
503 2722 567 2759 καὶ
589 2721 729 2771 πόρρω.
775 2722 830 2757 ld.
1520 2719 1563 2754 96
1581 2721 1603 2755 b
1617 2722 1661 2757 37
