1748 3106
218 225 331 258 xvm
795 227 1140 263 PRAEFATIO.
1178 238 1186 249 ⁶

221 342 353 383 quam
371 327 706 386 diligentissime
726 329 1003 384 excussimus,
1024 332 1099 373 aut
1117 332 1247 389 pauci
1269 332 1526 375 conferendi
1548 341 1693 376 essent

220 404 383 463 integri
415 430 475 437 —
502 420 603 447 nam
633 405 939 464 codicum‘qui‘
956 409 1204 451 Aristotelis
1237 412 1401 466 scripta
1433 410 1580 468 logica
1606 411 1692 453 ha-

221 481 327 524 bent
354 487 476 524 tanta
508 489 574 524 est
596 483 739 539 copia,
772 489 821 525 ut
843 485 1049 539 subsidia,
1077 500 1188 541 quae
1212 485 1267 527 ad
1290 500 1448 528 novam
1470 488 1691 530 recensio-—

222 573 323 601 nem
345 559 545 601 adhiberi
566 560 752 617 possint,
782 562 928 603 omnia
951 577 1144 618 unquam
1170 569 1432 622 congestum
1456 564 1506 605 iri
1529 564 1694 623 despe-

222 635 407 678 randum
432 636 487 678 sit
512 660 576 667 --
610 643 684 678 aut
711 637 912 695 pluribus
943 639 1004 681 ita
1033 639 1245 682 utendum
1278 647 1405 693 esset,
1451 647 1499 683 ut
1528 642 1694 684 diffici-

222 713 379 756 liorum
413 713 611 755 locorum
638 715 849 757 maiorem
882 730 1029 758 curam
1061 716 1326 760 haberemus
1358 733 1490 774 quam
1518 719 1694 760 facilio-

221 805 332 843 rum,
352 790 537 832 fecimus
563 791 683 847 quod
704 792 766 833 rei
787 798 962 834 nostrae
980 794 1167 836 maxime
1189 795 1469 851 profuturum
1487 810 1583 837 esse
1605 810 1694 853 pu-

222 868 421 910 tavimus.
476 866 548 910 Ob
579 867 765 910 eandem
786 884 959 912 causam
981 871 1147 913 factum
1173 877 1251 924 est,
1274 877 1322 912 ut
1341 886 1545 914 numerus
1568 872 1694 914 codi—

223 960 336 999 cum,
357 944 514 1001 quibus
538 945 601 986 usi
627 961 772 987 sumus
792 946 837 987 in
849 946 1096 1003 Analyticis
1121 947 1352 1003 prioribus,
1375 948 1515 989 minor
1537 949 1592 990 sit
1612 963 1695 990 nu—

222 1035 343 1064 mero
373 1035 523 1063 eorum
552 1036 662 1077 quos
686 1022 731 1063 in
751 1022 932 1078 reliquis
955 1023 1075 1065 libris
1097 1022 1403 1066 adhibuimus:
1425 1040 1553 1066 causa
1574 1026 1694 1067 scili-

224 1105 296 1141 cet
314 1098 359 1140 in
382 1112 435 1139 eo
455 1104 532 1149 est,
566 1098 688 1154 quod
707 1099 944 1156 Analytica
962 1095 1123 1157 priora,
1149 1107 1195 1141 ut
1214 1101 1257 1142 in
1281 1101 1436 1157 quibus
1459 1102 1591 1145 lectio
1611 1102 1696 1143 mi-

222 1191 302 1218 nus
332 1175 500 1217 variare
530 1175 673 1216 soleat
702 1173 849 1232 (quod
875 1175 1006 1217 facile
1028 1176 1269 1235 intelliges,
1302 1178 1336 1219 si
1356 1178 1595 1220 lectionum
1615 1193 1695 1220 va-

223 1252 383 1294 riarum
406 1251 606 1308 copiam,
636 1267 766 1308 quam
797 1252 1027 1295 Bekkerus
1051 1253 1177 1296 dedit
1197 1255 1242 1296 in
1265 1255 1447 1314 singulis
1466 1255 1601 1307 libris,
1626 1256 1696 1297 in-

223 1334 291 1371 ter
321 1343 367 1371 se
396 1325 760 1386 comparaveris),
782 1330 904 1371 novis
929 1330 1129 1372 subsidiis
1153 1331 1294 1373 minus
1314 1339 1447 1390 egent
1476 1348 1605 1389 quam
1625 1347 1697 1374 re-

223 1406 357 1463 liqua.

225 1559 384 1618 optimi
409 1559 501 1601 sine
535 1559 671 1601 dubio
700 1566 798 1601 sunt
830 1574 940 1616 quos
962 1560 1198 1603 *Bekkerus
1230 1562 1384 1604 litteris
1404 1562 1696 1623 AB'notavit,

225 1651 491 1694 quamquam
509 1636 553 1678 in
574 1650 627 1678 eo
650 1636 705 1678 ab
727 1636 807 1678 illo
828 1637 1125 1679 recedendum
1146 1640 1409 1695 putavimus,
1432 1640 1553 1696 quod
1573 1640 1698 1681 codi-

225 1729 322 1757 cem
346 1713 393 1756 A
409 1714 631 1772 potiorem
660 1713 784 1756 (luxit
804 1714 959 1756 codice
977 1713 1032 1767 Β,
1064 1729 1197 1776 quum
1220 1716 1344 1758 nobis
1366 1716 1506 1758 codex
1527 1715 1570 1758 Β
1589 1716 1698 1758 reli-

228 1792 325 1848 quis
357 1791 557 1832 omnibus
589 1790 906 1848 praeferendus
939 1791 1152 1833 videatur.
1219 1792 1287 1834 Ac
1306 1793 1383 1835 ille
1402 1793 1582 1850 quidem
1603 1807 1699 1835 sae-

226 1868 406 1926 pissime
434 1868 510 1909 ubi
538 1867 816 1910 consentiunt
846 1866 932 1910 BC
950 1883 1100 1910 eorum
1122 1858 1425 1911 auctoritatem
1446 1869 1699 1927 postposuit

227 1944 371 1987 codici
391 1944 452 1995 A,
485 1959 524 1985 v.
550 1959 585 1985 c.
613 1945 791 1996 16312,
814 1944 891 1995 26,
916 1944 1017 1988 ὺ28
1041 1945 1096 1986 31.
1124 1969 1179 1975 -—
1205 1952 1303 1986 sunt
1323 1952 1469 1987 tamen
1491 1945 1577 1987 loci
1598 1946 1698 2001 qui—

226 2021 307 2064 bus
326 2021 526 2063 codicem
548 2019 591 2062 Β
610 2021 748 2062 invito
771 2020 924 2062 codice
942 2019 990 2062 A
1008 2028 1179 2063 secutus
1201 2027 1278 2074 est,
1296 2037 1334 2062 v.
1358 2037 1393 2063 c.
1415 2023 1512 2066 673
1526 2021 1599 2073 14,
1625 2023 1699 2073 18,

227 2099 306 2151 25,
322 2098 398 2151 32,
421 2099 497 2150 35,
522 2098 598 2150 37,
621 2098 697 2149 39,
718 2097 747 2138 b
762 2098 835 2148 12,
860 2097 918 2140 13
934 2097 989 2138 al.
1005 2123 1064 2129 —
1083 2112 1163 2139 nos
1182 2112 1285 2139 vero
1308 2099 1544 2141 lectionem
1567 2114 1698 2156 quam

227 2172 522 2233 praeberetA
540 2188 628 2215 non
647 2173 946 2231 praetulimus,
967 2174 1049 2215 nisi
1061 2174 1135 2216 ubi
1155 2175 1246 2217 eius
1267 2177 1515 2218 auctoritati
1534 2175 1701 2232 aliquid

230 2251 462 2294 accederet
491 2249 690 2292 aliunde:
727 2265 767 2292 v.
790 2266 825 2291 c.
863 2250 983 2306 quod
1003 2249 1090 2293 BC
1120 2252 1337 2309 praebent
1369 2254 1522 2305 9312,
1561 2253 1699 2297 17b5

230 2328 381 2371 mendi
400 2328 594 2385 speciem
607 2327 755 2369 habet.
799 2327 975 2384 ,Eadem
996 2329 1108 2370 ratio
1129 2335 1194 2371 est
1217 2328 1399 2383 14327,
1418 2345 1550 2386 quum
1570 2329 1701 2371 etiam

236 2405 294 2450 14
307 2406 335 2448 b
347 2406 410 2450 26
424 2404 639 2447 habeatur
651 2398 758 2446 κατὰ
770 2399 848 2446 τὸν
860 2399 1027 2461 χρόνον.
1062 2407 1120 2451 19
1133 2407 1161 2448 b
1173 2407 1235 2451 37
1249 2406 1377 2449 codd.
1389 2405 1466 2448 Αη
1480 2421 1576 2449 cum
1588 2406 1700 2448 Am-

232 2482 381 2525 monio
402 2488 447 2524 et
469 2481 665 2524 Boethio
687 2481 985 2524 consentiunt:
1008 2483 1063 2524 cf.
1085 2484 1185 2527 33b
1202 2484 1278 2537 39,
1299 2482 1361 2527 42
1375 2484 1488 2537 326,
1509 2483 1700 2533 46b20,

234 2559 331 2603 543
346 2560 419 2610 12,
450 2559 512 2603 60
527 2559 625 2602 b31
657 2573 735 2616 sq.,
757 2559 815 2603 61
830 2559 945 2611 339,
967 2559 1027 2603 63
1044 2560 1071 2601 b
1086 2561 1163 2615 38,
1185 2559 1376 2612 64317,
1399 2561 1496 2604 663
1511 2561 1583 2604 16.
1630 2560 1700 2601 Re

234 2651 336 2679 vera
354 2640 500 2677 autem
519 2636 718 2678 codicem
737 2634 781 2678 Β
799 2636 859 2677 ita
873 2643 1095 2693 praestare
1114 2637 1256 2679 codici
1277 2636 1335 2691 A,
1349 2643 1397 2678 ut
1420 2637 1549 2679 lectio
1569 2651 1699 2692 quam

235 2713 312 2755 ille
339 2712 549 2770 praebeat
573 2713 700 2755 alteri
724 2713 1016 2771 praeferenda
1036 2714 1105 2767 sit,
1127 2715 1205 2757 nisi
1226 2715 1296 2757 vel
1319 2730 1466 2757 sensus
1486 2714 1596 2755 ratio
1627 2712 1700 2754 vel

234 2790 501 2848 reliquorum
522 2790 726 2835 codicum
747 2791 819 2835 vel
838 2791 1128 2849 interpretum
1145 2792 1378 2835 auctoritas
1409 2790 1604 2850 postulet
1632 2789 1699 2832 al-
