1826 3112
322 194 402 232 200
840 193 1233 227 ΑΝΑΛΤΤΙΚΩΝ

276 312 311 339 25
328 293 379 336 H
407 288 458 336 τὸ
487 293 531 336 Ε
571 288 802 350 υπάρχειν,
843 290 969 336 παντὶ
1012 287 1067 336 ἇν
1111 294 1173 355 τῷ
1199 293 1241 335 Ε
1273 289 1324 337 τὸ
1355 294 1392 336 Α
1424 287 1634 371 ὑπάρχοι·
1666 292 1741 338 καὶ

325 356 457 403 πάλιν
490 358 527 402 εἰ
558 355 610 402 τὰ
643 360 685 401 Λ
716 357 789 401 καὶ
809 357 860 401 Η
886 354 1039 411 ταύτά,
1072 336 1216 415 μόνων
1248 357 1294 402 δὲ
1326 361 1412 402 τῶν
1432 359 1484 401 Η
1510 355 1562 401 τὸ
1586 359 1627 401 Ε
1659 375 1739 402 κα-

324 428 562 485 τηγοροῖτο,
587 419 651 468 ὅτι
671 420 816 467 οὐδενὶ
836 425 920 468 τῶν
943 425 985 467 Ε
1003 420 1053 467 τό
1074 427 1111 467 Α
1133 421 1328 479 υπάρξει.
1363 420 1557 482 φανερὸν
1575 414 1657 467 οὖν
1675 420 1741 468 ὅτι

325 491 397 534 καὶ
430 486 574 543 οὕτως
605 487 887 547 ἐπιβλεπτέον.
931 485 1010 533 τὸν
1043 486 1179 534 αὐτὸν
1212 490 1258 534 δε
1289 488 1455 547 τρόπον
1475 490 1547 533 καὶ
1571 487 1638 533 ἐπὶ
1656 491 1741 534 τῶν

327 553 571 614 ἀναγκαίων
604 555 676 599 καὶ
707 558 797 599 τῶν
831 553 1134 613 ἐνδεχομένων·
1171 551 1199 615 ἡ
1226 552 1307 615 γὰρ
1333 552 1443 615 αὐτὴ
1468 555 1633 609 σκέψις,
1667 554 1742 599 καὶ

276 635 310 662 30
326 618 399 666 διὰ
432 624 518 665 τῶν
553 617 700 665 αὐτῶν
733 617 848 678 ὅρων
881 620 995 666 ἔσται
1029 624 1081 680 τῇ
1103 619 1217 674 τάξει
1238 624 1323 665 τοῦ
1343 619 1378 665 τ’
1401 620 1648 679 ἐνδέχεσθαι
1669 620 1742 664 καὶ

324 689 408 731 τοῦ
428 683 637 744 ὑπάρχειν
670 684 696 731 ὁ
729 685 1033 746 συλλογισμός.
1080 686 1264 748 ληπτέον
1298 684 1336 731 δ’
1368 687 1434 732 ἐπὶ
1468 689 1553 730 τῶν
1571 685 1739 745 ἐνδεχο-

324 752 462 810 μένων
505 752 579 796 καὶ
620 749 673 796 τὰ
718 750 778 814 μὴ
821 750 1073 812 ὑπάρχοντα
1116 749 1281 798 δυνατοὶ
1316 750 1353 796 δ’
1385 749 1619 810 ὑπάρχειν·
1667 750 1740 797 δέ·-

325 821 485 863 δεικται
518 815 602 877 γάρ
637 814 701 863 ὅτι
733 818 806 863 καὶ
839 815 911 863 διὰ
946 817 1111 863 τούτων
1142 819 1298 876 γίνεται
1333 815 1358 862 ὁ
1387 820 1471 862 τοῦ
1493 817 1741 875 ἐνδέχεσθαι

275 901 309 928 35
325 882 627 944 συλλογισμός.
674 881 835 963 ὁμοίως
853 884 899 929 δε
922 884 994 928 καὶ
1013 884 1079 928 ἐπὶ
1104 900 1193 934 των
1212 881 1355 936 ἄλλων
1375 885 1656 942 κατηγοριῶν.

461 946 657 1007 Φανερόν
676 942 760 995 οὖν
793 949 839 994 ἐκ
871 952 957 993 τῶν
983 948 1216 1009 εἰρημένων
1249 945 1306 993 οὕ
1333 946 1468 1006 μόνον
1489 944 1553 992 ὅτι
1573 947 1746 1028 ἐγχωρεῖ

323 1011 396 1058 διὰ
428 1013 589 1074 ταύτης
621 1017 701 1074 τῆς
735 1012 846 1059 ὁδοῦ
875 1015 1070 1073 γίνεσθαι
1095 1011 1257 1069 πάντας
1277 1011 1382 1069 τοὺς
1403 1011 1741 1073 συλλογισμούς,

323 1076 433 1123 ἄλλα
467 1079 540 1123 καὶ
574 1075 639 1123 ὅτι
673 1076 729 1123 δι’
764 1077 902 1140 ἄλλης
936 1077 1166 1124 ἀδύνατον.
1212 1076 1324 1135 ἅπας
1356 1096 1433 1137 μεν
1464 1077 1545 1139 γὰρ
1579 1082 1742 1124 συλλο-

321 1141 478 1204 γισμὸς
510 1143 720 1209 δέδεικται
739 1143 812 1190 διά
832 1162 948 1201 τινος
966 1162 1055 1190 των
1080 1145 1398 1206 προειρημένων
1416 1143 1644 1206 σχημάτων
1672 1161 1741 1204 γι·-

273 1230 307 1257 40
322 1203 522 1269 νόμενος,
548 1213 685 1255 ταῦτα
707 1208 745 1255 δ’
764 1208 860 1256 οὐκ
886 1210 1060 1294 ἐγχωρεῖ
1088 1209 1143 1256 δι’
1165 1209 1307 1256 ἄλλων
1330 1214 1608 1271 συσταθῆναι
1628 1207 1743 1271 πλὴν

324 1274 397 1321 δια
427 1279 512 1321 τῶν
543 1275 759 1335 ἑπομένων
786 1277 858 1322 καὶ
887 1274 952 1333 οἷς
982 1277 1122 1322 ε’πεται
1153 1277 1352 1322 ἕκαστον·
1399 1276 1444 1321 ἐκ
1471 1275 1638 1321 τούτων
1661 1272 1742 1335 γὰρ

218 1359 308 1406 P=4⁶
325 1343 369 1387 αἱ
397 1341 629 1401 προτάσεις
655 1343 727 1387 καὶ
755 1341 784 1404 ἡ
813 1346 895 1388 τοῦ
924 1342 1063 1401 μέσου
1091 1346 1239 1405 λῆψις,
1273 1339 1372 1388 ὥστ’
1401 1339 1505 1387 οὐδε
1534 1344 1742 1402 συλλογι-

325 1406 438 1468 σμὸν
461 1408 637 1468 ἐγχωρεῖ
653 1408 850 1487 γίνεσθαι
873 1406 927 1453 δι’
949 1406 1103 1453 ἄλλων.

243 1478 308 1521 30
453 1471 509 1519 H
532 1492 610 1534 μεν
627 1466 711 1520 οὖν
739 1472 843 1531 ὁδὸς
871 1492 979 1519 κατα
1008 1474 1182 1519 πάντων.
1208 1471 1238 1534 ἡ
1261 1470 1374 1532 αὐτὴ
1399 1472 1472 1517 καὶ
1494 1472 1591 1531 περὶ
1611 1474 1743 1532 φιλο-

326 1540 490 1599 σοφίαν
521 1541 594 1584 καὶ
625 1541 722 1599 περὶ
754 1541 904 1601 τέχνην
937 1538 1179 1585 ὁποιανοῦν
1210 1540 1283 1584 καὶ
1316 1537 1529 1599 μάθηιια·
1565 1541 1632 1583 δεῖ
1660 1534 1744 1596 γὰρ

290 1602 375 1651 5τά
412 1603 667 1665 υπάρχοντα
695 1607 769 1651 καὶ
798 1603 863 1661 οἷς
894 1603 1079 1665 ὑπαρχει
1110 1605 1206 1664 περὶ
1234 1602 1436 1661 εκάτερον
1461 1602 1638 1662 ἀθρεῖν,
1671 1602 1745 1647 καὶ

325 1669 494 1716 τούτων
516 1670 578 1727 ὥς
596 1671 807 1716 πλείστων
827 1668 1041 1728 εὐπορεῖν,
1062 1672 1135 1715 καὶ
1148 1674 1284 1715 ταῦτα
1298 1668 1369 1714 διὰ
1382 1673 1472 1714 τοῖν
1481 1672 1613 1725 τριῶν
1631 1665 1745 1724 ὅρων

322 1742 514 1791 σκοπεῖν,
547 1735 899 1793 ιίνασκευάζοντα
929 1754 1008 1814 μεν
1039 1734 1135 1790 ωδί,
1166 1734 1545 1791 κατασκευάζοντα
1571 1734 1618 1779 δὲ
1648 1731 1745 1790 ωδί,

316 1801 430 1847 κατὰ
455 1819 532 1862 μεν
565 1801 776 1864 ἀλήθειαν
810 1802 855 1848 ἐκ
888 1805 974 1847 τῶν
1007 1800 1098 1847 κατ’
1131 1799 1341 1862 ἀλήθειαν
1376 1798 1746 1860 διαγεγραμμένων

321 1866 549 1928 ὑπάρχειν,
562 1868 623 1923 εἰς
635 1868 681 1912 δε
694 1866 802 1923 τούς
813 1865 1110 1923 διαλεκτικοὺς
1120 1864 1461 1925 συλλογισμοὺς
1471 1866 1516 1910 ἐκ
1534 1869 1619 1912 τῶν
1637 1862 1745 1909 κατὰ

273 1951 307 1978 10
323 1932 454 1987 δόξαν
486 1932 749 1992 προτάσεων.
798 1934 842 1978 αἱ
875 1931 914 1978 δ’
933 1931 1072 2016 άρχαὶ
1105 1950 1190 1977 των
1201 1934 1515 2014 συλλογισμῶν
1540 1928 1747 1976 καθόλου
1795 1974 1807 1978 ,

321 2016 400 2058 μεν
419 2001 620 2059 ειρηνται,
655 1996 707 2043 ὃν
722 1998 890 2058 τρόπον
909 1996 946 2042 τ’
966 1999 1116 2057 ε’χουσι
1141 1998 1214 2042 καὶ
1239 1994 1291 2041 ὃν
1314 1995 1478 2052 τρόπον
1495 1998 1562 2040 δεῖ
1574 1994 1746 2056 θηρεύ-

321 2082 385 2110 ειν
418 2062 578 2120 αυτάς,
628 2060 747 2119 ὅπως
788 2061 848 2124 μὴ
892 2064 1112 2122 βλέπωμεν
1146 2063 1206 2118 εἷς
1240 2059 1407 2106 ἅπαντα
1436 2079 1488 2105 τα
1522 2060 1745 2120 λεγόμενος,

321 2129 421 2191 μηδ’
450 2130 510 2186 εἰς
541 2126 677 2175 ταυτὰ
706 2129 1098 2186 κατασκευάζοντες
1118 2130 1190 2173 καὶ
1218 2125 1604 2183 άνασκευάζοντες,
1638 2127 1746 2188 μηδὲ

322 2194 715 2278 κατασκευάζοντές
749 2213 792 2241 τε
827 2193 935 2240 κατὰ
956 2193 1120 2250 παντὸς
1139 2191 1172 2255 ἢ
1188 2191 1304 2249 τινὸς
1325 2194 1397 2238 καὶ
1421 2190 1745 2248 ανασκευάζον-

273 2280 306 2307 15
323 2273 391 2318 τες
425 2259 513 2307 απὸ
547 2260 716 2307 πάντων
749 2259 781 2323 ἢ
815 2279 955 2317 τινων,
991 2259 1083 2306 ἀλλ’
1117 2261 1177 2328 εἰς
1210 2258 1367 2305 ἐλάττω
1401 2259 1476 2303 καὶ
1509 2257 1745 2340 m9t6ye'voc3

320 2325 425 2373 καθ’
457 2328 637 2374 ἕκαστον
666 2329 712 2373 δε
741 2327 922 2387 ἐκλέγειν
948 2345 1037 2372 των
1068 2324 1227 2381 ὄντων,
1264 2322 1357 2370 οἶον
1383 2325 1481 2382 περὶ
1495 2322 1687 2384 αγαθοῦ
1715 2321 1745 2386 ἢ

325 2392 573 2457 ἐπιστήμης.
639 2395 745 2439 ἴδιαι
788 2394 834 2438 δε
867 2391 971 2439 καθ’
1004 2391 1190 2455 ἑκάστην
1223 2391 1267 2437 αἱ
1298 2394 1502 2436 πλεῖσται.
1567 2387 1642 2435 διὸ
1669 2407 1746 2446 τας

409 2546 661 2591 26τα]τοΑῙ.
688 2566 731 2572 -
766 2545 976 2590 nala-bns
999 2565 1045 2574 —
1074 2545 1191 2592 μόνον
1212 2546 1273 2599 cd..
1294 2562 1338 2569 —
1370 2542 1428 2588 τὸ]
1451 2541 1496 2579 τὰ
1517 2556 1551 2576 n.
1575 2560 1620 2569 -
1661 2544 1702 2577 31
1723 2538 1744 2579 ὅ

323 2605 378 2626 om
394 2605 429 2625 n.
455 2612 495 2618 —
522 2594 565 2626 35
585 2591 636 2635 δε]
657 2591 689 2625 δ’
702 2590 772 2634 ἕξει
788 2594 840 2641 ns.
1340 2607 1342 2610 >

407 2635 495 2670 4623
513 2636 675 2690 μέθοδος
692 2648 726 2670 u.
750 2656 793 2663 -
805 2633 1003 2670 5ἕκαστον
1017 2646 1083 2668 um.
1097 2653 1143 2660 —
1162 2635 1203 2668 12
1220 2631 1342 2667 πάντα
1364 2633 1400 2666 C.
1417 2650 1460 2657 —
1484 2633 1525 2666 13
1543 2626 1639 2665 hev’tn'c
1652 2632 1690 2664 A.
1702 2650 1745 2656 —

322 2680 385 2715 καὶ
406 2679 713 2723 ἀνασκευάζοντες
730 2693 784 2714 om
801 2682 838 2714 A.
862 2699 907 2706 —
939 2680 980 2714 14
1001 2680 1054 2724 τε]
1078 2678 1118 2713 τὰ
1139 2690 1173 2711 τι.
1197 2698 1241 2704 -
1275 2678 1316 2711 16
1338 2674 1443 2720 καθ’]
1464 2675 1526 2710 καὶ
1541 2673 1630 2710 καθ’
1642 2687 1676 2707 τι.
1699 2692 1746 2701 --

326 2726 365 2759 17
377 2725 454 2769 ἰδίᾳ
468 2726 609 2762 codices.
623 2745 668 2753 —
686 2724 725 2762 δὲ
736 2724 798 2761 καὶ
807 2721 894 2761 καθ’
903 2725 944 2770 Β,
958 2736 999 2769 pr
1015 2726 1051 2759 G.
1062 2742 1107 2750 —·
1121 2722 1271 2759 ἕκαστον
1282 2733 1316 2758 π.
1327 2741 1368 2748 -
1382 2721 1435 2766 αὶ]
1448 2720 1537 2756 εἰσὶν
1549 2719 1589 2756 αὶ
1605 2719 1743 2754 codices.
