1748 3106
178 208 275 241 XXX
737 211 1081 245 PRAEFATIO.

176 309 278 352 telis
309 310 502 353 studium
535 326 634 355 eum
664 313 854 355 fructum
885 313 1000 355 ferat
1027 329 1158 370 quem
1187 314 1356 359 habere
1387 314 1542 373 possit,
1577 316 1652 373 qui

179 389 541 431 commentarium
571 391 800 446 componit
824 390 1052 434 Aristoteli
1084 405 1162 434 suo
1195 405 1248 434 eo
1278 393 1434 435 melius
1471 392 1652 450 prospi-

180 463 281 514 ciet,
330 479 418 521 quo
448 467 588 524 magis
620 466 806 508 aliorum
834 467 999 511 animos
1031 468 1088 510 ad
1120 483 1221 511 eum
1258 475 1484 511 convertat
1516 475 1559 511 et
1595 469 1652 511 ad

179 541 271 583 eius
310 542 503 585 studium
543 543 724 585 excitet:
764 544 886 600 quod
916 546 990 602 qui
1032 546 1211 588 efficere
1246 546 1351 588 velit
1379 560 1468 588 non
1506 545 1654 587 omnia

177 633 291 674 quae
333 618 390 661 de
427 633 475 661 re
505 635 636 676 quam
676 621 866 678 explicet
895 622 984 664 dici
1023 623 1195 680 possint
1225 623 1450 680 proferre,
1492 623 1572 665 sed
1605 629 1652 664 ut

175 695 266 736 veri
295 696 548 752 reperiendi
580 698 870 754 cupiditatem
901 699 1081 757 instiget
1105 706 1148 742 et
1172 700 1431 753 exstimulet,
1468 701 1554 743 alia
1581 701 1652 743 in·-

178 786 328 825 nuere,
376 773 462 819 alia
495 774 728 832 attingere,
771 790 914 833 pauca
946 782 1116 818 tantum
1148 784 1420 834 pertractare
1457 777 1650 820 debebit.

177 848 356 891 Etenim
383 850 428 891 in
461 851 580 893 libris
611 851 814 909 legendis
843 851 931 894 hoc
967 854 1117 910 utique
1150 855 1340 910 primum
1372 860 1450 907 est,
1486 861 1534 897 ut
1560 855 1652 897 veri

176 926 357 968 videndi
388 927 633 984 cupiditate
666 930 837 971 accensi
867 944 955 971 non
985 929 1201 972 discamus
1223 945 1335 986 quae
1363 927 1543 973 ab'aliis
1574 946 1652 974 ex—

176 1003 355 1060 plorata
386 1003 513 1046 nobis
544 1004 784 1057 tradantur,
821 1006 901 1048 sed
932 1007 1087 1049 nostris
1118 1008 1256 1050 oculis
1286 1007 1510 1051 videamus
1541 1024 1654 1065 quae

177 1079 232 1120 ab
266 1080 363 1121 aliis
394 1080 658 1139 investigata
687 1082 795 1124 sint:
831 1098 966 1140 quare
995 1089 1070 1126 aut
1092 1084 1188 1126 aliis
1212 1084 1471 1127 ducentibus
1494 1085 1550 1127 de
1581 1086 1652 1127 in—

176 1162 304 1213 tegro
347 1157 473 1199 nobis
511 1158 823 1201 inveniendum
863 1161 943 1202 erit
983 1160 1103 1217 quod
1139 1161 1205 1203 illi
1245 1162 1333 1204 iam
1375 1162 1654 1220 exploratum

175 1232 413 1275 habuerint
449 1240 524 1276 aut
563 1236 847 1289 tentandum,
891 1243 939 1279 ut
978 1237 1066 1295 ipsi
1105 1237 1374 1280 inveniamus
1415 1238 1536 1295 quod
1579 1239 1653 1280 alii

176 1310 374 1352 nondum
420 1311 626 1354 viderint.
703 1313 894 1355 Accedit
933 1314 1054 1370 quod
1095 1315 1230 1373 longa
1269 1316 1485 1373 expositio
1522 1316 1654 1357 etiam

177 1394 420 1445 propterea
443 1389 671 1431 Aristoteli
703 1404 790 1431 non
823 1391 1041 1444 convenit,
1077 1391 1197 1447 quod
1225 1392 1448 1448 quomodo
1469 1392 1584 1434 inter
1607 1407 1654 1435 se

178 1463 444 1507 cohaereant
474 1481 587 1522 quae
617 1466 817 1508 dicantur
852 1481 905 1509 eo
946 1467 1171 1510 difficilius
1205 1469 1256 1510 fit
1299 1469 1355 1511 ad
1393 1469 1650 1527 intelligen-

179 1541 298 1595 dum,
335 1556 424 1599 quo
454 1543 678 1600 copiosius
707 1549 863 1602 agatur
884 1543 941 1586 de
964 1545 1160 1603 singulis,
1199 1546 1456 1603 praesertim
1477 1546 1521 1588 in
1544 1546 1651 1588 scri-

174 1625 308 1677 ptore
337 1626 381 1662 et
410 1619 579 1678 ingenii
607 1620 832 1662 celeritate
870 1627 914 1662 et
953 1623 1265 1665 sententiarum
1298 1623 1543 1679 frequentia
1583 1623 1653 1664 in-

177 1697 306 1755 signi.
374 1696 502 1750 Quae
535 1712 670 1752 quum
703 1698 766 1739 ita
796 1698 896 1747 sint,
930 1700 1210 1742 excusatione
1234 1715 1323 1742 non
1339 1699 1512 1742 videtur
1532 1699 1650 1741 indi-

174 1788 306 1832 gere,
370 1773 490 1829 quod
544 1774 783 1831 aliquando
831 1774 1120 1817 Aristotelem
1169 1777 1231 1818 ita
1278 1776 1654 1830 illustraverimus,

174 1856 223 1893 ut
259 1851 356 1893 aliis
386 1851 496 1893 locis
531 1865 585 1892 ex
611 1851 853 1893 Aristotele
887 1851 1123 1906 desumtis,
1169 1868 1280 1909 quos
1320 1853 1380 1894 ita
1417 1853 1654 1910 disponere

173 1934 219 1970 et
246 1928 360 1969 inter
390 1943 438 1970 se
468 1928 736 1986 coniungere
766 1928 1031 1982 studuimus,
1082 1935 1130 1970 ut
1159 1935 1398 1987 appareret
1430 1929 1653 1985 quomodo

171 2003 292 2061 quod
324 2005 607 2062 propositum
647 2010 762 2047 esset
793 2005 1005 2062 explicari
1035 2004 1239 2058 deberet,
1284 2006 1478 2048 contenti
1515 2006 1653 2048 fueri-

174 2096 284 2123 mus.
353 2081 481 2124 [dem
511 2081 606 2123 fere
627 2081 810 2124 fecimus
834 2082 908 2124 ubi
935 2082 1145 2139 loquendi
1165 2098 1289 2124 usum
1309 2083 1383 2140 qui
1407 2082 1527 2140 apud
1547 2082 1653 2125 Ari-

176 2159 384 2201 stotelem
412 2159 634 2200 obtineret
663 2184 726 2190 -—
755 2158 886 2201 huius
916 2160 1046 2211 enim,
1081 2166 1129 2202 ut
1151 2160 1324 2218 singula
1349 2161 1462 2203 bene
1486 2160 1653 2202 intelli-

175 2241 397 2294 gerentur,
433 2250 543 2293 prae
573 2236 728 2278 ceteris
752 2237 864 2278 ratio
888 2236 1096 2279 habenda
1123 2252 1218 2279 esse
1237 2237 1468 2280 videbatur
1487 2261 1550 2267 -—
1574 2251 1652 2278 ex·-

171 2313 414 2369 posuimus.
490 2313 692 2369 Namque
734 2314 931 2372 singulos
980 2314 1126 2366 locos,
1172 2329 1282 2371 quos
1326 2329 1379 2357 ex
1410 2313 1651 2356 Aristotele

173 2390 499 2448 exscripsimus,
545 2390 607 2432 ita
636 2391 978 2448 composuimus,
1022 2397 1071 2434 ut
1098 2390 1203 2433 inde
1242 2396 1415 2449 pateret
1454 2396 1498 2433 et
1536 2405 1650 2447 quae

152 2467 379 2524 *princeps
422 2473 537 2510 esset
577 2467 784 2510 vocabuli
824 2467 883 2510 de
918 2483 1006 2525 quo
1049 2474 1258 2527 ageretur
1295 2467 1559 2526 significatio
1605 2474 1650 2510 et

175 2544 401 2599 quomodo
437 2545 634 2601 reliquae
674 2545 728 2586 ab
768 2545 846 2587 illa
884 2545 1128 2588 fluxissent.>
1202 2545 1350 2598 Quare
1381 2559 1470 2587 non
1510 2545 1651 2587 solum

169 2620 258 2662 loci
293 2621 380 2678 ipsi
413 2621 655 2680 diligenter
685 2622 880 2680 legendi,
916 2622 993 2664 sed
1023 2624 1157 2665 etiam
1187 2622 1350 2664 ordinis
1382 2636 1470 2679 quo
1503 2621 1648 2665 collo-⁴

170 2697 256 2739 cati
289 2698 374 2740 sint
414 2700 525 2741 ratio
565 2699 771 2742 habenda
801 2700 904 2753 erit,
956 2706 1004 2742 ut
1041 2700 1314 2758 intelligatur
1344 2713 1432 2755 quo
1468 2698 1644 2740 vinculo

170 2781 507 2818 connectantur:
551 2777 672 2833 quod
711 2777 785 2820 ubi
827 2777 999 2820 facilius
1042 2782 1155 2820 esset
1194 2776 1250 2818 ad
1286 2775 1642 2834 cognoscendum
