1838 3086
657 199 957 246 categoriae.
1488 199 1566 238 311

109 301 214 352 quod
242 297 524 352 interpositum
552 298 657 338 inter
685 312 844 339 sensum
875 301 915 337 et
941 309 1051 347 rem,
1079 309 1181 349 quae
1207 296 1282 336 sub
1310 308 1473 337 sensum
1500 310 1565 337 ca-

106 365 188 414 dit,
217 364 328 402 iilum
357 375 445 402 cum
475 363 550 402 hac
578 363 633 402 ita
662 362 880 414 coniungit,
907 368 954 401 ut
982 373 1126 401 sensus
1155 360 1325 412 quedam
1354 362 1474 402 modo
1503 362 1564 401 af-

106 429 277 468 ficiatur.
324 427 436 466 Idem
473 428 622 466 44⁴1a9
661 427 835 480 appeliat
871 425 920 466 τὸ
956 420 1114 477 μεταξὺ
1145 427 1225 466 τοῦ
1262 424 1564 479 αἰσθητηρίου.

105 493 284 532 1731129
312 504 399 543 sqq.
426 491 475 532 τὸ
502 485 660 542 μεταξὺ
699 491 846 538 (intell.
875 493 956 531 τοῦ
985 488 1166 543 ἄῤῥενος
1192 488 1264 532 καὶ
1289 491 1466 544 θήλεος)
1495 505 1564 543 ge-

104 569 179 596 nus
207 560 391 595 neutrum
420 556 631 607 significat.

53 622 199 659 12a22
225 621 406 659 τοιαῦτα
434 619 653 658 omiserunt
680 618 771 658 edd,
800 617 957 669 priores
986 632 1075 658 cum
1101 620 1287 670 Boethio,
1315 620 1468 659 habent
1495 632 1564 659 co-

103 684 215 723 dices
239 683 399 734 optimi:
428 683 643 721 verisimile
665 686 727 720 est
749 686 881 721 autem
913 696 935 722 e
965 685 1215 723 correctione
1243 688 1334 724 nata
1362 698 1453 724 esse
1482 677 1565 725 ὅσα

101 748 209 788 ἄλλα
228 746 430 799 χρώματα
447 747 538 786 coli.
558 760 618 788 vs.
650 749 722 786 18:
749 759 870 797 quare
898 748 1012 786 nobis
1041 748 1204 797 quidem
1233 761 1326 787 vera
1354 749 1476 788 lectio
1504 749 1564 788 vi-

102 813 222 852 detur
251 807 333 852 ὅσα
360 813 466 852 ἄλλα
488 813 682 859 τοιαῦτα,
707 823 826 863 quum
857 812 1059 863 probabile
1089 812 1142 850 sit
1169 810 1373 864 χρώματα
1400 812 1463 851 his
1492 813 1563 852 ad-

101 877 230 916 ditum
270 890 361 915 esse
396 877 673 928 expiicationis
711 875 862 928 gratia,
907 876 1054 915 deinde
1093 876 1273 916 deletum
1311 877 1432 916 etiam
1472 889 1565 916 esse

99 943 292 987 τοιαῦτα,
323 946 365 979 ut
391 941 491 979 haec
520 940 667 978 similia
695 942 828 978 essent
858 939 909 978 iis
937 953 1039 991 quae
1066 941 1278 980 habuimus
1305 948 1364 980 vs.
1394 943 1458 980 18.
1496 939 1564 980 Sic

101 1007 250 1045 19b13
280 1005 392 1044 addit
419 1003 446 1057 ἢ
476 999 556 1044 ὅσα
584 1005 690 1043 ἄλλα
718 1005 912 1043 τοιαῦτα.

48 1072 99 1110 12
110 1071 192 1108 1126
222 1067 414 1120 στέρησις
452 1067 568 1110 65...
597 1069 802 1107 1022b22
839 1065 1034 1119 στέρησις
1069 1066 1231 1119 λέγεται
1256 1064 1334 1108 ἕνα
1361 1064 1441 1119 μὲν
1465 1067 1564 1119 τρό-

100 1146 186 1174 πον
214 1131 268 1173 ἂν
296 1131 354 1185 μὴ
382 1130 454 1186 ἔχῃ
482 1146 522 1172 τι
548 1133 637 1172 τῶν
663 1131 924 1183 πεφυκότων
959 1128 1156 1184 ἔχεσθαι,
1194 1130 1278 1172 κᾶν
1313 1130 1372 1184 μὴ
1400 1130 1505 1172 αὐτὸ
1533 1127 1565 1185 ᾖ

99 1197 294 1251 πεφυκὸς
315 1195 466 1250 ἔχειν..
483 1193 581 1237 ,ἕνα
602 1194 684 1236 65
668 1195 723 1236 ἀν
743 1194 974 1248 πεφυκὸς’
961 1196 1083 1248 ε’χειν
1103 1195 1130 1249 ἢ
1161 1195 1265 1236 αὐτὸ
1292 1195 1319 1249 ἢ
1346 1195 1395 1237 τὸ
1422 1195 1562 1249 γένος,

99 1262 158 1316 μὴ
190 1260 309 1316 ἔχῃ..
323 1261 412 1303 ,ἔτι
449 1260 503 1301 ἂν
540 1259 735 1313 πεφυκὸς
763 1260 834 1301 καὶ
863 1257 932 1301 ὅτε
959 1260 1152 1312 πέφυκεν
1179 1259 1288 1312 ἔχειν
1316 1259 1375 1313 μὴ
1404 1257 1531 1315 ἔχῃ..

100 1327 260 1379 ὁμοίως
281 1324 327 1367 65
355 1324 427 1367 καὶ
456 1325 501 1367 ἐν
530 1326 563 1366 ὡ
592 1325 647 1366 ἂν
674 1322 704 1378 ᾗ
731 1340 803 1365 και
831 1323 932 1365 καθ’
963 1322 987 1365 ὃ
1015 1324 1090 1366 καὶ
1116 1325 1225 1377 πρὸς
1253 1320 1292 1374 ὅ,
1323 1324 1396 1366 καὶ
1423 1325 1481 1373 ὠς
1509 1323 1563 1365 ἂν

100 1390 158 1445 μὴ
188 1390 261 1446 ἔχῃ
289 1391 492 1440 πεφυκός.
531 1368 590 1431 5'n
616 1390 645 1444 ἡ
673 1389 792 1442 βιαία
820 1387 1002 1430 ἑκάστου
1031 1389 1254 1442 ἀφαίρεσις
1280 1388 1471 1443 στέρησις
1497 1389 1561 1431 λε’-

99 1470 228 1509 γεται.
273 1455 344 1497 καὶ
382 1456 547 1509 ὁσαχῶς
585 1453 632 1496 δὲ
671 1454 717 1495 αἱ
743 1453 827 1495 ἀπὸ
855 1459 936 1496 τοῦ
965 1458 992 1495 ἇ
1021 1454 1262 1508 ἀποφάσεις
1287 1453 1487 1507 λέγονται

99 1520 160 1561 ἔτι
188 1519 260 1561 καὶ
279 1525 338 1573 τῷ
355 1519 512 1572 μικρὸν
532 1518 641 1572 ἔχειν
654 1551 662 1560 .
678 1549 686 1558 .
704 1550 714 1561 .
739 1522 868 1559 τοῦτο
890 1519 929 1559 6'
956 1517 1042 1560 ἐστὶ
1058 1519 1107 1560 τὸ
1127 1519 1307 1569 φαύλως
1326 1532 1417 1567 πως
1437 1517 1560 1572 ἔχειν.

99 1583 159 1626 ἔτι
185 1590 244 1638 τῷ
272 1584 329 1638 μὴ
359 1584 518 1638 ῥᾳδίως
545 1583 572 1637 ἢ
600 1585 660 1640 τῷ
688 1582 746 1637 μὴ
775 1585 988 1632 καλῶς...
1017 1583 1076 1624 ἔτι
1102 1588 1160 1635 τῷ
1190 1583 1328 1638 πάντῃ
1356 1582 1413 1637 μὴ
1442 1583 1560 1637 ἔχειν.

103 1650 168 1692 Cf.
202 1652 410 1689 1046a32.
453 1651 492 1689 in
519 1651 583 1688 his
611 1650 735 1702 igitur
763 1643 954 1701 στέρησις
983 1650 1102 1688 latius
1130 1656 1245 1702 patet
1273 1663 1392 1701 quam
1421 1655 1560 1688 nostro

100 1715 210 1753 loco:
241 1727 363 1765 quare
391 1728 468 1753 non
497 1715 641 1753 mirum
671 1719 758 1761 est,
787 1716 892 1764 quod
922 1719 1061 1753 nostro
1090 1714 1177 1753 loco
1206 1714 1415 1764 distinguit
1441 1717 1562 1764 quat-

98 1785 191 1818 tuor
230 1778 506 1830 oppositorum
541 1791 709 1830 genera,
749 1778 788 1816 in
820 1777 1052 1829 Metaphys.
1085 1783 1218 1816 autem
1254 1790 1389 1816 rerum
1428 1777 1561 1817 causis

99 1844 200 1883 bene
215 1843 423 1894 perpensis
444 1855 600 1880 omnem
624 1854 759 1880 rerum
790 1842 1075 1879 contrariarum
1105 1841 1398 1892 oppositionem
1428 1854 1451 1879 a
1478 1842 1560 1893 pri-

100 1907 257 1945 vatione
294 1907 463 1958 repetit:
503 1908 703 1944 1055a33
730 1903 878 1956 πρώτη
919 1902 965 1945 65
992 1901 1237 1953 ἐναντίωσις
1265 1902 1346 1954 ἕξις
1372 1902 1447 1944 καὶ
1474 1903 1559 1944 στέ-

99 1969 217 2024 ρησίς
246 1967 360 2010 ἐστιν
389 1971 523 2015 (1891)
540 1972 590 2008 23
620 1968 708 2021 ἅμα
737 1967 783 2009 65
809 1968 882 2009 καὶ
908 1969 1128 2010 ἀδύνατον
1154 1968 1328 2016 πλείους
1356 1965 1466 2009 εἶναι
1492 1966 1559 2009 ἐν-

98 2034 317 2082 αντιώσεις
342 2032 417 2082 τὰς
443 2034 627 2085 πρώτας,
656 2036 708 2073 ib.
736 2037 788 2073 26
817 2033 881 2074 ἀεὶ
907 2033 990 2087 γὰρ
1020 2031 1067 2074 ἐν
1094 2032 1157 2074 ἑνὶ
1184 2031 1297 2087 γένει
1323 2033 1400 2085 μία
1428 2032 1559 2074 ἐναν-

94 2099 238 2147 τίωσίς
277 2097 385 2149 ἐστι,
433 2099 565 2139 πᾶσαί
600 2113 643 2139 τε
681 2098 728 2138 αἱ
761 2095 1028 2146 ἐναντιώσεις
1073 2098 1313 2151 ἀνοίγεσθαι
1351 2098 1559 2140 δοκοῦσιν

98 2163 157 2212 εἰς
193 2162 341 2215 μίαν)·
379 2163 432 2204 οὐ
470 2168 587 2204 πᾶσα
626 2162 671 2203 65
709 2161 904 2215 στέρησις
941 2164 1182 2215 (πολλαχῶς
1217 2162 1299 2216 γὰρ
1336 2162 1498 2216 λέγεται
1528 2163 1558 2217 ἦ

98 2226 334 2280 στέρησις),
372 2226 459 2285 ἀλλ’
498 2226 589 2280 ἥτις
629 2225 682 2266 ἂν
718 2228 853 2268 τελεία
888 2224 930 2280 ᾖ.
969 2226 1021 2268 τὰ
1049 2228 1088 2268 δ’
1117 2229 1225 2267 ἄλλα
1248 2226 1421 2268 ἐναντία
1450 2227 1558 2269 κατὰ

97 2297 234 2334 ταῦτα
256 2291 516 2345 λεχθήσεται,
545 2290 598 2331 τὰ
625 2289 703 2343 μὲν
730 2293 790 2346 τῷ
820 2290 941 2345 ἔχειν,
971 2291 1023 2332 τὰ
1051 2290 1097 2332 65
1124 2296 1182 2344 τῷ
1210 2295 1350 2333 ποιεῖν
1376 2291 1403 2345 ἢ
1432 2305 1558 2345 ποιη-

99 2356 194 2399 τικὰ
230 2352 361 2405 εἶναι,
402 2355 454 2396 τὰ
493 2354 539 2396 65
574 2359 632 2407 τῷ
668 2353 815 2408 λήψεις
850 2352 960 2397 εἶναι
997 2355 1068 2397 καὶ
1095 2355 1307 2408 ἀποβολαὶ
1334 2358 1502 2398 τούτων
1528 2357 1555 2411 ἢ

98 2423 238 2463 ἄλλων
259 2419 478 2461 ἐναντίων.
508 2420 544 2460 εί
570 2419 623 2474 δὴ
653 2419 881 2461 ἀντίκειται
908 2421 986 2473 μὲν
1014 2420 1240 2471 ἀντίφασις
1266 2420 1338 2462 καὶ
1366 2420 1556 2476 στέρησις

97 2485 170 2527 καὶ
198 2484 443 2538 ἐναντιότης
469 2485 541 2526 καὶ
568 2485 620 2525 τὰ
647 2485 755 2536 πρός
781 2499 833 2536 τι,
862 2486 1030 2527 τούτων
1058 2485 1104 2526 65
1123 2487 1295 2538 πρῶτον
1315 2486 1553 2538 ἀντίφασις,

98 2551 365 2605 ἀντιφάσεως
394 2550 439 2592 65
467 2549 607 2603 μηθὲν
636 2547 724 2590 ἐστι
753 2550 931 2602 μεταξύ,
974 2552 1062 2591 τῶν
1089 2549 1134 2591 65
1163 2549 1371 2591 ἐναντίων
1398 2550 1554 2606 ἐνδέχε-

98 2628 188 2665 ται,
221 2616 286 2658 ὅτι
323 2615 402 2669 μὲν
431 2615 484 2656 οὐ
511 2613 671 2655 ταύτὸν
698 2612 926 2668 ἀντίφασις
951 2614 1023 2656 καὶ
1043 2615 1248 2656 τάναντία
1277 2616 1423 2671 δῆλον,
1450 2616 1480 2671 ἤ
1507 2617 1554 2658 65

100 2675 291 2734 στέρησις
325 2679 549 2732 ἀντίφασίς
587 2678 649 2727 τίς
688 2678 870 2722 ἐστιν...
895 2679 930 2720 εἰ
958 2679 1010 2733 δὴ
1041 2679 1086 2720 αἱ
1111 2680 1293 2732 γενέσεις
1320 2686 1372 2735 τῇ
1400 2680 1554 2736 ὕλῃνέκ

99 2745 187 2786 τῶν
213 2744 433 2798 ἐναντίων,
460 2745 685 2800 γίγνονται
714 2743 760 2785 65
786 2744 813 2798 ἢ
843 2743 889 2785 ἐκ
916 2748 995 2786 τοῦ
1024 2744 1167 2793 εἴδους
1194 2744 1268 2786 καὶ
1294 2749 1371 2801 τῆς
1391 2750 1472 2788 τοῦ
1495 2747 1552 2788 εἵ-

101 2810 206 2859 δους
243 2809 365 2861 ἕξεως
400 2810 428 2864 ἢ
467 2807 513 2853 ἐκ
548 2809 782 2864 στερήσεώς
817 2822 935 2858 τινος
971 2812 1052 2851 τοῦ
1079 2809 1224 2859 εἴδους
1249 2809 1422 2866 καὶτῆς
1447 2826 1554 2865 μορ-
