1722 3112
549 210 814 257 Analyticn
838 209 1015 255 priora.
1464 210 1545 250 535

91 307 289 362 καμπήν,
316 307 394 360 ἀφ’
419 301 471 363 ἧς
494 308 523 363 ἦ
540 302 681 364 κνήμη
699 305 915 362 πέφυκεν,
951 307 1039 350 ὑπὸ
1069 312 1123 362 τῇ
1150 306 1304 362 γαστρὶ
1322 308 1548 362 γίγνεσθαι

91 372 319 426 προϊόντος
342 374 490 415 αὐτοῦ.
538 376 713 415 713ὺ27
740 376 828 415 τῶν
858 372 905 415 δὲ
935 373 1152 427 καρκίνων
1180 372 1211 427 ἦ
1229 373 1389 425 κάμψις
1417 374 1476 424 εἰς
1496 374 1546 417 τὸ

90 438 274 491 πλάγιον
302 468 313 480 .
338 469 349 479 .
373 470 385 481 .
422 437 494 481 διὰ
526 439 574 481 τὸ
605 439 898 493 σκληρόδερμα
928 435 1039 480 εἶναι
1065 437 1117 480 τὰ
1147 439 1263 480 κῶλα
1293 437 1366 480 καὶ
1395 438 1545 493 ὀστρα-

89 502 207 556 κώδη
234 505 327 544 ὄντι
346 504 400 544 οὐ
419 506 624 560 νευστικῷ
643 503 715 545 καὶ
736 504 1023 558 τρωγλοδύτῃ.
1062 506 1139 544 714
1151 519 1172 544 a
1184 506 1235 543 21
1253 506 1343 552 τοῖς
1367 502 1445 557 μὲν
1463 504 1545 557 γὰρ

91 567 116 609 ὁ
141 567 236 621 βίος
255 567 302 610 ἐν
323 574 382 623 τῷ
406 570 519 626 ξηρῷ
533 598 544 617 ,
573 567 789 622 μετέωρον
811 568 849 610 δ’
870 568 935 610 ἀεὶ
950 568 1091 622 μένειν
1119 568 1345 610 ἀδύνατον.
1399 572 1546 610 736111

89 633 300 685 προϊόντα
323 633 370 675 δὲ
391 633 463 675 καὶ
493 632 573 687 τὴν
605 632 860 686 αἰσθητικήν
891 634 1034 681 (intell.
1058 630 1203 687 ἔχουσι
1231 634 1419 688 ψυχήν),
1445 636 1546 676 καθ’

90 697 147 750 ἢν
177 698 298 749 ζῷον.
356 700 513 739 681b2
553 694 873 751 ἐπαμφοτερίζει
903 695 948 738 δὲ
982 701 1112 739 τοῦτο
1147 700 1387 751 (praecessit
1416 706 1548 740 autem

52 780 56 784 -
93 760 436 814 ὀστρακόδερμα)
459 761 530 804 καὶ
550 767 674 816 φυτῷ
693 761 766 804 καὶ
788 761 878 816 ζῴῳ
897 761 977 815 τὴν
996 762 1142 815 φύσιν.
1173 767 1232 816 τῷ
1251 761 1328 816 μὲν
1341 761 1423 815 γὰρ
1441 762 1549 805 ἀπο-

89 826 269 867 λύεσθαι
292 825 364 868 καὶ
385 826 664 878 προσπίπτειν
682 827 790 880 πρὸς
819 826 900 882 τὴν
926 826 1097 881 τροφὴν
1119 826 1234 876 ἐνίας
1256 828 1425 877 (κνίδας
1442 830 1548 870 enim

0 866 3 993 ῐ
91 898 133 932 et
152 890 376 946 ἀκαλήφας
395 895 436 933 in
457 899 589 933 mente
614 894 759 942 habet,
802 907 899 946 quas
920 895 1244 934 commemoravit
1264 907 1286 933 a
1309 897 1380 941 36)
1404 893 1549 934 αὐτῶν

0 998 1 1013 ¹
94 956 248 1010 ζῳϊκόν
268 954 354 998 ἐστι
372 955 444 998 καὶ
461 958 521 1012 τῷ
543 956 829 997 αἰσθάνεσθαι
846 957 934 997 τῶν
962 957 1328 1010 προσπιπτόντων.
1369 961 1447 998 911
1461 959 1549 998 1131

0 991 12 1061 l
90 1020 300 1063 δύνανται
321 1021 556 1074 διακρίνειν
566 1022 612 1062 αἱ
622 1024 754 1073 ὄψεις,
770 1017 858 1076 ὅσῳ
874 1020 1103 1076 ἐγγύτερόν
1119 1020 1205 1063 ἐστι
1223 1022 1409 1073 θάτερον
1424 1021 1549 1064 θατέ-

91 1099 174 1138 ρου
190 1085 348 1140 μέρους
358 1090 434 1141 τῆς
450 1087 738 1140 περιφερείας·
757 1085 907 1139 πόῤῥω
929 1085 975 1128 δὲ
992 1085 1218 1141 γινομένης
1236 1087 1290 1128 οὐ
1304 1087 1547 1129 διαισθάνε-

88 1164 171 1194 ται.
199 1155 279 1191 879
291 1155 315 1193 b
328 1155 374 1192 11
388 1150 463 1193 ἐὰν
473 1148 555 1193 οὖν
566 1152 810 1206 ὑπερβάλλῃ
820 1167 883 1201 τις
903 1157 957 1206 τῇ
969 1153 1154 1208 λαγνείᾳ,
1176 1152 1345 1202 τούτοις
1358 1151 1550 1194 ἐνταῦθα

91 1214 352 1269 συνέρχεται.
401 1220 576 1258 746318
603 1217 700 1269 περὶ
722 1216 768 1258 δὲ
789 1215 969 1259 ἕκαστον
990 1219 1078 1259 τῶν
1100 1216 1302 1271 ἐμβρύων
1321 1216 1368 1259 οῖ’
1383 1218 1429 1258 θ’
1449 1216 1548 1271 ὑμέ-

88 1293 162 1328 νες
182 1279 256 1322 καὶ
276 1280 324 1322 τὸ
346 1281 494 1335 χόριόν
513 1280 639 1325 ἐστιν.
687 1286 861 1323 356324
889 1283 948 1332 εἰς
967 1281 1013 1325 δὲ
1033 1281 1112 1337 τὴν
1132 1286 1216 1338 γῆν
1235 1282 1405 1331 οὐθείς,
1442 1281 1549 1323 ἀλλὰ

0 1380 3 1382 .
121 1343 172 1385 ’ν
207 1345 433 1401 ἀφανισθῇ
445 1378 457 1397 ,
497 1347 625 1389 πάλιν
667 1346 976 1390 ἀναδύνουσιν.
1045 1351 1125 1388 880
1137 1350 1160 1388 b
1175 1352 1198 1388 1
1227 1346 1425 1401 έξεφύετο
1457 1339 1549 1395 τοῖς

0 1386 29 1468 Ξ
182 1410 229 1451 αἱ
246 1411 381 1465 τρίχες
398 1415 487 1461 τοῖς
509 1412 555 1454 δὲ
573 1412 625 1454 τὰ
646 1411 800 1464 πτεράε
827 1427 917 1453 cum
938 1414 1080 1466 quibus
1102 1414 1156 1454 cf.
1178 1427 1279 1465 quae
1301 1414 1474 1453 diximus
1498 1413 1549 1452 ad

0 1475 20 1507 '³5
150 1478 213 1516 b2
235 1482 352 1526 extr„
372 1479 423 1518 ad
443 1480 469 1516 4
481 1482 539 1518 a8
552 1483 594 1518 et
604 1479 652 1518 ad
665 1481 796 1518 28a6.
824 1478 974 1517 Similia
996 1484 1088 1518 sunt
1107 1479 1172 1518 ubi
1191 1481 1375 1517 neutrum
1390 1477 1546 1516 numeri

166 1543 259 1581 ralis
284 1543 404 1581 modo
424 1543 673 1593 coniungitur
690 1556 780 1582 cum
813 1543 934 1581 verbo
966 1542 1133 1593 plurali,
1172 1543 1275 1581 sicut
1294 1545 1435 1579 nostro
1456 1540 1546 1579 loco

86 1616 145 1642 vs.
162 1606 189 1643 4
211 1619 270 1657 sq.
297 1604 350 1646 τὰ
379 1605 416 1646 δ’
439 1604 706 1652 ἀντικείμενα
733 1603 1011 1653 περαίνονται
1027 1627 1077 1634 —
1099 1605 1215 1657 plura
1234 1618 1268 1643 v.
1289 1618 1350 1656 ap.
1372 1604 1544 1644 Zellium

85 1668 136 1703 ad
147 1665 280 1703 Ethic.
297 1666 454 1707 Nicom.
476 1666 506 1711 1,
528 1667 566 1713 1,
587 1668 614 1704 2
627 1671 667 1705 et
679 1666 749 1713 Vl,
766 1668 807 1714 4,
823 1669 861 1704 4.
891 1668 1010 1704 87114
1029 1664 1135 1706 ὅταν
1147 1668 1199 1707 τὰ
1219 1666 1472 1719 δεικνύμενα
1485 1697 1495 1707 .
1510 1697 1520 1707 .
1535 1695 1546 1706 .

91 1720 181 1767 ὦσι.
209 1730 287 1767 327
301 1730 324 1768 b
336 1731 388 1767 10
405 1726 458 1768 τὰ
477 1727 797 1780 διαπορηθέντα
815 1727 976 1768 λύοιντ’
996 1730 1064 1768 ἄν.
1093 1733 1171 1769 337
1183 1744 1204 1769 a
1217 1733 1269 1769 10
1283 1730 1337 1770 οὐ
1357 1730 1544 1771 διεστᾶσι

91 1790 144 1832 τὰ
167 1791 356 1843 σώματα.
409 1796 588 1834 480b15
617 1793 814 1844 αἴρονται
837 1791 913 1834 καὶ
934 1791 987 1833 τὰ
1009 1792 1201 1845 βράγχια.
1254 1795 1370 1834 9881)
1384 1797 1409 1832 5
1435 1794 1484 1835 τὸ
1505 1794 1548 1835 τί

87 1850 143 1909 ἦν
172 1851 284 1898 εἶναι
310 1855 471 1912 ἑκάστῳ
501 1858 589 1899 τῶν
613 1859 757 1898 ἄλλων
785 1856 839 1899 τὰ
876 1857 968 1909 εἴδη
995 1855 1272 1911 παρέχονται,
1312 1871 1414 1909 quae
1448 1860 1545 1898 satis

88 1923 305 1962 ostendunt
342 1936 549 1963 numerum
578 1924 817 1976 singularem
850 1925 899 1964 ab
921 1924 1139 1964 Aristotele
1162 1936 1240 1962 non
1264 1935 1427 1975 semper
1448 1923 1544 1974 poni

87 1987 156 2026 ubi
184 1987 235 2027 de
267 1988 387 2026 rebus
420 1988 644 2027 inanimatis
673 2000 806 2027 sermo
835 1988 888 2027 sit
909 2009 961 2016 —
981 1988 1100 2026 modo
1130 1999 1220 2026 cum
1253 1987 1375 2026 verbo
1407 1987 1545 2038 singu·

87 2051 185 2100 lari,
223 2064 258 2092 v·
282 2054 459 2091 660a31
487 2050 540 2092 τὰ
572 2050 611 2092 δ’
641 2050 794 2104 ἔναιμα
823 2081 832 2091 .
857 2079 868 2089 .
894 2080 904 2090 .
946 2050 1150 2104 βραχεῖαν
1177 2052 1252 2105 τῆς
1283 2053 1434 2103 φωνῆς
1452 2050 1545 2102 ’ἔχει

42 2159 44 2161 ,
89 2113 377 2167 διάρθρωσιν·
407 2116 598 2169 σκληράν
615 2130 659 2157 τε
675 2114 760 2169 γὰρ
778 2114 850 2157 καὶ
867 2114 948 2157 οὐκ
969 2113 1289 2169 ἀπολελυμένην
1307 2112 1452 2167 ἔχουσι
1474 2115 1546 2158 καὶ

87 2181 266 2231 παχεῖαν
289 2178 368 2233 τὴν
388 2182 592 2234 γλῶτταν.
655 2184 732 2221 717
747 2183 832 2222 bll
855 2183 1018 2222 θᾶττον
1048 2179 1127 2233 μὲν
1158 2175 1240 2220 οὗν
1273 2179 1470 2234 ὀχεύουσι
1492 2180 1545 2222 τὰ

89 2242 209 2292 ἐντὸς
226 2240 396 2297 ἔχοντα·
423 2243 496 2286 καὶ
519 2243 603 2298 γὰρ
621 2245 672 2286 τὰ
689 2242 807 2295 ἐκτὸς
824 2241 975 2299 ἔχοντα
999 2245 1053 2286 οὐ
1071 2245 1282 2298 πρότερον
1303 2244 1351 2286 τὸ
1375 2244 1541 2298 σπέρμα

87 2308 250 2362 ἀφίησι.
304 2310 485 2350 762δ25
514 2305 632 2362 ὅμως
661 2308 812 2364 ἔναιμά
842 2308 950 2361 ἐστι,
987 2309 1061 2352 καὶ
1077 2309 1262 2361 καρδίαν
1289 2309 1431 2363 ἔχουσι
1461 2309 1542 2365 τὴν

87 2373 235 2429 ἀρχήν.
290 2376 463 2414 8640:ss
493 2373 701 2427 φέρονται
728 2374 800 2425 (τὰ
824 2375 1049 2429 φάρμακα)
1082 2373 1183 2416 καθ’
1209 2373 1370 2428 οὕσπερ
1391 2375 1420 2430 ἡ
1441 2390 1540 2428 τρο-

88 2436 151 2492 φὴ
173 2438 340 2491 πόρους
362 2438 422 2487 εἰς
440 2438 515 2488 τὰς
543 2440 725 2494 φλέβας,
754 2441 809 2482 οὐ
829 2439 1050 2493 πεφθέντα
1069 2439 1116 2482 δὲ
1140 2439 1246 2482 ἀλλὰ
1266 2441 1539 2495 κρατήσαντα

88 2502 284 2546 ἐκπίπτει.

34 2571 88 2609 69
141 2572 175 2620 5,
204 2569 281 2609 Per
319 2570 582 2610 obiectiouem
612 2572 871 2612 universalem
899 2573 939 2611 in
967 2571 1118 2625 prima,
1155 2584 1229 2622 per
1257 2571 1536 2622 particularem

0 2571 267 2814 *nia
285 2634 412 2685 figura
434 2634 701 2674 adversarium
714 2637 902 2689 redargui
921 2636 1114 2689 exemplis
1133 2636 1311 2675 ostendit
1321 2647 1378 2677 vs,
1393 2637 1539 2685 5—19‚

0 2801 20 2821 O

187 2700 329 2738 mentis
357 2699 587 2750 comprobat
612 2711 668 2739 vs.
692 2701 861 2741 19—32.

214 2761 263 2803 τὸ
289 2761 368 2816 μὲν
396 2758 477 2804 οὖν
503 2762 677 2805 πάντων
705 2795 715 2805 .
742 2793 751 2804 .
778 2794 790 2806 .
818 2765 862 2805 In
890 2766 1015 2818 prima
1043 2764 1170 2818 figura
1198 2764 1280 2804 sic:
1306 2762 1394 2804 τῶν
1420 2761 1536 2804 ἀντι-
