1734 3100
172 190 250 230 450
689 188 935 232 Analytica
958 189 1128 232 priora.

228 299 344 338 quam
378 286 547 325 maxime
584 285 835 324 universalia:
874 297 1041 335 namque
1075 284 1204 322 littera
1234 282 1278 322 K
1312 282 1353 321 in
1380 283 1460 322 KZ
1495 288 1537 323 et
1570 284 1657 323 ΚΓ

228 350 326 389 nihil
354 349 459 388 aliud
485 348 679 398 significat
704 359 823 397 quam
849 346 1066 387 καθόλουε
1103 346 1207 385 unde
1243 349 1354 397 patet
1381 358 1458 384 non
1486 346 1652 397 proban-

228 413 319 452 dam
347 424 437 450 esse
463 410 684 460 explicandi
710 410 897 450 rationem
927 423 1044 460 quam
1069 409 1138 448 Iul.
1154 408 1291 448 Pacius
1320 408 1533 460 ingressus,
1560 408 1653 447 Zel-

230 475 303 513 lius
341 478 484 523 autem,
520 477 565 511 ιιι
602 473 715 519 solet,
754 478 915 512 secutus
944 477 1029 511 est:
1066 474 1178 522 putat
1205 471 1308 510 enim
1336 471 1478 510 litteris
1507 470 1588 510 KZ
1616 475 1657 509 et

230 537 316 576 ΚΓ
339 536 449 574 binas
477 535 632 585 species
662 535 837 574 eiusdem
866 536 1020 588 generis
1048 535 1183 573 notari.
1238 533 1376 583 Neque
1397 534 1501 585 quod
1523 534 1655 584 dispu-

231 600 329 639 tavit
346 599 463 636 Biese
482 597 510 636 l.
532 610 570 648 p.
594 599 670 635 168
704 589 752 636 ab
782 599 884 636 omni
911 601 1024 648 parte
1049 597 1149 635 bene
1182 597 1313 635 habet.
1378 596 1508 645 Quum
1543 595 1659 646 igitur

231 673 288 701 vs.
311 662 361 699 17
389 661 628 711 exposuerit,
666 661 732 711 qui
759 660 828 700 fiat
864 660 1126 712 syllogismuS,
1155 660 1197 698 -si
1224 661 1277 697 sit
1305 658 1422 698 F=
1440 659 1488 706 Z,
1524 661 1658 697 nostro

233 724 320 764 loco
357 724 434 762 hoc
470 723 613 762 adiicit.
677 722 807 761 Etiam
845 723 878 761 si
907 723 949 762 Γ
980 728 1021 761 et
1051 723 1086 761 Z
1122 735 1198 761 non
1225 722 1302 761 sint
1339 721 1492 770 eadem,
1528 725 1658 759 tamen

233 787 324 826 fieri
349 789 494 837 potest,
522 790 566 824 ut
593 785 734 824 eodem
760 797 904 834 genere
932 786 1200 823 contineantur
1216 783 1525 831 (ΚΖΞΚΓ),
1553 782 1657 832 quod

236 850 271 889 si
287 848 619 899 investigavimus,
646 849 826 886 inventus
848 847 936 895 erit,
965 859 1082 897 quem
1100 847 1337 897 quaerimus,
1365 846 1554 884 terminus
1576 856 1659 882 me-

234 912 343 952 dius:
380 924 470 949 nam
498 912 533 949 si
561 911 612 948 de
637 910 713 948 hoc
740 921 885 959 genere
912 909 1048 958 (KZ),
1085 908 1190 959 quod
1226 908 1476 960 praedicatur
1503 907 1553 945 de
1579 911 1660 944 ter-

234 975 341 1014 mino
368 975 422 1020 E,
458 972 710 1023 praedicatur
737 971 790 1018 A,
826 971 944 1011 etiam
982 971 1032 1010 de
1058 972 1100 1010 E
1136 971 1383 1022 praedicetur
1419 971 1460 1008 A
1497 979 1662 1020 necesse

235 1040 319 1084 est3
360 1036 419 1074 sin
446 1038 576 1073 autem
605 1035 649 1080 (b
661 1035 705 1080 2)
734 1034 776 1072 A
800 1046 876 1072 non
902 1034 1149 1085 praedicatur
1176 1034 1227 1072 de
1255 1033 1345 1080 KZ,
1387 1033 1476 1071 fieri
1505 1031 1662 1082 quidem

235 1102 379 1152 potest,
406 1102 449 1137 ut
476 1097 724 1149 praedicetur
751 1097 802 1135 de
829 1097 912 1135 eius
940 1098 1074 1148 specie
1094 1098 1129 1136 Z
1159 1101 1198 1136 et
1217 1097 1252 1134 Z
1279 1097 1328 1135 de
1345 1096 1386 1134 E
1406 1095 1529 1142 (unde
1546 1093 1662 1132 etiam

237 1164 278 1202 A
305 1162 356 1200 de
375 1162 451 1208 E),
479 1160 550 1198 sed
577 1160 653 1198 hoc
681 1160 736 1199 ita
763 1172 853 1198 esse
878 1160 1039 1199 minime
1065 1159 1330 1198 necessarium
1359 1162 1433 1199 est.
1489 1158 1564 1196 Est
1589 1155 1663 1206 igi-

236 1229 302 1264 tur
326 1225 405 1263 hoc
431 1222 536 1273 quod
563 1223 673 1261 dicit.
737 1222 794 1261 Ut
828 1223 1049 1261 inveniatur
1075 1222 1235 1269 medius·
1262 1221 1466 1268 terminus,
1502 1217 1663 1258 investi-

236 1287 363 1339 ganda
396 1290 488 1324 sunt
521 1298 621 1336 quae
656 1285 826 1323 maxime
860 1285 1091 1323 universalia
1126 1288 1236 1323 sunt:
1274 1296 1361 1322 nam
1400 1295 1566 1333 quorum
1602 1280 1663 1319 di-

239 1362 377 1390 versae
413 1351 506 1386 sunt
541 1348 720 1398 species,
758 1360 803 1385 ea
841 1348 879 1386 in
918 1347 1196 1387 universalibus
1232 1350 1418 1398 (genere)
1457 1342 1665 1395 aliquando

238 1412 482 1453 conveniunt.
811 1441 814 1443 Α

187 1477 309 1516 44b3
336 1472 492 1524 ὁμοίως
519 1470 565 1511 δὲ
592 1501 601 1512 .
621 1499 630 1510 .
653 1499 663 1509 .
707 1471 806 1511 Item
831 1472 1048 1522 indaganda
1075 1476 1165 1512 sunt
1191 1486 1238 1512 ea
1264 1473 1314 1511 de
1342 1472 1481 1523 quibus
1497 1468 1667 1508 maxime

240 1536 522 1577 universalibus
551 1534 801 1586 praedicatur
828 1536 1015 1574 terminus
1043 1535 1097 1583 A,
1134 1536 1171 1574 h.
1201 1549 1235 1574 e.
1266 1535 1368 1574 KP:
1405 1546 1494 1573 nam
1521 1532 1555 1570 si
1585 1529 1671 1569 ΚΓ

239 1616 300 1632 ==
328 1598 420 1646 KZ,
447 1597 737 1647 praedicabitur
763 1598 804 1636 A
829 1598 880 1636 de
906 1609 1051 1648 genere
1079 1597 1160 1636 KZ
1187 1602 1227 1636 et
1253 1599 1304 1637 de
1332 1598 1464 1648 specie
1487 1588 1522 1634 Z
1549 1598 1590 1633 et
1617 1594 1668 1632 de

237 1661 408 1700 termino
436 1661 478 1699 E
514 1659 654 1708 quiea
689 1660 933 1706 continetnr3
971 1660 1032 1698 sin
1070 1663 1201 1698 autem
1228 1660 1269 1697 A
1305 1672 1382 1698 non
1419 1658 1669 1710 praedicatur

239 1723 291 1762 de
317 1734 466 1774 genere
493 1721 588 1768 KZ,
626 1725 756 1758 tamen
793 1721 881 1758 fieri
917 1721 1122 1770 aliquando
1158 1725 1304 1772 potest,
1343 1727 1386 1760 ιιι
1421 1720 1669 1772 praedicetur

240 1787 292 1825 de
319 1783 454 1835 specie
476 1783 524 1821 Z.
569 1782 806 1832 Exemplum
834 1781 884 1820 de
915 1794 992 1832 quo
1019 1783 1191 1833 loquitur
1217 1797 1272 1822 vs.
1296 1786 1398 1823 3—5
1425 1785 1473 1823 ab
1502 1795 1548 1821 eo
1565 1779 1670 1831 quod

239 1847 446 1886 habuimus
469 1847 572 1882 1-3
590 1856 670 1881 non·
688 1844 822 1882 differt
840 1844 914 1882 nisi
937 1856 998 1890 eo,
1028 1846 1130 1895 quod
1150 1859 1207 1884 vs.
1230 1848 1252 1883 l
1280 1846 1421 1884 sumsit
1438 1857 1559 1896 genus
1579 1856 1669 1894 spe-

242 1910 317 1948 ciei
330 1908 379 1955 Z,
405 1919 464 1947 vs.
480 1909 504 1943 3
519 1918 613 1946 sero
631 1917 754 1955 genus
774 1906 920 1957 speciei
938 1907 992 1944 F:
1019 1920 1143 1957 genus
1158 1909 1285 1959 ipsum
1305 1913 1433 1946 autem
1461 1908 1568 1945 idem
1596 1909 1670 1945 est.

191 1973 313 2011 44b6
339 1967 408 2009 διὰ
433 1968 519 2007 τῶν
546 1967 676 2018 τριῶν
702 1965 818 2016 ὅρων
837 1965 908 2011 καὶ
926 1968 1013 2007 τῶν
1035 1967 1115 2008 δύο
1137 1969 1395 2020 προτάσεων,
1423 1971 1563 2020 quibus
1581 1981 1671 2007 ver-

244 2035 304 2072 bis
323 2031 593 2083 syllogismum
614 2030 833 2080 simplicem
855 2030 1063 2082 significat,
1090 2045 1206 2085 quem
1229 2035 1421 2071 13571117
1440 2036 1479 2070 et
1500 2031 1671 2068 1014’b2

243 2100 355 2135 vocat
380 2092 456 2133 τὸν
483 2092 654 2143 πρῶτον
680 2091 984 2143 συλλογισμόν;
1012 2094 1065 2135 cf.
1087 2090 1247 2135 491128.
1303 2095 1371 2133 Sic
1390 2095 1513 2133 som
1537 2092 1608 2133 διά
1627 2104 1671 2133 τε

245 2156 362 2208 ὅρων
387 2156 519 2207 τριῶν
544 2154 616 2196 καὶ
641 2153 886 2206 προτάσεων
912 2154 1003 2196 δύο.

195 2222 282 2262 441)
295 2223 344 2259 21
371 2222 512 2268 πᾶσιν,
539 2220 578 2258 h.
606 2232 641 2257 e.
670 2216 952 2272 ὁποτερῳοῦν,
981 2222 1022 2258 et
1047 2219 1184 2258 maiori
1211 2220 1375 2259 termino
1394 2223 1434 2258 et
1454 2219 1607 2258 minori.
1623 2240 1672 2247 —

249 2283 320 2324 Vs.
341 2286 394 2323 22
419 2280 742 2334 κατασκευάζειν
759 2279 846 2333 μὲν
872 2280 954 2333 γὰρ
982 2310 992 2320 .
1015 2313 1026 2324 .
1048 2311 1058 2322 .
1086 2296 1254 2334 namque
1281 2283 1315 2322 si
1342 2286 1546 2322 sumuntur
1573 2293 1674 2332 quae

248 2350 342 2387 sunt
369 2347 647 2398 consequentia
682 2348 723 2385 et
760 2345 920 2384 maioris
956 2345 1115 2385 termini
1150 2350 1190 2384 et
1225 2346 1399 2393 minoris,
1426 2345 1674 2395 syllogismus

249 2409 338 2448 fieri
363 2409 528 2448 deberet
551 2409 591 2448 in
619 2407 791 2448 secunda
816 2408 956 2459 figura,
983 2409 1021 2446 in
1049 2420 1123 2458 qua
1151 2408 1348 2447 conclusio
1365 2407 1566 2446 affirmans
1585 2417 1675 2444 esse

251 2472 399 2522 nequit.
435 2494 488 2501 —
549 2471 619 2512 vs.
640 2473 691 2510 23
717 2469 962 2523 ἀποστερεῖν
999 2469 1036 2510 δ’
1076 2469 1154 2510 οὐκ
1278 2484 1366 2510 nam
1400 2474 1445 2509 ut
1476 2468 1675 2508 conclusio

250 2546 396 2584 negans
425 2538 552 2584 exeat,
579 2534 849 2589 etiampaltera
874 2533 1094 2585 propositio
1120 2546 1264 2585 negare
1291 2533 1422 2571 debet.
1452 2571 1457 2577 ,

202 2596 348 2635 44b25
376 2591 565 2647 Sequitur
590 2601 636 2635 ut
661 2588 903 2636 demonstret
929 2608 1005 2635 non
1030 2596 1119 2635 fieri
1145 2596 1425 2648 syllogismum,
1461 2594 1496 2632 si
1522 2592 1675 2632 medius

253 2658 444 2698 terminus
471 2658 521 2697 ad
548 2659 737 2699 maiorem
764 2663 805 2699 et
828 2659 1021 2710 minorem
1047 2669 1316 2710 quamcunque
1342 2657 1459 2695 aliam
1484 2656 1675 2695 rationem

254 2720 396 2760 habeat
421 2733 538 2772 quam
565 2734 633 2762 eas
659 2734 755 2773 quas
782 2722 966 2774 exposuit
991 2734 1015 2761 a
1041 2715 1216 2769 17—353
1241 2723 1366 2760 restat
1391 2719 1508 2769 enim,
1543 2721 1589 2758 ιιι
1613 2718 1675 2757 vel
