1832 3112
640 212 895 258 Analytica
927 210 1100 256 priora.
1557 209 1639 249 523

124 319 239 354 tasse
266 312 396 352 etiam
422 311 530 366 fieri
549 316 705 365 potest,
741 316 790 350 ut
817 311 910 365 quis
937 309 1176 363 decipiatur
1204 309 1281 357 ita,
1319 314 1367 348 ut
1392 313 1527 362 ponat
1556 309 1636 349 ali-

124 376 227 431 quid
252 376 365 416 idem
393 389 482 415 esse
509 389 602 416 cum
630 389 692 424 eo,
722 376 792 415 cui
820 376 1076 414 contrarium
1103 374 1172 421 sic,

122 443 277 481 fiobw
313 439 650 493 ὑπολαμβάνειν,
678 440 917 478 sententiam
946 439 1022 478 sihi
1050 438 1250 485 formare,
1279 440 1457 477 statuere
1485 437 1635 490 aliquid

175 504 229 545 de
255 505 387 557 aliqua
416 518 472 544 re.
524 505 633 544 Bene
670 498 790 543 Bies‘e
819 504 847 553 l,
873 505 948 541 211
972 507 1053 542 not.
1075 503 1101 540 2
1125 501 1216 540 coll.
1245 503 1326 540 327
1365 506 1407 540 et
1431 502 1487 543 ib.
1508 508 1590 540 not.
1612 504 1637 540 4

178 567 534 621 ,,ὑπολαμβάνειν
568 569 648 608 und
695 568 916 606 besonders
953 564 1166 619 ὑπόληψις
1205 566 1258 604 ist
1298 566 1361 605 bei
1399 567 1637 606 Aristoteles

127 657 129 659 v
177 634 251 673 der
277 634 558 686 allgemeinste
586 630 798 670 Ausdruck
838 630 906 669 sur
934 631 1136 683 diejenige
1165 629 1400 682 Tliiitigkeit
1430 630 1504 669 des
1530 630 1638 670 Den-

175 697 289 747 kens,
317 698 358 736 in
386 696 562 736 welcher
590 696 664 734 der
692 694 810 733 Geist
838 694 927 733 sich
956 698 1092 733 zuei-et
1121 695 1193 734 des
1216 694 1534 734 Unterschiedes
1563 707 1639 733 von

175 759 396 801 thrheif
424 759 505 800 und
531 759 709 799 Irrthum
746 757 919 798 bewufst
956 758 1106 797 wird”:
1146 771 1269 810 quare
1305 755 1520 811 ὑπόληψις
1553 759 1640 810 ple-

177 838 348 876 rumque
375 836 424 863 eo
452 836 574 864 sensu
601 822 776 874 ponitur,
821 828 865 860 ut
899 822 954 861 sit
989 823 1188 861 sententia
1225 835 1327 872 quae
1362 835 1440 862 non
1468 837 1490 862 a
1519 823 1641 862 certis

178 894 220 929 et
247 889 456 928 stabilibus
485 887 676 927 scientiae
712 886 920 939 principiis
948 886 1136 935 deducta,
1175 887 1247 925 sed
1277 887 1414 939 opinio
1442 887 1527 926 sive
1556 900 1641 926 ma-

178 954 240 1005 gis
270 954 355 992 sive
383 953 513 991 minus
542 950 774 990 confirmata
801 963 957 998 eornm,
998 950 1067 1001 qni
1108 950 1283 990 fontibus
1310 963 1444 990 rerum
1475 963 1554 990 non
1584 951 1641 990 in—

182 1017 386 1068 vestigatis
412 1028 481 1055 res
509 1021 672 1055 sumunt
698 1015 801 1054 tales
831 1014 970 1065 quales
998 1027 1042 1053 se
1069 1014 1279 1066 praebent.
1328 1016 1474 1054 981⁸!
1496 1013 1546 1055 τὸ
1564 1013 1644 1067 μὲν

180 1078 264 1133 γὰρ
304 1078 414 1132 ἔχειν
448 1077 668 1131 ὑπόληψιν
708 1073 774 1118 ὅτι
804 1076 969 1132 Καλλίᾳ
1003 1077 1214 1131 κάμνοντι
1248 1076 1375 1130 τηνδὶ
1401 1075 1482 1131 τὴν
1496 1078 1644 1120 ,νόσον

179 1143 275 1186 τοδὶ
301 1142 539 1197 συνήνεγκε
566 1171 576 1182 .
600 1169 614 1182 .
634 1171 645 1182 .
674 1139 893 1194 ἐμπειρίας
918 1141 1047 1186 ἐστίν.
1101 1145 1253 1182 98286
1280 1141 1318 1182 εἰ
1344 1140 1398 1196 δὴ
1425 1143 1553 1195 λάβοι
1578 1157 1643 1192 τις

179 1208 256 1258 τὰς
283 1207 519 1262 ὑπολήψεις
554 1207 643 1254 (die
668 1208 969 1247 hen-schenden
998 1208 1232 1256 Ansichten,
1272 1207 1390 1247 Biese
1410 1208 1439 1247 l.
1465 1211 1566 1255 3¹12)
1593 1209 1645 1258 ἃς

178 1270 330 1327 ἔχομεν
366 1271 463 1325 περὶ
498 1273 580 1313 τοῦ
621 1273 781 1324 σοφοῦ.
849 1272 984 1322 Quare
1016 1273 1169 1312 671122
1207 1269 1399 1321 δοξάζειν
1434 1273 1543 1313 idem
1580 1280 1645 1314 est

177 1338 284 1392 quod
328 1335 652 1390 ὑπολαμβάνειν
689 1342 732 1375 et
771 1349 851 1376 non
898 1337 986 1375 sine
1030 1341 1234 1375 contemtu
1278 1337 1453 1388 quodam
1498 1338 1646 1378 dicitur

177 1405 384 1442 10132117
410 1401 440 1456 ἡ
466 1399 564 1453 περὶ
590 1399 665 1448 τὰς
693 1398 808 1448 ἰδέας
833 1398 1064 1453 ὑπόληψις;
1093 1413 1184 1439 nam
1213 1401 1344 1440 errori
1373 1402 1554 1441 subiecta
1583 1407 1646 1442 est

184 1465 214 1521 ἦ
240 1465 467 1520 ὑπόληψις,
506 1480 543 1506 v.
564 1466 717 1505 ‘19h28
741 1477 844 1516 sqq„
882 1469 924 1504 et
952 1478 1042 1504 cum
1070 1465 1161 1517 ipsa
1198 1465 1369 1504 scientia
1401 1465 1498 1504 nihil
1535 1479 1645 1505 com-

163 1545 300 1572 -mnne
327 1532 463 1577 habet,
501 1531 578 1570 nisi
617 1530 725 1581 quod
762 1534 934 1580 utraque
971 1533 1034 1568 est
1071 1529 1394 1580 contemplativa,
1421 1541 1456 1567 v.
1477 1531 1647 1570 1491112

182 1597 274 1636 coll.
304 1598 425 1635 89³2
451 1593 636 1634 λείπεται
672 1591 805 1640 δόξαν
841 1588 953 1633 εἶναι
988 1590 1086 1643 περὶ
1112 1590 1160 1632 τὸ
1189 1589 1346 1643 ἀληθὲς
1382 1590 1462 1644 μὲν
1487 1591 1516 1646 ἢ
1539 1596 1649 1642 ψεῦ-

180 1657 272 1708 δος,
310 1656 594 1710 ἐνδεχόμενον
632 1654 680 1696 δὲ
706 1653 779 1696 καὶ
806 1656 947 1704 ἄλλως
973 1653 1096 1708 ἔχειν.
1158 1658 1290 1696 τοῦτο
1332 1655 1372 1697 δ’
1400 1655 1516 1698 ἔστιν
1541 1657 1646 1700 ὑπό-

180 1723 310 1774 ληψις
346 1723 422 1775 τῆς
461 1718 626 1772 ἀμέσου
666 1718 915 1771 προτάσεως
951 1718 1023 1760 καὶ
1059 1717 1117 1772 μὴ
1154 1717 1392 1772 ἀναγκαίας
1430 1749 1442 1759 .
1463 1750 1474 1760 .
1495 1748 1506 1760 .
1543 1721 1650 1763 ὅταν

183 1782 296 1828 εἶναι
322 1784 402 1839 μὲν
430 1783 569 1833 οὕτως
598 1782 760 1837 (οἴηταί
785 1789 883 1834 τις),
925 1783 978 1825 οὐ
1005 1782 1093 1837 μὴν
1119 1781 1226 1824 ἀλλὰ
1253 1783 1325 1824 καὶ
1352 1786 1492 1834 ἄλλως
1519 1786 1649 1829 οὐδὲν

180 1851 379 1902 κωλύειν,
407 1850 503 1891 τότε
530 1849 722 1899 δοξάζειν
751 1847 943 1900 (οἴεται),
978 1847 1036 1896 ὡς
1072 1851 1154 1889 τοῦ
1182 1846 1261 1899 μὲν
1285 1849 1493 1890 τοιούτου
1517 1850 1649 1902 δόξαν

183 1910 335 1966 οὖσαν,
375 1918 457 1956 τοῦ
494 1914 532 1955 δ’
570 1913 811 1967 ἀναγκαίου
840 1912 1088 1966 ἐπιστήμην,
1127 1913 1218 1954 coll.
1249 1915 1310 1953 81)
1322 1915 1395 1962 10,
1424 1917 1493 1954 ubi
1520 1930 1648 1970 oppo-

181 1986 331 2021 nuntur
357 1979 572 2032 ὑπόληψις
601 1985 643 2019 et
670 1977 890 2031 ἐπιστήμη.
956 1978 1074 2017 Mens
1110 1978 1236 2030 igitur
1272 1990 1375 2029 quae
1414 1982 1543 2019 errori
1570 1994 1648 2022 non

183 2045 356 2086 obnoxia
383 2047 471 2098 ipsa
498 2043 696 2097 principia
733 2045 892 2083 intuens
921 2047 963 2082 et
989 2041 1264 2094 contemplans
1300 2043 1430 2081 omnis
1456 2044 1650 2086 scientiae

184 2109 277 2148 fons
323 2114 388 2149 est
426 2115 469 2149 et
503 2108 774 2149 διανοεῖσθαι
819 2108 968 2147 dicitnr
1012 2109 1056 2146 et
1094 2104 1418 2157 ὑπολαμβάνειν
1457 2109 1648 2159 429323,

184 2173 240 2214 cf.
260 2172 427 2225 Trdlbg.
452 2175 504 2213 de
531 2187 593 2212 an.
616 2186 658 2225 p.
676 2174 771 2212 469.
838 2171 977 2210 Latius
1014 2175 1129 2223 patet
1154 2168 1183 2221 ἦ
1210 2167 1424 2222 ὑπόληψις
1450 2172 1521 2211 ubi
1550 2173 1650 2213 dicit

183 2237 362 2277 42⁷b25
400 2234 481 2277 εἰσὶ
517 2234 564 2278 δὲ
598 2234 672 2277 καὶ
710 2234 844 2289 αὐτῆς
880 2236 955 2289 τῆς
991 2232 1249 2287 ὑπολήψεως
1288 2233 1517 2286 διαφοραί,
1558 2234 1648 2277 ἐπι-

187 2300 326 2354 στήμη
365 2300 436 2342 καὶ
473 2301 577 2351 δόξα
613 2299 686 2342 καὶ
721 2299 932 2354 φρόνησις
958 2296 1031 2340 καὶ
1057 2297 1264 2339 τάναντία
1293 2299 1474 2351 τούτων,
1513 2302 1567 2341 ib.
1594 2305 1648 2342 28
1713 2325 1715 2327 -

187 2365 349 2406 τούτου
378 2365 424 2407 δὲ
453 2369 553 2414 (τοῦ
581 2367 720 2413 νοεῖν)
759 2365 808 2406 τὸ
845 2363 923 2418 μὲν
962 2363 1180 2416 φαντασία
1208 2363 1331 2404 δοκεῖ
1363 2359 1487 2415 εἶναι,
1525 2365 1574 2406 τὸ
1602 2365 1648 2408 δὲ

186 2429 414 2484 ὑπόληψις,
441 2433 494 2472 ib.
517 2434 569 2470 16
597 2429 704 2484 αὐτή
732 2443 777 2471 τε
805 2428 854 2483 (ἦ
882 2429 1117 2482 φαντασία)
1149 2428 1203 2469 οὐ
1232 2427 1420 2481 γίγνεται
1445 2431 1553 2471 ἄνευ
1581 2431 1647 2473 αἱ-

190 2496 386 2550 σθήσεως
412 2494 484 2537 καὶ
510 2497 615 2536 ἄνευ
644 2494 801 2546 ταύτης
829 2493 910 2535 οὐκ
938 2493 1052 2535 ἔστιν
1078 2492 1305 2546 ὑπόληψις.

271 2563 435 2601 Duobus
464 2562 591 2600 modis
620 2561 791 2612 aliquem
822 2560 954 2612 decipi
994 2557 1103 2600 κατὰ
1129 2555 1209 2612 τὴν
1236 2557 1455 2612 ὑπόληψιν
1482 2559 1651 2612 cogitari

187 2630 322 2678 potest
350 2630 406 2673 (v.
434 2638 536 2676 quae
562 2624 732 2663 diximus
760 2625 810 2664 ad
838 2626 962 2664 31b8
981 2629 1119 2671 extu).
1175 2624 1357 2676 Namque
1384 2624 1419 2662 si
1445 2624 1648 2663 conclusio

189 2690 275 2729 ΑΔ
313 2690 512 2741 colligitur
551 2689 614 2728 vel
653 2689 824 2728 termino
853 2690 890 2728 B
926 2689 987 2727 vel
1030 2689 1204 2728 termino
1233 2689 1276 2728 Γ
1309 2688 1443 2727 medio
1470 2687 1649 2739 interpo-

193 2755 285 2804 sito,
313 2754 472 2794 termini
496 2753 532 2793 B
560 2752 660 2793 ets'
682 2756 750 2791 aut
774 2753 830 2792 ita
855 2752 1018 2802 habent',
1047 2757 1090 2792 ut
1117 2753 1220 2792 alter
1246 2753 1298 2792 sit
1325 2758 1439 2792 extra
1465 2751 1649 2800 alterum,

193 2823 263 2859 aut
289 2818 360 2869 ita,
403 2823 449 2858 ut
476 2818 580 2858 alter
607 2818 777 2857 alterum
808 2818 1097 2870 complectatur
1123 2813 1191 2865 (ἐκ
1218 2818 1293 2871 τῆς
1321 2816 1455 2871 αὐτῆς
1482 2821 1649 2856 συστοι-
