1826 3112
266 189 319 227 92
787 191 852 223 ΚΑ
867 187 1157 221 ΤΗΓΟΡῙΑΙ.

268 284 349 332 κόν
368 282 473 332 εἶναι
500 289 585 331 τῶν
616 283 815 331 ἐναντίων
841 281 950 329 κατὰ
982 281 1065 346 τὴν
1091 283 1247 347 ἑαυτῆς
1264 282 1516 346 μεταβολήν.
1583 285 1678 344 περὶ

268 353 345 411 μὲν
363 344 447 398 οὖν
466 350 621 406 οὐσίας
647 352 840 395 τοσαῦτα
865 348 1070 411 εἰρήσθω.

220 414 252 457 6
405 421 501 462 Τοῦ
521 418 565 462 δὲ
587 418 734 461 ποσοῦ
753 412 803 460 τὸ
823 414 900 473 μέν
919 416 1007 461 ἐστι
1029 414 1325 474 διωρισμένον,
1354 412 1405 460 τὸ
1424 415 1470 460 δὲ
1490 413 1679 472 συνεχές,

218 496 251 524 21
267 482 341 527 καὶ
378 480 428 528 τὸ
459 483 534 540 μὲν
563 482 608 526 ἐκ
638 481 768 525 θέσιν
797 479 976 540 ἐχόντων
1001 479 1116 540 πρὸς
1148 479 1314 542 ἄλληλα
1344 484 1430 526 τῶν
1461 480 1504 527 ἐν
1533 476 1682 535 αὐτοῖς

267 548 432 607 μορίων
454 546 701 606 συνέστηκε,
723 543 773 591 τὸ
797 547 843 591 δὲ
869 545 954 593 οὐκ
973 545 1018 601 ἐξ
1033 546 1214 606 ἐχόντων
1229 547 1368 592 θέσιν.
1403 546 1490 591 ἔστι
1514 546 1560 592 δὲ
1578 547 1679 591 διω-

269 613 470 672 ρισμένον
494 613 570 670 μὲν
590 609 684 657 οἷον
703 610 891 672 ἀριθμὸς
908 613 982 658 καὶ
1003 612 1146 673 λόγος,
1172 613 1346 673 συνεχὲς
1368 613 1413 658 δὲ
1433 609 1526 658 οἷον
1544 629 1682 671 γραμ-

268 675 328 739 μὴ
364 677 590 737 ἐπιφάνεια
616 681 761 736 σῶμα,
808 678 869 724 ἔτι
905 679 951 724 δὲ
986 676 1103 739 παρὰ
1133 682 1271 724 ταῦτα
1307 677 1465 738 χρόνος
1503 678 1576 723 καὶ
1605 675 1680 722 τό·

217 759 252 786 2⁵
268 756 363 799 πος.
429 747 514 790 τῶν
532 744 609 803 μὲν
629 741 711 805 γάρ
733 747 817 789 τοῦ
845 742 1043 803 ιῖριθμοῦ
1059 745 1223 804 μορίων
1255 743 1402 800 οὐδείς
1423 744 1512 789 ἐστι
1533 739 1682 797 κοινὸς

269 806 396 868 ὅρος,
429 807 540 869 πρὸς
573 806 625 855 ὃν
648 808 855 855 συνάπτει
875 807 927 855 τά
950 809 1082 868 μόρια
1110 808 1272 866 αὐτοῦ,
1306 807 1401 855 οἷον
1425 807 1477 854 τὰ
1503 809 1624 854 πέντε
1645 808 1682 852 εἰ

267 875 355 920 ἔστι
376 878 465 921 τῶν
485 875 590 921 δέκα
611 873 779 934 μόριον,
797 873 908 934 πρὸς
930 873 1094 921 ου’δένα
1111 873 1262 921 κοινὸν
1282 873 1388 935 ὅρον
1403 873 1611 921 συνάπτει
1628 871 1682 918 τά

267 940 390 986 πέντε
422 942 496 986 καὶ
524 938 577 986 τὰ
603 941 751 997 πέντε,
796 939 906 986 άλλὰ
935 939 1178 1000 διώρισται·
1221 941 1294 986 καὶ
1321 938 1375 986 τά
1403 939 1500 999 τρία
1527 958 1573 1000 γε
1609 939 1683 984 καὶ

267 1004 321 1051 τὰ
347 1003 449 1051 ἑπτά
470 1004 582 1065 πρὸς
613 1005 775 1052 οὐδένα
796 1004 946 1053 κοινὸν
967 1004 1072 1066 ὅρον
1099 1004 1327 1052 συνάπτει·
1373 1004 1473 1051 οὐδ’
1498 1003 1610 1062 ὅλως
1629 1002 1683 1051 ι”ὶν

218 1088 253 1115 30
269 1071 380 1131 ἔχοις
410 1070 472 1117 ἐπ’
506 1070 702 1131 ἀριθμοῦ
733 1070 887 1118 κοινὰν
923 1069 1029 1131 ὅρον
1069 1074 1214 1132 λαβεῖν
1248 1075 1334 1118 τῶν
1360 1072 1547 1131 μορίων,
1591 1069 1683 1117 ἀλλ’

268 1136 334 1183 dez
357 1136 601 1197 διώρισται·
639 1135 748 1182 ὥστε
778 1135 804 1182 ὁ
828 1139 906 1197 μὲν
932 1135 1122 1197 άριθμὸς
1139 1142 1224 1184 τῶν
1241 1137 1531 1197 διωρισμένων
1557 1137 1681 1183 ἐστίν.

268 1201 478 1259 ὡσαύτως
509 1204 556 1248 δὲ
586 1201 703 1248 καὶὸ
730 1203 863 1263 λόγος
890 1207 978 1249 τῶν
1005 1203 1295 1264 διωρισμένων
1321 1204 1444 1249 ἐστίν.
1513 1201 1580 1249 ὅτι
1607 1204 1683 1262 μὲν

267 1266 352 1328 γάρ
372 1267 513 1314 ποσόν
531 1269 645 1314 ἐστιν
667 1266 692 1314 ὁ
710 1267 854 1329 λόγος,
887 1270 1078 1330 φανερόν
1093 1285 1102 1295 ·
1138 1275 1456 1330 καταμετρεῖται
1475 1267 1556 1330 γὰρ
1573 1273 1683 1315 συλ-

267 1337 380 1394 λαβῇ
411 1335 587 1397 βραχείᾳ
613 1335 687 1379 καὶ
715 1339 871 1397 μακρᾷ.
943 1334 1051 1394 λέγω
1091 1335 1137 1380 δὲ
1175 1333 1312 1381 αὐτὸν
1348 1333 1424 1381 τὸν
1452 1329 1555 1394 μετὰ
1583 1353 1680 1395 φω-

218 1414 252 1442 35
268 1404 350 1461 νῆς
371 1399 503 1460 λόγον
515 1399 779 1460 γιγνόμενον.
814 1397 925 1459 πρὸς
939 1398 1103 1446 ου’δένα
1111 1398 1192 1462 γὰρ
1202 1397 1353 1447 κοινὸν
1363 1398 1469 1458 ὅρον
1481 1399 1623 1447 αὐτοῦ
1631 1398 1684 1446 τά

267 1465 398 1525 μόρια
417 1465 646 1512 συνάπτει·
682 1464 740 1512 οὐ
760 1463 842 1526 γὰρ
863 1466 950 1511 ἔστι
970 1464 1115 1522 κοινὸς
1136 1465 1238 1526 ὅρος
1257 1464 1367 1525 πρὸς
1386 1464 1440 1512 ὃν
1463 1468 1507 1512 αἱ
1518 1470 1682 1512 συλλα-

267 1533 342 1591 βαὶ
363 1531 686 1587 συνάπτουσιν,
722 1529 814 1576 ἄλλ’
843 1530 1000 1593 ἑκάστη
1022 1531 1242 1592 διώρισται
1272 1530 1384 1594 αὕτη
1406 1531 1508 1578 καθ’
1507 1530 1682 1614 xmonfimfv.

184 1624 219 1655 p.
232 1595 298 1660 5ἡ
327 1598 374 1643 δὲ
400 1596 572 1659 γραμμὴ
603 1597 788 1659 συνεχής
816 1597 949 1643 ἐστιν·
995 1597 1081 1643 ἔστι
1114 1616 1198 1658 γαρ
1227 1601 1371 1657 λαβεῖν
1399 1596 1548 1644 κοινὸν
1576 1595 1684 1658 ὅρον

268 1660 380 1722 πρὸς
403 1661 456 1709 ὃν
477 1682 530 1709 τα
558 1662 690 1723 μόρια
719 1661 858 1724 αὐτῆς
887 1662 1115 1718 συνάπτει,
1150 1663 1356 1725 στιγμήν,
1389 1665 1463 1709 καὶ
1486 1668 1564 1724 τῆς
1591 1664 1683 1710 ἐπι-

269 1728 451 1788 φανείας
482 1729 702 1789 γραμμήν·
753 1746 805 1773 τα
833 1726 915 1789 γὰρ
948 1732 1030 1774 τοῦ
1050 1729 1260 1774 ἐπιπέδου
1288 1728 1420 1789 μόρια
1450 1729 1562 1789 πρός
1590 1746 1685 1775 τινα

268 1791 419 1840 κοινὸν
438 1790 543 1852 ὅρον
575 1792 796 1839 συνάπτει.
864 1791 1076 1849 ωσαύτως
1104 1795 1151 1839 δε
1178 1795 1250 1839 καὶ
1277 1795 1345 1840 ἐπὶ
1367 1799 1458 1840 ’τοῦ
1484 1794 1685 1855 σώματος

235 1859 381 1919 5έχοις
407 1857 462 1906 ὂὶν
483 1863 628 1918 λαβεῖν
644 1857 792 1905 κοινὸν
812 1855 942 1918 ὅρον,
975 1857 1174 1921 γραμμὴν
1203 1857 1236 1921 ἢ
1267 1860 1544 1920 ἐπιφάνειαν,
1574 1859 1686 1921 πρὸς

268 1923 297 1970 ἃ
319 1923 372 1971 τά
394 1929 477 1971 τοῦ
500 1924 700 1984 σώματος
732 1924 863 1984 μόρια
897 1924 1113 1971 συνάπτει.
1179 1925 1266 1971 ἐστι
1295 1927 1341 1971 δὲ
1369 1927 1443 1971 καὶ
1480 1924 1506 1972 ὁ
1531 1925 1686 1986 χρόνος

268 1991 342 2036 καὶ
362 1987 388 2036 ὁ
405 1990 541 2047 τόπος
560 1995 648 2037 τῶν
665 1990 875 2036 τοιούτων
887 2007 896 2017 ·
931 1988 957 2035 ὃ
973 1988 1056 2051 γὰρ
1075 1993 1160 2037 νῦν
1176 1990 1331 2052 χρόνος
1349 1991 1557 2038 συνάπτει
1573 1992 1686 2052 πρός

267 2054 407 2102 τετόν
426 2055 766 2119 παρεληλυθότα
787 2057 860 2102 καὶ
877 2053 952 2103 τὸν
972 2056 1192 2116 μέλλοντα.
1248 2056 1377 2103 πάλιν
1398 2056 1424 2104 ὃ
1445 2057 1580 2115 τόπος
1599 2062 1686 2104 τῶν

358 2227 400 2260 18
417 2238 491 2259 των
509 2224 683 2260 ἐναντίων
701 2222 795 2259 εἶναι
809 2235 847 2281 g.
873 2245 915 2250 —
944 2221 1054 2267 κατὰ]
1077 2223 1138 2258 καὶ
1156 2222 1250 2259 κατὰ
1272 2238 1301 2259 e.
1330 2245 1365 2250 «-
1401 2224 1535 2260 ἑαυτοῦ
1553 2226 1594 2267 Β,
1617 2238 1684 2259 αυ-

267 2271 332 2313 τῆς
355 2271 415 2303 Ch.
440 2288 484 2294 —-
521 2269 641 2323 περὶ]
650 2269 711 2303 καὶ
738 2269 820 2312 περὶ
837 2281 891 2302 nu.
918 2287 959 2293 —-
978 2269 1114 2322 περὶ.
1125 2271 1221 2314 ,εἰρη
1213 2269 1305 2304 ’σθω
1333 2282 1388 2302 om
1469 2288 1514 2294 -—
1556 2271 1596 2302 19
1618 2265 1685 2304 οὖν

268 2326 323 2348 om
343 2315 424 2347 nuh.
448 2333 493 2340 -
530 2316 572 2348 21
601 2311 648 2347 τὰ
667 2326 731 2365 μεν
751 2315 839 2356 Cdg
864 2333 907 2338 —
939 2309 1065 2351 αὐτοῖς
1091 2283 1221 2347 Οεάὴηη
1240 2333 1284 2341 -
1321 2315 1363 2347 22
1389 2313 1570 2368 υφέστηκε
1590 2325 1617 2347 e.
1640 2333 1686 2341 --

267 2357 314 2393 τοὶ
331 2359 417 2392 ACd
417 2361 496 2402 g.fa
520 2377 563 2382 —-
588 2357 625 2400 ἐξ
643 2355 711 2392 οὐκ
731 2359 879 2401 BCdefg
880 2358 912 2390 h.
938 2376 980 2383 --
1003 2356 1136 2392 2305022
1157 2371 1256 2393 omn.
1280 2378 1326 2385 —
1347 2358 1409 2393 καὶ
1425 2356 1444 2392 ὁ
1465 2355 1570 2412 λόγος
1589 2359 1624 2392 C.
1641 2377 1683 2383 -—

269 2402 348 2437 οἷον
365 2415 418 2435 om
417 2370 615 2436 ‘gwimtdeba
638 2422 678 2427 --
707 2403 750 2434 25
767 2403 897 2440 κοινῶς
915 2403 944 2435 b.
972 2421 1012 2426 —
1037 2403 1079 2434 27
1099 2401 1212 2458 μόρια
1227 2415 1264 2448 g.
1291 2422 1332 2428 —
1369 2401 1503 2437 οὐδένα
1518 2400 1586 2456 γὰρ
1606 2415 1685 2437 κοι-

268 2446 334 2482 νὸν
357 2448 421 2488 Bd,
441 2460 489 2502 pr
506 2448 541 2481 C
566 2464 610 2471 —
643 2447 688 2480 28
709 2443 783 2480 ἀλλ’
802 2443 859 2480 ἀεὶ
873 2447 925 2479 bn.
951 2464 995 2472 -
1033 2447 1089 2490 γε]
1109 2445 1147 2481 δὲ
1167 2460 1196 2489 e,
1213 2460 1268 2480 om
1291 2460 1322 2480 u.
1350 2466 1392 2472 —
1430 2449 1474 2480 99
1493 2444 1626 2481 ονδένα
1648 2459 1686 2491 γε

269 2505 300 2525 κ.
317 2493 345 2524 b
373 2509 408 2514 -·
445 2503 574 2526 ουτ-επ.
599 2510 643 2516 -
678 2492 721 2524 30
749 2490 842 2534 ἔχοις
868 2503 913 2523 αν
937 2486 989 2524 ἐπ’
1009 2502 1036 2523 e.
1060 2510 1105 2516 —
1141 2494 1264 2536 λαβεῖν
1291 2490 1419 2526 κοινὰν
1449 2488 1536 2536 ὅρον
1564 2493 1616 2525 bn,
1640 2510 1685 2517 .-

269 2533 358 2579 ὅρον
375 2547 412 2566 rc
427 2536 459 2568 h.
485 2554 532 2561 —
562 2537 600 2568 31
622 2532 680 2569 ἀεὶ
698 2547 751 2568 om
768 2537 841 2568 ΑΒ.
865 2554 910 2560 --
941 2536 984 2568 32
1007 2533 1103 2569 ἐστίν
1121 2549 1176 2569 om
1196 2549 1223 2571 e.
1254 2555 1290 2561 -
1326 2538 1369 2569 34
1385 2537 1508 2590 μακρᾷ
1525 2536 1588 2571 καὶ
1597 2537 1685 2589 βρα-

269 2581 349 2623 χείᾳ
369 2580 473 2612 Οτιήὁ.
499 2599 541 2605 -
566 2580 609 2613 35
626 2577 818 2635 γινόμενον
838 2580 919 2622 mlh,
938 2577 1152 2634 κινούμενον
1171 2583 1201 2614 b.
1224 2597 1269 2608 ·-·
1301 2579 1347 2614 τὰ
1364 2579 1476 2626 μόρια
1496 2576 1613 2615 αὐτοῦ
1629 2582 1682 2614 nb.

269 2640 314 2650 -
336 2624 379 2657 36
398 2621 510 2656 ἔστι.
525 2620 647 2678 .ὃρος]
666 2623 793 2659 κοινὸν
810 2605 971 2668 zafiet'v‘'
950 2636 1038 2669 ορον
1056 2636 1084 2658 e.

350 2667 421 2745 231
448 2667 592 2712 συνεχές
619 2670 721 2704 Cneh.
745 2687 789 2696 ν·-
836 2666 931 2703 ἐστιν
953 2680 1009 2702 om
1040 2680 1067 2703 e.
1094 2687 1136 2693 -
1185 2663 1238 2703 6
1226 2681 1270 2704 ον
1293 2669 1362 2710 Ch,
1388 2664 1433 2712 ἣν
1458 2680 1491 2702 n.
1516 2688 1558 2695 —
1604 2669 1626 2702 7
1646 2680 1685 2704 τε

270 2722 326 2746 om
380 2722 402 2744 n
