1826 3112
321 187 398 226 122
849 193 919 224 KA
933 191 1221 226 ΤΗΓΟΡΙΑΙ.

270 302 306 332 ιο
319 283 521 346 καθάπερ
571 286 645 332 καὶ
690 285 759 332 ἐπὶ
798 289 878 348 τῆς
912 285 1022 332 κατὰ
1053 286 1189 334 τόπον
1231 291 1468 351 μεταβολῆς
1505 286 1586 352 τὴν
1626 289 1735 337 κατὰ

318 350 459 398 τόπον
477 350 658 414 ἠρεμίαν
677 349 707 413 ἢ
725 349 804 413 τὴν
819 353 880 408 εἰς
899 350 978 398 τὸν
997 353 1188 399 ἐναντίον
1204 353 1340 400 τόπον
1354 354 1617 417 μεταβολήν·
1651 357 1736 403 ἔστι

317 416 399 479 γὰρ
431 416 459 481 ἡ
504 417 736 473 ἀλλοίωσις
767 417 978 480 μεταβολὴ
998 418 1106 465 κατὰ
1137 419 1188 465 τὸ
1219 420 1358 466 ποιόν.
1413 418 1520 466 ὥστε
1556 420 1736 468 ἀντικεί-

318 495 436 530 σεται
478 488 531 543 τῇ
565 482 674 529 κατὰ
701 481 751 528 τὸ
776 483 906 530 ποιὸν
942 484 1107 565 κινήσει
1140 505 1170 548 η
1196 485 1304 532 κατὰ
1336 483 1385 532 τὸ
1419 483 1550 532 ποιὸν
1580 486 1736 549 η’ρεμία

317 547 349 611 ἢ
378 548 407 611 ἡ
436 551 496 606 εἰς
526 548 575 595 τὸ
595 550 785 595 ἐναντίον
804 568 886 596 του
905 555 1040 598 ποιοῦ
1058 551 1287 614 μεταβολή,
1312 549 1406 599 οἷον
1424 551 1474 597 τὸ
1491 551 1650 599 λευκὸν
1669 555 1736 614 γί-

269 631 303 659 15
318 621 474 661 νεσθαι
499 620 560 679 τῷ
590 616 724 674 μέλαν
751 617 968 675 γίνεσ-’θαι
1014 616 1267 665 α’λλοιοῦται
1294 616 1376 679 γὰρ
1407 620 1467 675 εἰς
1493 616 1545 664 τὰ
1567 620 1735 666 ἐναντία

317 684 400 727 τοῦ
421 685 557 726 ποιοῦ
576 684 814 743 μεταβολῆς
835 682 1070 744 γινομένης.

239 755 301 801 15
456 744 520 791 T6
559 748 605 792 δε
645 747 750 806 ε’χειν
778 746 887 793 κατὰ
916 750 1118 805 πλείονας
1146 747 1338 808 τρόπους
1367 748 1542 809 λέγεται.
1593 747 1624 811 ἢ
1652 748 1734 811 γὰρ

318 809 378 892 ὥς
415 809 500 866 ε’ξιν
539 814 613 857 καὶ
657 812 857 859 διάθεσιν
897 811 926 875 ἢ
960 813 1096 875 ἄλλην
1125 813 1220 859 τινὰ
1249 813 1476 876 ποιότητα·
1520 816 1735 875 λεγόμεθα

317 874 400 938 γὰρ
451 878 686 939 ἐπιστήμην
737 876 832 924 τινὰ
883 880 990 938 ἔχειν
1044 881 1117 924 καὶ
1161 878 1327 941 αρετήν.
1405 877 1436 941 ἢ
1478 878 1536 936 ὡς
1580 880 1734 937 ποσόν,

267 959 303 986 ω
318 940 413 988 οἷον
443 941 468 988 ὃ
513 944 739 1027 τυγχάνει,Α
753 962 817 999 τις
851 945 956 1003 ἔχων
989 945 1194 1006 μέγεθος·
1239 946 1402 1005 λέγεται
1434 943 1515 1005 γὰρ
1547 947 1735 1008 τρίπηχυ

315 1009 500 1068 μέγεθος
552 1010 657 1068 εχειν
708 1006 739 1069 ἢ
779 1009 1032 1071 τετράπηχυ.
1094 1007 1125 1073 ἢ
1168 1009 1227 1066 ὥς
1267 1009 1319 1056 τὰ
1363 1011 1460 1069 περὶ
1501 1010 1552 1057 τὸ
1595 1016 1733 1071 σῶμα,

317 1071 411 1119 οἷον
432 1072 656 1133 iydvtov''*
626 1094 655 1155 η
675 1078 840 1134 χιτῶνα.
887 1073 917 1137 ἢ
951 1075 1010 1132 ὡς
1042 1077 1087 1122 ἐν
1118 1078 1278 1159 μορίῳ,
1313 1074 1407 1122 οἷον
1439 1077 1483 1122 ἐν
1516 1079 1620 1136 χειρὶ
1654 1081 1734 1124 δα-

315 1139 504 1186 κτύλιον.
551 1138 585 1202 ἢ
615 1159 676 1196 ως
699 1141 841 1199 μέρος,
868 1139 962 1187 οἷον
990 1160 1109 1201 χειρα
1139 1139 1172 1204 ἦ
1198 1143 1325 1187 πόδα.
1369 1140 1401 1204 ἢ
1422 1140 1483 1198 ὦς
1501 1143 1544 1188 ἐν
1567 1141 1732 1214 αγγείῳ,

317 1202 412 1252 οἷον
434 1204 459 1251 6
480 1205 682 1265 μέδιμνος
704 1205 810 1263 τοὺς
823 1206 998 1264 πυρούς
1020 1205 1050 1270 ἢ
1066 1206 1118 1253 τὸ
1137 1207 1338 1268 κεράμιον
1355 1207 1432 1254 τὸν
1449 1204 1590 1254 οἶνον·
1613 1215 1733 1256 οἰνον

266 1283 302 1312 2⁵
315 1270 397 1333 γὰρ
419 1272 527 1352 ἔχειν
545 1271 596 1318 τὸ
612 1272 818 1332 κεράμιον
837 1274 1012 1333 λέγεται,
1045 1276 1118 1319 καὶ
1143 1272 1168 1319 6
1189 1276 1391 1333 μέδιμνος
1413 1273 1520 1330 τούς
1538 1274 1730 1334 πυρούς·

315 1336 437 1384 ταῦτ’
470 1330 553 1383 οὖν
586 1338 725 1384 πάντα
755 1340 862 1398 ἔχειν
880 1340 1042 1399 λέγεται
1069 1358 1127 1396 ως
1155 1340 1199 1386 ἐν
1222 1339 1387 1405 ἀγγείῳ.
1432 1337 1461 1403 ἢ
1481 1338 1539 1397 ὥς
1567 1345 1731 1403 κτῆμα·

316 1404 423 1464 ἔχειν
450 1401 532 1465 γὰρ
553 1401 734 1450 eluiem*
710 1423 740 1466 η
763 1403 895 1465 αγρὸν
913 1405 1138 1467 λεγόμεθα.

449 1469 679 1530 Λεγόμεθα
708 1471 753 1516 δὲ
803 1473 873 1516 καὶ
905 1477 1090 1532 γυναῖκα
1132 1470 1239 1530 ἔχειν
1268 1471 1340 1516 καὶ
1368 1468 1397 1532 ἡ
1427 1468 1540 1533 γυνὴ
1569 1469 1731 1530 ανδρα·

316 1534 425 1581 ἔοικε
443 1537 490 1581 δὲ
512 1534 879 1593 ἄλλοτριῶτατος
859 1555 884 1582 ο
901 1541 984 1583 νῦν
1004 1536 1157 1598 ῥηθεὶς
1174 1535 1335 1593 τρόπος
1351 1540 1433 1582 τοῦ
1451 1537 1577 1597 ἔχειν·
1601 1535 1733 1583 ουδὲν

267 1616 302 1644 80
316 1599 398 1663 γὰρ
421 1599 528 1647 αλλο
548 1606 609 1648 τῶ
639 1603 745 1662 ἔχειν
763 1608 947 1663 γυναῖκα
966 1603 1228 1664 σημαίνομεν
1249 1598 1278 1663 ἢ
1299 1599 1364 1647 ὅτι
1384 1608 1588 1648 συνοικεῖ.

437 1666 563 1724 Ἴσως
578 1649 637 1713 δ’
659 1665 713 1713 ἂν
741 1670 814 1714 καὶ
848 1667 971 1714 ἄλλοι
997 1670 1106 1725 τινες
1127 1669 1368 1729 φανείησαν
1388 1672 1473 1714 τοῦ
1497 1669 1603 1728 ε’χειν
1628 1666 1733 1727 τρό-

315 1745 412 1779 ποι·
446 1734 488 1779 οἱ
501 1735 546 1779 δὲ
559 1733 759 1791 εἰωθότες
780 1735 983 1795 λέγεσθαι
1002 1732 1156 1795 σχεδὸν
1176 1731 1359 1791 ἅπαντες
1377 1736 1729 1797 κατηρίθμηνται.

406 1879 448 1911 12
475 1875 675 1913 οἷντικειται
703 1880 955 1921 ACdcfguinG.
989 1897 1028 1903 —
1064 1879 1104 1911 13
1128 1876 1171 1921 ἦ.
1207 1873 1251 1931 ,ἢ
1278 1890 1318 1920 pr
1341 1889 1396 1910 om
1420 1889 1454 1910 π.
1485 1897 1531 1904 --
1564 1879 1603 1912 14
1626 1877 1652 1922 ἢ
1674 1890 1730 1912 om

314 1923 364 1955 iG
387 1929 422 1953 et
445 1935 486 1965 pr
509 1923 542 1956 d.
566 1942 609 1948 —
634 1922 656 1967 ἡ
681 1936 735 1956 om
761 1924 941 1967 ABCefdg
942 1935 974 1955 ιι.
991 1941 1034 1949 —-
1056 1923 1105 1967 τῷ
1126 1919 1252 1955 λευκὸν
1273 1922 1314 1955 ie.
1333 1941 1374 1947 —
1399 1924 1588 1965 γίγνεσθαι
1604 1925 1661 1977 fn:
1684 1941 1731 1950 —-·

317 1967 358 2000 15
381 1962 422 1999 τὰ
447 1966 559 2008 μέλαν
584 1968 648 2000 dei.
675 1987 715 1992 -—
740 1970 927 2010 γίγνεσθαι
949 1979 981 1999 η.
1006 1985 1049 1990 -·
1078 1956 1115 1999 1¹6
1139 1964 1350 2009 γιγνομένης
1373 1979 1405 2006 η,
1429 1966 1568 2010 γενομέι
1570 1981 1622 2021 ης
1644 1968 1666 2001 ι’.
1687 1988 1729 1994 --

317 2011 359 2043 17
375 2008 414 2044 δε
433 2023 484 2043 om
504 2023 562 2055 ng.
575 2030 619 2037 —
636 2013 783 2051 πλείους
798 2014 901 2066 nf.-
921 2010 1051 2055 192169]
1066 2010 1152 2064 γὰρ
1152 2010 1211 2043 καὶ
1232 2011 1324 2047 Cina,
1340 2009 1378 2042 δε
1395 2022 1431 2054 g.
1445 2028 1488 2036 —
1507 2009 1588 2045 τινὰ
1603 2009 1656 2045 dm
1673 2024 1728 2045 nu.

314 2072 357 2079 —-
383 2067 432 2092 ως
454 2052 493 2088 vd
513 2053 629 2090 ποσόν
646 2059 678 2111 f.
700 2076 745 2081 —
762 2054 859 2089 21τᾶ
874 2067 976 2097 prom
995 2067 1027 2087 n.
1053 2074 1088 2079 κ·-
1115 2053 1155 2087 τὸ
1176 2055 1277 2096 σῶμα
1294 2055 1330 2087 τί
1348 2055 1391 2095 G,
1413 2056 1462 2109 τῷ
1480 2055 1618 2099 σώματι
1637 2068 1664 2089 e.
1684 2077 1729 2082 —

314 2099 359 2131 24
382 2095 423 2142 ἤ]
449 2099 556 2141 nuls-
583 2119 620 2124 -
650 2097 689 2142 ἢ.
704 2099 878 2153 ..πυροὺς
897 2111 951 2131 om
969 2111 995 2131 c.
1023 2117 1068 2124 —
1102 2100 1145 2131 25
1163 2099 1300 2140 λέγεται
1321 2106 1398 2140 post
1418 2098 1486 2144 γὰρ
1509 2112 1542 2132 ιι
1573 2121 1613 2126 -
1643 2099 1729 2140 τοῖς

315 2155 369 2175 om
393 2155 450 2175 nu.
474 2161 519 2168 —
541 2145 584 2176 26
602 2141 738 2177 tmotsr't
754 2146 777 2176 i.
797 2163 842 2170 —
865 2143 958 2186 ἔχειν
975 2141 1095 2175 πάντα
1115 2154 1144 2174 ιι.
1172 2162 1207 2166 -
1237 2141 1335 2196 affe]
1319 2141 1342 2183 ι)
1360 2155 1408 2180 ως
1425 2145 1445 2176 i
1475 2163 1511 2168 —
1539 2142 1562 2187 ἢ
1588 2144 1625 2179 ἐν
1639 2145 1728 2189 κτή-

313 2199 400 2230 ματι
428 2188 470 2220 G.
497 2208 535 2213 -
563 2190 606 2221 27
630 2185 668 2231 η]
693 2188 754 2221 καὶ
783 2190 819 2221 C.
846 2207 885 2213 —
920 2185 1100 2228 λεγόμεθα
1125 2183 1146 2230 ἢ
1174 2186 1284 2231 ἀγρόν
1312 2199 1354 2225 u,
1391 2201 1409 2229 ¹7
1435 2186 1547 2231 ἀγρόν
1572 2202 1661 2222 corr·
1684 2208 1729 2216 —

313 2232 358 2264 28
377 2232 438 2266 καὶ
460 2244 514 2264 om
531 2243 568 2276 g.
582 2252 623 2257 —
649 2232 671 2275 ἡ
687 2245 741 2265 om
757 2235 794 2266 C.
805 2252 848 2257 —
869 2229 959 2275 γυνὴ
984 2231 1020 2265 δε
1035 2229 1151 2277 ἄνδρα
1165 2243 1197 2264 u.
1212 2250 1258 2258 —
1280 2232 1323 2264 29
1339 2232 1409 2265 νῦν
1425 2245 1477 2264 om
1494 2245 1532 2277 g.
1551 2252 1593 2260 —
1618 2233 1724 2289 ἔχειν]

314 2275 407 2320 ἔχειν
429 2274 524 2310 εἶναι
540 2280 635 2332 esgu.
657 2295 700 2303 -
725 2276 886 2312 ουθενπ.
901 2294 944 2302 -
968 2278 1011 2309 30
1021 2278 1122 2331 γὰρ.
1153 2276 1242 2310 ,τοῦ
1254 2275 1517 2331 ἕχεινγυναῖκα,
1537 2275 1651 2311 ἅλλο”
1616 2291 1727 2334 Ἃεχειν

314 2331 396 2364 σημ.
423 2333 451 2354 e.
475 2341 519 2346 -—
552 2335 592 2355 το
618 2323 677 2355 iG.
703 2340 748 2347 —
770 2320 811 2355 τό
835 2323 992 2373 γυναῖκα
1010 2319 1099 2364 ἔχειν
1118 2332 1155 2365 g.
1181 2338 1222 2345 ——
1247 2324 1413 2363 σημαίνει
1437 2322 1459 2354 i
1484 2340 1528 2346 —
1550 2325 1587 2356 31
1609 2336 1654 2356 αν
1672 2336 1727 2356 om

314 2377 366 2398 ue.
379 2384 422 2390 —
443 2378 555 2404 τινες.
566 2365 700 2409 ..ἔχειν
710 2378 821 2419 omg.
840 2385 884 2391 —
901 2365 1033 2410 τρόποι
1054 2374 1132 2397 ante
1151 2363 1284 2406 τινεςῙ.
1295 2369 1534 2418 -φανεῖεν-ε,
1546 2369 1672 2401 con-C.
1685 2387 1725 2394 —

314 2411 358 2443 32
383 2409 538 2444 εἰώθασι
560 2411 584 2443 i.
609 2429 654 2436 -—
679 2409 889 2453 λέγεσθαι..
905 2412 1142 2466 .καϊηρίθμ.]
1169 2408 1368 2462 έρῥέθησαν
1390 2421 1428 2453 g,
1454 2412 1510 2455 qui
1534 2412 1646 2446 statim
1671 2413 1727 2445 in-

316 2455 402 2499 cipit
425 2456 707 2489 commentarium
722 2457 756 2488 in
779 2456 857 2488 libr.
874 2455 958 2500 περὶ
979 2453 1176 2499 ερμηνείας.
1204 2472 1243 2478 --
1268 2452 1402 2495 πάντες
1417 2457 1468 2497 us.

786 2595 1256 2616 ——-—-———-——
