1884 3100
693 161 998 208 Categorinue.
1518 159 1600 200 279

142 263 320 303 249322
353 259 427 302 καὶ
462 258 658 314 σημαίνει
685 258 710 302 ὁ
737 259 864 313 λόγος
892 251 1018 308 οὗτος
1043 256 1110 300 ὅτι
1134 254 1183 299 τὸ
1210 255 1334 310 γένος
1362 256 1442 309 οὐχ
1468 256 1517 298 ἕν
1542 271 1596 308 τι,

140 324 247 367 ἀλλὰ
283 325 403 379 παρὰ
440 329 570 367 τοῦτο
609 324 815 366 λανθάνει
852 323 1000 365 πολλά.
1038 325 1156 364 9981)
1171 325 1223 364 22
1249 322 1329 375 οὐχ
1357 316 1453 363 οἷόν
1477 336 1522 364 τε
1551 321 1598 364 δὲ
1654 362 1661 369 ,

139 391 227 432 τῶν
245 392 386 432 ὄντων
406 392 504 433 οὔτε
528 389 578 431 τὸ
605 389 658 431 ’ἐν
679 391 777 431 οὔτε
804 388 852 429 τὸ
882 383 936 430 ὂν
963 384 1075 430 εἶναι
1099 386 1236 440 γένος.
1267 389 1404 428 10241)
1424 390 1470 427 15
1495 386 1598 428 οὐδὲ

138 453 221 508 γὰρ
248 459 385 497 ταῦτα
413 453 486 502 (τὰ
514 453 618 508 γένη
639 455 726 496 τῶν
743 454 1034 506 κατηγοριῶν)
1062 453 1291 494 ἀναλύεται
1319 453 1409 493 οὔτ’
1437 450 1497 499 εἰς
1523 453 1595 492 ἄλ-

137 522 244 574 ληλα
272 522 364 562 οὔτ’
391 519 450 568 εἰς
479 519 526 561 ἓν
550 533 603 560 τι.

85 586 146 626 lb
162 589 211 624 17
238 584 286 625 αἱ
309 583 528 637 διαφοραί.
558 585 730 623 10571ι7
759 580 806 624 ἐκ
831 581 915 635 γὰρ
941 584 1024 624 τοῦ
1049 580 1205 635 γένους
1229 580 1302 624 καὶ
1327 581 1414 622 τῶν
1440 579 1597 631 διαφο-

136 649 228 700 ρῶν
253 648 306 690 τὰ
333 649 437 702 affin.
479 651 587 687 1403
599 650 652 687 28
688 646 756 688 δεῖ
779 646 862 700 γὰρ
891 646 939 688 τὸ
967 645 1047 700 μὲν
1073 646 1199 700 γένος
1227 646 1312 688 άπὸ
1339 647 1427 687 τῶν
1453 647 1597 687 ἄλλων

135 712 340 766 χωρίζειν,
359 712 439 766 τὴν
467 710 512 753 δὲ
541 709 761 764 διαφορὰν
788 711 872 753 άπό
900 726 1019 761 τινος
1048 713 1134 752 τῶν
1162 710 1209 753 ἐν
1235 712 1296 767 τῷ
1324 711 1441 763 αὐτῷ
1469 709 1594 764 γένει.

134 779 314 830 Apparet
350 779 443 817 inde
479 775 700 830 διαφορὰν
735 778 997 817 Aristotelem
1036 789 1181 816 vocare
1209 777 1456 824 (accuratius
1485 775 1596 817 είδο-

133 841 263 882 ποιὸν
302 840 520 894 διαφορὰν
550 844 717 888 143b8)
748 855 863 893 quam
894 842 1124 881 scholastici
1151 841 1382 894 philosophi
1410 841 1599 880 dicebant

134 907 405 946 differentiam
443 907 674 958 specificam
711 906 785 953 (cf.
828 906 956 947 schol.
995 908 1139 953 53118,
1169 906 1372 952 16—24,
1402 905 1596 952 52b16):

133 983 260 1021 quare
296 971 393 1009 dicit
434 973 600 1010 153317
637 971 935 1022 κατηγορεῖται
975 969 1015 1011 δ’
1055 968 1103 1011 ἐν
1139 973 1199 1022 τῷ
1232 968 1275 1009 τί
1301 967 1389 1009 ἐστι
1414 967 1468 1010 τὰ
1493 967 1597 1022 γένη

131 1031 206 1075 καὶ
234 1032 280 1074 αἱ
306 1033 527 1085 διαφοραί.
584 1035 738 1074 Eodem
770 1048 888 1073 sensu
917 1035 1067 1086 accipit
1094 1036 1277 1074 228b29
1305 1033 1386 1074 οὐκ
1414 1032 1507 1086 ε’ίδη
1534 1048 1597 1075 κι-

131 1097 298 1150 νήσεως
335 1097 435 1138 οὐδὲ
473 1095 679 1149 διαφοραὶ
708 1097 835 1149 τάχος
861 1096 934 1137 καὶ
961 1097 1194 1150 βραδυτής,
1221 1096 1287 1138 ὅτι
1312 1097 1471 1146 πάσαις
1498 1097 1597 1140 άκο·

132 1163 290 1203 λουθεῖ
320 1164 414 1210 ταῖς
449 1162 678 1214 διαφόροις
704 1161 797 1202 κατ’
827 1157 953 1209 εἶδος.
987 1165 1132 1202 14538
1159 1163 1262 1202 καθ’
1291 1161 1371 1203 ὅσα
1398 1163 1597 1204 α’λλοιοῦ-

134 1240 204 1268 ται
247 1225 296 1267 τὸ
335 1225 455 1279 ἕχον,
496 1224 625 1268 οὐδὲν
661 1225 829 1267 τούτων
866 1224 1058 1277 διαφορὰ
1098 1223 1278 1266 ἐκείνου.
1348 1227 1460 1276 Quae
1497 1228 1598 1268 dicit

135 1294 314 1332 122b16
353 1291 532 1343 οὐδεμία
568 1290 650 1344 γὰρ
691 1290 883 1344 διαφορὰ
911 1290 1107 1344 σημαίνει
1133 1291 1173 1332 τί
1200 1288 1329 1340 ἐστιν,
1358 1289 1464 1331 ἀλλὰ
1491 1293 1597 1342 μᾶλ-

133 1357 213 1396 λον
249 1355 376 1396 ποιόν
396 1371 437 1396 τι
464 1357 539 1404 (cf.
570 1359 764 1398 144a21)
792 1370 971 1409 pugnare
999 1357 1183 1395 videntur
1212 1370 1301 1395 cum
1331 1357 1379 1395 iis
1407 1370 1510 1408 quae
1537 1357 1597 1396 le-

134 1421 266 1474 gimus
306 1423 479 1461 103838
516 1420 710 1473 φανερὸν
746 1418 812 1460 ὅτι
848 1419 873 1461 ὁ
909 1419 1087 1472 ὁρισμός
1123 1417 1237 1460 ἐστιν
1265 1418 1290 1461 ὁ
1318 1417 1364 1460 ἐκ
1390 1421 1479 1461 τῶν
1507 1419 1596 1461 δια-

134 1485 287 1536 φορῶν
311 1484 452 1537 λόγος,
492 1490 533 1524 et
560 1487 612 1525 ib.
643 1489 694 1524 19
722 1485 914 1536 φανερὸν
949 1483 1014 1525 ὅτι
1048 1483 1078 1538 ἦ
1103 1484 1322 1525 τελευταία
1352 1484 1543 1537 διαφορὰ
1569 1484 1598 1539 ἦ

136 1548 263 1590 οὐσία
280 1552 362 1590 τοῦ
382 1549 632 1602 πράγματος
650 1548 765 1590 ἔσται
788 1547 859 1590 καὶ
882 1548 907 1590 ὁ
935 1548 1123 1602 ὁρισμός,
1144 1551 1235 1591 coil.
1260 1551 1375 1590 9981»
1389 1553 1441 1588 23
1464 1549 1596 1603 ἀνάγ-

132 1628 188 1667 κη
225 1613 304 1667 μὲν
342 1613 425 1668 γὰρ
463 1613 538 1662 τὰς
580 1613 794 1666 διαφορὰς
832 1611 1015 1654 ἑκάστου
1047 1613 1202 1667 γένους
1246 1612 1321 1656 καὶ
1365 1609 1477 1655 εἶναι
1524 1613 1597 1656 καὶ

134 1678 240 1732 μίαν
277 1674 388 1720 εἶναι
425 1676 630 1731 ἑκάστην,
667 1678 888 1720 ἀδύνατον
924 1677 970 1720 δὲ
1006 1682 1343 1731 κατηγορεῖσθαι
1368 1679 1396 1732 ἢ
1423 1678 1477 1720 τὰ
1505 1679 1597 1733 εἴδη

133 1747 213 1785 τοῦ
241 1742 396 1795 γένους
432 1741 501 1784 ἐπὶ
528 1744 616 1784 τῶν
643 1743 814 1784 οἰκείων
842 1743 1067 1796 διαφορῶν
1093 1743 1120 1796 ἢ
1147 1742 1197 1784 τὸ
1224 1743 1350 1795 γένος
1376 1746 1482 1785 ἄνευ
1509 1745 1598 1785 τῶν

136 1808 274 1850 αὐτοῦ
311 1808 450 1849 εἰδῶν.
515 1809 697 1848 Alterum
735 1822 826 1859 cum
867 1810 994 1848 altero
1023 1810 1074 1847 ita
1104 1810 1365 1857 concinatur,
1402 1814 1446 1848 ut
1474 1810 1598 1849 diffe-

134 1875 262 1914 rentia
281 1875 366 1925 ipsa
390 1873 550 1924 quidem
580 1886 659 1911 non
686 1873 740 1912 sit
768 1874 1013 1919 substantia,
1042 1874 1128 1923 sed,
1158 1886 1277 1924 quum
1308 1874 1366 1912 rei
1393 1873 1596 1912 definitio-

134 1951 228 1977 nem
266 1938 541 1984 conficiat,
576 1937 703 1987 ipsam
741 1938 799 1976 rei
828 1941 1008 1976 naturam
1034 1939 1260 1989 exprimere
1287 1943 1399 1976 recte
1427 1938 1595 1977 dicatur.

134 2004 314 2042 122b22
338 2001 472 2056 δῆλον
489 1995 570 2040 οὖν
597 1998 662 2040 ὅτι
692 1999 746 2040 οὐ
773 1998 933 2052 μετέχει
958 2003 1037 2042 τοῦ
1065 1999 1222 2053 γένους
1249 1999 1278 2054 ἦ
1305 2000 1507 2052 διαφορά.
1535 2001 1595 2040 Ib.

136 2069 189 2106 39
227 2063 292 2106 αἐὶ
328 2065 411 2119 γὰρ
439 2065 468 2119 ἦ
496 2063 687 2117 διαφορὰ
713 2062 776 2105 ἐπ’
806 2064 900 2118 ἰ’σης
926 2063 953 2118 ἢ
980 2062 1048 2106 ἐπὶ
1073 2068 1224 2106 πλεῖον
1251 2068 1332 2106 τοῦ
1363 2064 1507 2112 εἴδους
1533 2064 1595 2105 λέ-

135 2143 264 2182 γεται.
303 2132 510 2173 103⁸!th
539 2130 586 2171 τὸ
623 2129 706 2182 γὰρ
734 2127 859 2182 γένος
888 2130 941 2171 οὐ
971 2131 1090 2172 δοκεῖ
1115 2129 1300 2182 μετέχειν
1326 2130 1415 2169 τῶν
1443 2129 1596 2180 διαφο-

137 2194 239 2246 ρῶν.
284 2194 345 2232 De
372 2197 511 2233 natura
540 2195 787 2234 differentiae
814 2197 1017 2235 videamus
1046 2197 1248 2234 1054a32
1275 2193 1327 2234 τὰ
1356 2193 1394 2233 δ’
1424 2191 1596 2234 ἐναντία

139 2258 353 2310 διάφορα,
392 2255 465 2297 καὶ
503 2256 532 2311 ἦ
569 2256 816 2306 ἐναντίωσις
854 2258 1046 2310 διαφορά
1071 2273 1144 2306 τις.
1177 2261 1346 2297 105837
1373 2255 1482 2310 λέγω
1510 2257 1594 2311 γὰρ
1658 2314 1660 2316 v

136 2320 293 2376 γένους
330 2321 551 2374 διαφορὰν
589 2319 811 2375 ἑτερότητα
852 2323 879 2377 ἢ
908 2322 1054 2374 ἕτερον
1079 2324 1192 2362 ποιεῖ
1217 2325 1348 2362 τοῦτο
1378 2322 1498 2364 αὐτό.
1527 2320 1594 2363 ἐν-

137 2387 335 2434 αντίωσις
360 2387 512 2427 τοίνυν
539 2383 654 2427 ἔσται
682 2385 802 2439 αὕτη.
832 2388 887 2427 lb.
919 2389 942 2426 b
958 2390 980 2425 1
1009 2386 1107 2427 ὅσαι
1134 2384 1212 2438 μὲν
1240 2385 1288 2427 ἐν
1314 2391 1373 2438 τῷ
1399 2386 1514 2442 λόγῳ
1541 2386 1592 2428 εἰ-

137 2450 206 2493 σὶν
230 2450 519 2505 ἐναντιότητες
552 2451 653 2491 ε’ίδει
678 2454 853 2492 ποιοῦσι
879 2451 1111 2503 διαφοράν,
1140 2450 1238 2492 ὅσαι
1266 2451 1304 2491 δ’
1334 2450 1382 2492 ἐν
1408 2456 1467 2504 τῷ
1489 2460 1591 2492 συν-

138 2515 374 2570 ειλημμένῳ
409 2521 462 2569 τῇ
500 2515 580 2569 ὕλῃ
619 2515 673 2556 οὐ
710 2519 924 2556 ποιοῦσιν.
964 2519 1135 2556 643324
1164 2515 1250 2557 ἔστι
1277 2515 1316 2555 δ’
1344 2515 1373 2569 ἦ
1400 2515 1593 2569 διαφορὰ

137 2582 186 2623 τὸ
223 2577 338 2629 εἶδος
374 2578 420 2622 ἐν
455 2586 508 2634 τῇ
535 2579 628 2633 ὕλῃ.
694 2581 753 2619 De
778 2582 824 2620 iis
853 2595 955 2633 quae
984 2582 1167 2621 dicuntur
1193 2582 1357 2632 πρῶται
1385 2580 1593 2633 διαφοραί

138 2659 174 2684 v.
202 2647 322 2686 Biese
347 2647 377 2685 l.
406 2661 446 2699 p.
476 2649 555 2685 522
583 2650 665 2684 not.
695 2646 743 2694 2,
773 2646 939 2685 Aristot.
971 2647 1143 2684 105533
1171 2644 1260 2686 ἐπεὶ
1289 2644 1335 2686 δὲ
1371 2644 1593 2699 διαφέρειν

139 2705 346 2763 ἐνδέχεται
365 2710 560 2763 ἀλλήλων
581 2707 633 2749 τὰ
661 2706 923 2761 διαφέροντα
949 2710 1096 2749 πλεῖον
1122 2709 1194 2752 καὶ
1215 2708 1403 2760 ἔλαττον,
1425 2710 1512 2752 ἔστι
1527 2725 1592 2760 τις

139 2772 213 2815 καὶ
238 2775 410 2829 μεγίστη
447 2772 662 2828 διαφορά,
699 2771 774 2815 καὶ
809 2772 970 2827 ταύτην
1006 2771 1116 2826 λέγω
1152 2775 1416 2820 ἐναντίωσιν.
1452 2777 1511 2818 lb.
1541 2779 1592 2815 16
