1722 3126
214 197 266 235 20
535 199 593 232 De
626 198 872 232 codicibus
904 197 1087 242 graecis
1118 198 1306 243 Organi.

215 292 273 337 χες
293 291 362 338 γὰρ
385 291 532 337 ἐδείχθη
555 295 629 329 τῶν
651 295 788 338 μορίων
820 290 937 329 αὐτοῦ
967 295 1035 329 τοῦ
1066 306 1104 329 τε
1134 291 1432 339 παρεληλυθότος
1464 292 1529 328 καὶ
1561 294 1630 328 τοῦ

215 347 406 392 μέλλοντος
428 347 522 383 κατὰ
546 347 587 384 τὸ
612 350 679 383 νῦν
702 349 945 393 συνημμένων.
993 347 1112 395 ὥσπερ
1149 348 1189 383 δὲ
1221 348 1372 384 ἕκαστον
1395 349 1467 383 τῶν
1488 346 1562 383 ὕπὸ
1586 347 1628 382 τὸ

219 402 338 438 ποσὸν
360 401 609 448 οἷναγομένων,
636 405 706 439 εἴτε
732 404 968 451 διωρισμένον
991 405 1103 449 λέγεις
1126 405 1197 439 εἴτε
1220 403 1375 448 συνεχές,
1398 403 1445 439 τὰ
1467 402 1532 447 μὲν
1552 401 1628 437 τῦπό

215 471 315 499 τινος
347 457 429 499 ἑνὸς
462 461 536 494 τῶν
568 458 606 494 έν
639 457 765 499 αὐτοῖς
793 463 1000 506 μετρεῖται,
1032 457 1082 500 οὖς
1106 457 1302 505 ἅνθρωποι
1324 457 1412 494 δέκα
1434 457 1508 494 ὑπό
1533 469 1632 497 τινος

216 514 290 549 τῶν
314 513 352 549 ἐν
374 511 522 559 αὐτοῖς,
560 514 607 549 τὰ
642 513 682 549 δὲ
712 516 845 560 συνεχῆ
874 515 1038 560 θεμένων
1068 529 1104 549 τι
1137 514 1268 561 μέτρον
1299 512 1355 549 ἐπ’
1379 509 1507 553 αὐτοῖς
1529 511 1632 558 ἡμῶν

215 567 296 604 οἷον
316 568 417 604 πόδα
439 566 465 614 ἦ
488 583 524 604 τι
546 568 670 616 ἕτερον
690 568 785 605 κατὰ
806 570 872 606 τόν
896 568 1011 606 αὐτὸν
1026 569 1165 617 τρόπον
1179 580 1186 588 ·
1211 567 1305 605 καὶὸ
1323 568 1452 615 χρόνος
1476 567 1514 603 ἕν
1533 581 1570 603 τι
1592 579 1632 612 γε

216 621 260 659 όν
287 626 362 659 τῶν
386 626 545 669 συνεχῶν
566 626 691 660 ποσῶν
712 627 790 665 τοῖς
821 625 955 661 ἑαυτοῦ
986 626 1108 672 μέρεσι
1129 628 1312 671 μετρεῖται
1340 623 1506 668 θεμένων
1532 621 1633 667 ἡμῶν

215 678 403 724 ἐλάχιστον
415 679 507 725 πρὸς
519 681 692 726 αἴσθησιν
714 680 845 727 χρόνον
870 680 950 716 οἷον
966 680 1066 728 ὥραν
1085 678 1108 726 ἢ
1125 678 1234 725 ἥμισυ
1249 679 1385 725 ταύτης
1399 677 1424 725 ἢ
1435 679 1495 714 καὶ
1511 677 1633 724 ἕτερον

215 734 335 780 μέρος.
400 734 476 770 ἔστι
521 735 560 770 δὲ
593 734 652 772 ὅτε
689 736 752 771 καὶ
790 738 927 781 μείζονί
966 750 1038 772 τινι
1079 739 1262 782 μετρεῖται
1302 735 1382 771 οἷον
1415 734 1532 781 ἡμέρᾳ
1571 733 1634 768 καὶ

216 790 323 826 νυκτὶ
345 790 408 825 καὶ
430 791 478 836 τῇ
501 790 538 834 ἐξ
562 790 702 836 οὲμφοῒν
733 793 802 827 τοῦ
832 792 936 836 ἡλίου
966 790 1126 838 περιόδῳ
1160 792 1223 827 καὶ
1252 791 1339 835 μηνὶ
1372 791 1434 827 καὶ
1466 790 1632 836 ἐνιαυτῷ.

215 845 268 881 ἔτι
290 846 401 891 τριῶν
425 843 564 889 ὄντων,
596 846 796 891 μεγέθους,
831 846 911 882 οἷον
934 848 1084 882 σταδίου
1109 845 1195 892 φέρε
1219 848 1356 888 εἰπεῖν,
1381 844 1437 890 ἐφ’
1462 841 1506 880 οὗ
1529 844 1552 889 ἦ
1576 846 1633 880 κί-

215 912 317 946 νησις
348 902 507 945 γίνεται,
541 902 604 936 καὶ
636 901 812 946 κινήσεως
843 899 930 937 καθ’
959 898 1006 946 ἣν
1038 901 1080 937 τὰ
1117 901 1334 946 κινούμενον
1369 904 1541 944 κινεῖται,
1572 899 1634 934 καὶ

214 955 371 1002 χρόνου,
409 955 448 991 ἐν
479 952 510 1004 ᾧ
539 956 582 992 τό
611 956 831 1001 κινούμενον
853 959 1029 1000 κινεῖται,
1052 958 1170 992 ταῦτα
1191 958 1385 1003 μετροῦσιν
1400 954 1543 1001 ἄλληλα
1571 954 1634 990 καὶ

214 1008 277 1046 ὑπ’
301 1010 464 1055 ἀλλήλων
486 1013 719 1058 μετροῦνται.
763 1015 886 1057 μετρεῖ
904 1010 973 1058 γὰρ
996 1012 1059 1047 καὶ
1082 1011 1102 1048 ὁ
1128 1011 1258 1058 χρόνος
1279 1011 1348 1058 τὴν
1365 1013 1523 1057 κίνησιν·
1549 1010 1647 1056 ἔρον--

213 1066 391 1117 τηθέντες
411 1065 492 1112 γάρ,
516 1066 612 1112 πόση
635 1080 691 1108 τις
712 1067 736 1112 ἡ
760 1068 912 1113 κίνησις,
936 1067 1057 1112 φαμὲν
1081 1067 1276 1113 ἡμερησία·
1309 1068 1372 1103 καὶ
1398 1063 1514 1107 αὖθις
1536 1065 1558 1111 ἦ
1582 1067 1633 1100 κί-

213 1122 316 1166 νησις
337 1121 404 1157 τὸν
425 1121 577 1168 χρόνον
599 1122 715 1164 πόσος
737 1121 806 1168 γὰρ
829 1122 976 1169 χρόνος,·
999 1124 1216 1169 γνωρίζομεν
1237 1120 1294 1159 ὅτι
1314 1122 1440 1165 πολύς,
1464 1121 1528 1158 ἐὰν
1547 1124 1633 1157 πολ-

214 1175 257 1222 λὴ
284 1175 307 1221 ἡ
330 1178 486 1220 κίνησις·
510 1178 572 1213 καὶ
597 1173 712 1219 αὖθις
734 1178 776 1213 τὰ
801 1177 957 1223 μέγεθος
979 1177 1002 1223 ἡ
1026 1179 1164 1224 κίνησις
1185 1182 1309 1224 μετρεῖ
1327 1179 1390 1215 καὶ
1412 1176 1634 1222 οἷντιμετρεῖ-

214 1233 278 1268 ταί
300 1244 340 1277 γε
363 1229 424 1267 ὑπ’
459 1230 579 1269 αἰῗτοῦ
601 1234 666 1278 (cf.
691 1235 758 1267 220
781 1234 802 1266 b
830 1234 999 1277 14—32)
1017 1245 1025 1254 ·
1058 1234 1196 1279 πολλὴν
1226 1233 1296 1280 γάρ
1328 1247 1448 1279 φαμεν
1480 1232 1568 1268 ὁδὸν
1591 1226 1635 1276 ἧς

213 1287 238 1332 ἢ
261 1289 392 1334 πορεία
415 1287 545 1331 πολλή,
568 1284 706 1332 πολλὴν
728 1287 768 1323 δὲ
791 1287 903 1323 πάλιν
925 1290 1091 1334 πορείαν,
1114 1286 1207 1324 ὅταν
1227 1287 1249 1333 ἡ
1270 1288 1357 1330 ὁδὸς
1372 1290 1488 1334 μῆκος
1506 1285 1634 1323 ἱκανὸν

215 1342 290 1388 ἔχῃ.
335 1344 447 1389 τριῶν
478 1338 546 1378 οὖν
576 1341 694 1378 ὅντων
723 1342 884 1384 τούτων,
918 1342 982 1378 διὰ
1005 1344 1071 1388 μὲν
1101 1344 1143 1379 τὸ
1170 1345 1326 1389 μέγεθος
1354 1341 1373 1380 ὃ
1399 1343 1635 1391 διερχόμεθα,

216 1396 274 1434 ὅτι
298 1398 415 1434 ποσὸν
437 1399 501 1434 καὶ
525 1394 583 1433 ὅτι
609 1397 776 1440 τοσόνδε,
799 1398 862 1433 καὶ
885 1398 908 1443 ἡ
931 1400 1072 1443 κίνησις
1095 1399 1185 1444 δήλη
1210 1398 1266 1435 ὅτι
1289 1398 1386 1445 ποσὴ
1407 1400 1470 1436 καὶ
1497 1398 1554 1435 ὅτι
1575 1411 1635 1434 το-

215 1454 322 1499 σήδε,
347 1451 410 1490 διὰ
434 1453 475 1489 δὲ
496 1452 566 1498 τὴν
588 1454 730 1498 κίνησιν
753 1453 773 1489 ὁ
797 1453 928 1499 χρόνος
950 1455 1064 1499 δῆλον
1087 1452 1146 1489 ὅτι
1167 1454 1285 1490 ποσὸν
1306 1455 1367 1490 καὶ
1392 1452 1449 1490 ὅτι
1470 1453 1634 1490 τοσόνδε.

215 1510 269 1546 ἔτι
292 1508 331 1544 δὲ
353 1510 466 1554 δῆλον
487 1509 551 1544 καὶ
575 1508 615 1544 ἐκ
638 1509 778 1550 ταῖνδε,
803 1506 862 1545 ὅτι
885 1508 1028 1554 συνεχὲς
1051 1510 1167 1545 ποσὸν
1190 1508 1210 1546 ὁ
1233 1508 1383 1556 χρόνος,
1409 1510 1448 1546 ἐκ
1468 1511 1537 1545 τοῦ
1559 1510 1635 1545 πᾶν

215 1565 256 1601 τό
290 1564 564 1611 λαμβανόμενον
595 1563 659 1600 ’ὑπ’
692 1561 811 1599 αὐτοῦ
837 1565 946 1610 μέρος
976 1565 1161 1611 διαιρετὸν
1192 1563 1299 1601 εἶναι.
1362 1564 1410 1600 ου’
1437 1564 1507 1611 γὰρ
1541 1566 1635 1600 διαι-

216 1622 365 1667 ροῦντες
386 1620 453 1655 τὸν
474 1619 608 1667 χρόνον
631 1620 683 1660 εἰς
706 1616 919 1666 ἀδιαίρετόν
932 1634 968 1655 τι
991 1620 1147 1665 λήγομεν
1169 1617 1288 1667 οἵσπερ
1312 1620 1373 1656 ἐπὶ
1386 1622 1456 1656 τοῦ
1471 1620 1635 1666 ἀριθμοῦ

217 1677 270 1716 εἰς
292 1674 360 1721 τὴν
381 1675 527 1721 μονάδα
550 1674 762 1720 οἷδιαίρετον
786 1670 921 1716 οὖσαν,
954 1674 1046 1711 ἀλλὰ
1078 1677 1129 1724 τῷ
1156 1675 1305 1721 μεγέθει
1326 1675 1389 1712 καὶ
1422 1676 1469 1722 τῇ
1496 1675 1636 1720 κινήσει

217 1729 422 1767 ἀκολουθεῖ
440 1728 534 1777 ἅπερ
565 1731 698 1775 συνεχῆ
731 1729 822 1766 ὄντα
843 1731 916 1771 πᾶς
941 1744 996 1771 τις
1019 1730 1102 1778 ἐρεῖ.
1148 1731 1228 1767 ἐπεὶ
1261 1730 1302 1766 δὲ
1337 1730 1376 1766 έν
1409 1733 1462 1778 τῷ
1489 1731 1636 1776 μεγέθει

216 1786 291 1823 ἐστὶ
313 1786 355 1822 τὸ
379 1785 560 1833 πρότερον
583 1785 646 1821 καὶ
668 1785 710 1821 τὸ
732 1782 896 1832 ὕστερον,
920 1784 1060 1831 ἀνάγκη
1074 1786 1137 1821 καὶ
1160 1784 1199 1822 ἕν
1221 1784 1362 1832 κινήσει
1381 1784 1475 1822 εἶναι
1488 1785 1531 1822 τὸ
1547 1785 1636 1832 πρό-

215 1855 324 1889 τερον
346 1842 408 1878 καὶ
430 1841 473 1877 τὸ
496 1841 651 1888 ὕστερον
674 1840 737 1876 διὰ
760 1841 802 1876 τὸ
825 1840 994 1886 μέγεθος.
1048 1840 1102 1876 ἔτι
1131 1854 1170 1886 γε
1200 1840 1274 1886 μὴν
1296 1841 1359 1877 καὶ
1382 1841 1421 1877 ἐν
1441 1843 1493 1888 τῷ
1516 1841 1635 1888 χρόνῳ

217 1896 282 1934 διὰ
319 1896 390 1942 τὴν
419 1898 579 1941 κίνησιν·
623 1894 789 1943 ὁρίζομεν
819 1896 860 1932 δὲ
890 1896 957 1932 τὸν
987 1891 1258 1943 χρόνονλ(όρίζ.
1281 1917 1323 1923 ·—
1352 1909 1408 1942 χρ.
1440 1908 1512 1930 rec.
1544 1896 1635 1939 adi.)

217 1952 258 1988 τὸ
291 1950 379 1987 ἄλλο
418 1949 505 1987 ἄλλο
526 1953 575 1996 ³¹¹²)
615 1951 816 1997 ὑπολαβεῖν
846 1951 888 1987 τό
923 1964 963 1987 τε
995 1951 1177 1998 πρότερον
1215 1953 1285 1987 νῦν
1313 1952 1376 1987 καὶ
1408 1950 1450 1987 τὸ
1482 1948 1636 1997 ’ὕστερον

216 2007 280 2043 καὶ
309 2006 350 2042 τὸ
382 2007 517 2052 μεταξῦ
550 2005 673 2042 αὐτῶν
708 2005 846 2053 ἕτερον·
886 2005 979 2042 ὅταν
1000 2006 1069 2053 γὰρ
1105 2005 1209 2053 ἕτερα
1243 2004 1290 2041 τὰ
1314 2004 1411 2053 ἄκρα
1433 2007 1501 2042 τοῦ
1522 2006 1635 2051 μέσου

216 2061 405 2108 νοήσωμεν
439 2062 501 2097 καὶ
533 2061 603 2097 δύο
637 2062 722 2108 εἴπῃ
753 2061 777 2106 ἡ
809 2061 910 2106 ψυχὴ
934 2061 982 2096 τὰ
1011 2063 1100 2104 νῦν,
1140 2060 1183 2097 τὸ
1216 2061 1282 2107 μὲν
1307 2061 1488 2108 πρότερον
1518 2061 1562 2097 τὸ
1594 2060 1636 2097 δὲ

217 2114 394 2164 ὕστερον,
425 2116 509 2153 τότε
541 2117 662 2163 φαμὲν
691 2117 825 2164 χρόνον
854 2115 949 2152 εἶναι
980 2118 1045 2160 (cf.
1069 2118 1135 2152 219
1159 2129 1178 2151 a
1201 2119 1245 2152 25
1264 2136 1304 2143 -
1321 2118 1394 2162 29).
1445 2116 1540 2157 τινὲς
1569 2116 1635 2162 μὲν

218 2168 286 2209 οὖν
307 2171 440 2219 χρόνον
461 2171 530 2217 τὴν
552 2174 620 2208 τοῦ
640 2172 780 2214 παντὸς
800 2171 1008 2218 περιφορὰν
1029 2171 1228 2218 εἰρήκασιν,
1250 2172 1287 2207 οὶ
1309 2171 1350 2208 δὲ
1372 2172 1440 2218 τὴν
1462 2174 1530 2208 τοῦ
1544 2185 1634 2208 παν-

217 2226 283 2269 τὸς
305 2230 467 2274 σφαῖραν
488 2228 554 2272 (cf.
579 2229 646 2262 218
670 2240 688 2262 a
712 2230 756 2263 33
780 2229 897 2273 sqq.)‚
937 2227 1012 2263 ἔστι
1035 2227 1076 2263 δὲ
1110 2225 1304 2273 οὐδέτερον
1334 2226 1481 2273 ἀληθές.
1535 2240 1635 2274 περι-

217 2284 338 2329 φορᾶς
358 2281 424 2327 μὲν
446 2281 516 2329 γὰρ
538 2281 579 2318 τὸ
603 2281 713 2329 μέρος
736 2280 804 2319 οὐκ
826 2281 900 2319 ἔστι
921 2283 1121 2329 περιφορά,
1142 2282 1277 2328 χρόνου
1302 2282 1342 2318 δὲ
1363 2283 1471 2329 μέρος
1491 2282 1634 2329 χρόνος·
1658 2288 1671 2296 ·

216 2335 294 2374 ἀλλ’
318 2335 405 2374 οὐδὲ
426 2337 559 2384 χρόνος
580 2335 604 2382 ἡ
643 2340 713 2374 τοῦ
726 2337 881 2381 ,παντὸς
911 2342 1070 2385 σφαῖρα,
1101 2335 1151 2379 ὥς
1174 2351 1270 2379 τινες
1300 2337 1479 2384 ςόήθησαν
1509 2337 1547 2373 ἐκ
1567 2339 1635 2374 τοῦ

217 2390 412 2440 ἀμφότερα
442 2392 651 2440 περιεκτικός
684 2392 791 2430 εἶναι.
843 2394 880 2429 οὶ
908 2394 976 2440 γὰρ
1002 2390 1100 2430 οὕτω
1123 2393 1287 2437 λέγοντες
1313 2394 1461 2440 πρῶτον
1489 2392 1555 2438 μὲν
1587 2392 1634 2428 ου’

217 2450 487 2494 συλλογίζονται
501 2478 510 2494 ,
557 2448 682 2484 ἔπειτα
716 2450 779 2485 καὶ
811 2448 940 2495 ἑτέρως
961 2448 1225 2495 ἁμαρτάνουσι.
1278 2447 1321 2484 τό
1354 2448 1423 2495 γὰρ
1457 2449 1634 2496 περιέχειν

217 2504 311 2551 πρός
332 2518 369 2539 τι
392 2501 437 2540 όν
460 2505 602 2545 οἰκείως
624 2502 662 2540 ἐν
685 2500 905 2550 ἀμφοτέροις
929 2502 1164 2541 ἀποδέδοται.
1211 2503 1257 2539 ου’
1278 2503 1349 2550 γὰρ
1371 2503 1495 2546 ἁπλαῖς
1516 2504 1542 2550 ἤ
1565 2506 1635 2550 τοῦ

216 2557 356 2600 παντὸς
377 2563 518 2606 σφαῖρα
539 2559 745 2606 περιεκτικὴ
781 2558 957 2605 σωμάτων
987 2559 1157 2605 πάντων,
1191 2557 1212 2594 ὁ
1244 2558 1283 2594 δὲ
1304 2559 1433 2605 χρόνος
1456 2572 1632 2605 περιεκτι-

216 2614 283 2655 κὸς
303 2616 379 2650 τῶν
401 2614 439 2650 ἐν
460 2614 597 2659 γενέσει
618 2615 681 2651 καὶ
704 2616 834 2663 φθορᾷ
856 2615 1089 2662 πραγμάτων.
1133 2612 1251 2658 δόξειε
1283 2612 1315 2650 δ’
1350 2612 1398 2651 ἂν
1420 2616 1556 2660 μᾶλλον
1580 2615 1632 2650 κί-

216 2681 319 2715 νησις
341 2668 436 2705 εἶναι
458 2670 522 2706 καὶ
542 2670 724 2716 μεταβολὴ
747 2669 769 2706 o‘
792 2670 939 2718 χρόνος,
963 2669 1032 2708 ου’κ
1054 2671 1130 2708 ἔστι
1151 2668 1203 2706 δέ.
1251 2668 1274 2714 ἡ
1297 2670 1363 2715 μὲν
1384 2670 1454 2717 γὰρ
1477 2670 1632 2706 ἑκάστου

237 2781 277 2824 *J
300 2780 351 2829 τῷ
373 2778 459 2815 ἄλλο
483 2779 543 2815 καὶ
569 2776 655 2816 ἄλλο
679 2782 768 2815 coni.
