<?xml version="1.0" encoding="UTF-8"?>
<!DOCTYPE html PUBLIC "-//W3C//DTD XHTML 1.0 Transitional//EN"
    "http://www.w3.org/TR/xhtml1/DTD/xhtml1-transitional.dtd">
<html xmlns="http://www.w3.org/1999/xhtml" xml:lang="en" lang="en">
 <head>
  <title>
</title>
<meta http-equiv="Content-Type" content="text/html;charset=utf-8" />
  <meta name='ocr-system' content='tesseract 3.04.00' />
  <meta name='ocr-capabilities' content='ocr_page ocr_carea ocr_par ocr_line ocrx_word'/>
</head>
<body>
  <div class='ocr_page' id='page_1' title='image "aristotelisorgan01arisuoft_0559.png"; bbox 0 0 1832 3112; ppageno 0'>
   <div class='ocr_carea' id='block_1_1' title="bbox 623 202 1624 252">
    <p class='ocr_par' dir='ltr' id='par_1_1' title="bbox 623 202 1624 252">
     <span class='ocr_line' id='line_1_1' title="bbox 623 202 1624 252; baseline -0.004 -10"><span class='ocrx_word' id='word_1_1' title='bbox 623 205 874 252; x_wconf 72' lang='lat' dir='ltr'><strong>Analytica</strong></span> <span class='ocrx_word' id='word_1_2' title='bbox 905 204 1080 250; x_wconf 76' lang='lat' dir='ltr'><strong>priora.</strong></span> <span class='ocrx_word' id='word_1_3' title='bbox 1540 202 1624 244; x_wconf 74' lang='lat'><strong>525</strong></span> 
     </span>
    </p>
   </div>
   <div class='ocr_carea' id='block_1_2' title="bbox 98 299 1625 2859">
    <p class='ocr_par' dir='ltr' id='par_1_2' title="bbox 157 299 1622 414">
     <span class='ocr_line' id='line_1_2' title="bbox 160 299 1622 356; baseline 0 -11"><span class='ocrx_word' id='word_1_4' title='bbox 160 305 209 346; x_wconf 84' lang='grc' dir='ltr'><strong>τὸ</strong></span> <span class='ocrx_word' id='word_1_5' title='bbox 229 303 426 346; x_wconf 75' lang='grc' dir='ltr'><strong><em>καθόλου</em></strong></span> <span class='ocrx_word' id='word_1_6' title='bbox 444 306 717 356; x_wconf 79' lang='grc' dir='ltr'><strong>θεωροῦντες</strong></span> <span class='ocrx_word' id='word_1_7' title='bbox 732 303 936 354; x_wconf 77' lang='grc' dir='ltr'><strong><em>πολλάκις</em></strong></span> <span class='ocrx_word' id='word_1_8' title='bbox 962 300 1056 345; x_wconf 83' lang='grc' dir='ltr'><strong><em>ἔνια</em></strong></span> <span class='ocrx_word' id='word_1_9' title='bbox 1082 301 1172 344; x_wconf 78' lang='grc' dir='ltr'><strong>τῶν</strong></span> <span class='ocrx_word' id='word_1_10' title='bbox 1195 299 1300 343; x_wconf 79' lang='grc' dir='ltr'><strong>καθ’</strong></span> <span class='ocrx_word' id='word_1_11' title='bbox 1329 299 1511 344; x_wconf 81' lang='grc' dir='ltr'><strong><em>ἕκαστον</em></strong></span> <span class='ocrx_word' id='word_1_12' title='bbox 1536 302 1622 345; x_wconf 84' lang='grc' dir='ltr'><strong>οὐκ</strong></span> 
     </span>
     <span class='ocr_line' id='line_1_3' title="bbox 157 368 709 414; baseline -0.002 -4"><span class='ocrx_word' id='word_1_13' title='bbox 157 369 275 410; x_wconf 79' lang='grc' dir='ltr'><strong><em>ἴσασι</em></strong></span> <span class='ocrx_word' id='word_1_14' title='bbox 303 368 360 410; x_wconf 84' lang='grc' dir='ltr'><strong>δι’</strong></span> <span class='ocrx_word' id='word_1_15' title='bbox 388 368 709 414; x_wconf 77' lang='grc' dir='ltr'><strong><em>α’νεπισκεψίαν.</em></strong></span> 
     </span>
    </p>

    <p class='ocr_par' dir='ltr' id='par_1_3' title="bbox 104 429 1622 550">
     <span class='ocr_line' id='line_1_4' title="bbox 104 429 1622 487; baseline -0.001 -13"><span class='ocrx_word' id='word_1_16' title='bbox 104 435 256 474; x_wconf 61' lang='lat' dir='ltr'><strong>ouh-235</strong></span> <span class='ocrx_word' id='word_1_17' title='bbox 283 435 386 475; x_wconf 81' lang='grc' dir='ltr'><strong>καθ’</strong></span> <span class='ocrx_word' id='word_1_18' title='bbox 406 431 606 487; x_wconf 79' lang='grc' dir='ltr'><strong><em>ἑκάτερον</em></strong></span> <span class='ocrx_word' id='word_1_19' title='bbox 625 435 713 475; x_wconf 75' lang='grc' dir='ltr'><strong>τῶν</strong></span> <span class='ocrx_word' id='word_1_20' title='bbox 739 430 895 486; x_wconf 84' lang='grc' dir='ltr'>μέσων,</span> <span class='ocrx_word' id='word_1_21' title='bbox 923 435 962 474; x_wconf 88' lang='lat' dir='ltr'><strong>h.</strong></span> <span class='ocrx_word' id='word_1_22' title='bbox 991 447 1028 476; x_wconf 88' lang='lat' dir='ltr'><strong>e.</strong></span> <span class='ocrx_word' id='word_1_23' title='bbox 1059 433 1096 474; x_wconf 93' lang='grc' dir='ltr'><strong><em>Β</em></strong></span> <span class='ocrx_word' id='word_1_24' title='bbox 1124 438 1166 475; x_wconf 89' lang='lat' dir='ltr'><strong>et</strong></span> <span class='ocrx_word' id='word_1_25' title='bbox 1193 433 1244 483; x_wconf 90' lang='grc' dir='ltr'><strong>Γ,</strong></span> <span class='ocrx_word' id='word_1_26' title='bbox 1271 429 1520 484; x_wconf 73' lang='grc' dir='ltr'><strong><em>ἀμφοτέρας</em></strong></span> <span class='ocrx_word' id='word_1_27' title='bbox 1545 431 1622 481; x_wconf 80' lang='grc' dir='ltr'><strong>τὰς</strong></span> 
     </span>
     <span class='ocr_line' id='line_1_5' title="bbox 159 498 850 550; baseline 0.003 -12"><span class='ocrx_word' id='word_1_28' title='bbox 159 498 396 550; x_wconf 77' lang='grc' dir='ltr'><strong><em>προτάσεις,</em></strong></span> <span class='ocrx_word' id='word_1_29' title='bbox 425 500 552 539; x_wconf 88' lang='lat' dir='ltr'><strong>intell.</strong></span> <span class='ocrx_word' id='word_1_30' title='bbox 583 501 666 540; x_wconf 88' lang='grc' dir='ltr'><strong>ΒΓ</strong></span> <span class='ocrx_word' id='word_1_31' title='bbox 686 506 728 538; x_wconf 86' lang='lat' dir='ltr'><strong>et</strong></span> <span class='ocrx_word' id='word_1_32' title='bbox 756 499 850 540; x_wconf 89' lang='grc' dir='ltr'><strong>ΓΔ.</strong></span> 
     </span>
    </p>

    <p class='ocr_par' dir='ltr' id='par_1_4' title="bbox 104 555 1625 999">
     <span class='ocr_line' id='line_1_6' title="bbox 104 555 1624 617; baseline 0 -16"><span class='ocrx_word' id='word_1_33' title='bbox 104 565 188 602; x_wconf 67' lang='grc'><strong>678</strong></span> <span class='ocrx_word' id='word_1_34' title='bbox 204 566 230 602; x_wconf 80' lang='lat'>2</span> <span class='ocrx_word' id='word_1_35' title='bbox 258 555 293 617; x_wconf 83' lang='grc' dir='ltr'><em>ᾧ</em></span> <span class='ocrx_word' id='word_1_36' title='bbox 318 563 368 604; x_wconf 88' lang='grc' dir='ltr'><strong>τὸ</strong></span> <span class='ocrx_word' id='word_1_37' title='bbox 398 565 436 604; x_wconf 91' lang='grc' dir='ltr'><strong><em>Β</em></strong></span> <span class='ocrx_word' id='word_1_38' title='bbox 462 562 546 604; x_wconf 83' lang='grc' dir='ltr'><strong><em>τινὶ</em></strong></span> <span class='ocrx_word' id='word_1_39' title='bbox 566 593 576 604; x_wconf 95' lang='grc'><em>.</em></span> <span class='ocrx_word' id='word_1_40' title='bbox 596 593 607 602; x_wconf 94' lang='grc'><strong>.</strong></span> <span class='ocrx_word' id='word_1_41' title='bbox 631 593 640 603; x_wconf 92' lang='grc'><strong>.</strong></span> <span class='ocrx_word' id='word_1_42' title='bbox 672 563 797 602; x_wconf 88' lang='lat' dir='ltr'><strong>Modo</strong></span> <span class='ocrx_word' id='word_1_43' title='bbox 837 562 1000 613; x_wconf 77' lang='lat' dir='ltr'><strong>collegit</strong></span> <span class='ocrx_word' id='word_1_44' title='bbox 1034 574 1084 601; x_wconf 87' lang='lat' dir='ltr'><strong>ex</strong></span> <span class='ocrx_word' id='word_1_45' title='bbox 1112 561 1447 614; x_wconf 62' lang='lat' dir='ltr'><strong>propositionibus</strong></span> <span class='ocrx_word' id='word_1_46' title='bbox 1473 561 1555 601; x_wconf 90' lang='lat' dir='ltr'><strong>AB</strong></span> <span class='ocrx_word' id='word_1_47' title='bbox 1582 566 1624 601; x_wconf 88' lang='lat' dir='ltr'><strong>et</strong></span> 
     </span>
     <span class='ocr_line' id='line_1_7' title="bbox 161 626 1622 680; baseline -0.002 -12"><span class='ocrx_word' id='word_1_48' title='bbox 161 628 244 668; x_wconf 87' lang='lat' dir='ltr'><strong>BA</strong></span> <span class='ocrx_word' id='word_1_49' title='bbox 286 630 328 668; x_wconf 87' lang='lat' dir='ltr'><em>A</em></span> <span class='ocrx_word' id='word_1_50' title='bbox 367 628 590 680; x_wconf 85' lang='lat' dir='ltr'><strong>praedicari</strong></span> <span class='ocrx_word' id='word_1_51' title='bbox 618 627 670 665; x_wconf 87' lang='lat' dir='ltr'><strong>de</strong></span> <span class='ocrx_word' id='word_1_52' title='bbox 697 627 803 665; x_wconf 89' lang='lat' dir='ltr'><strong>omni</strong></span> <span class='ocrx_word' id='word_1_53' title='bbox 831 628 896 673; x_wconf 84' lang='lat' dir='ltr'><strong>A,</strong></span> <span class='ocrx_word' id='word_1_54' title='bbox 939 638 1042 664; x_wconf 92' lang='lat' dir='ltr'><strong>nunc</strong></span> <span class='ocrx_word' id='word_1_55' title='bbox 1069 627 1176 678; x_wconf 81' lang='lat' dir='ltr'><strong>cogit</strong></span> <span class='ocrx_word' id='word_1_56' title='bbox 1203 639 1254 666; x_wconf 85' lang='lat' dir='ltr'><strong>ex</strong></span> <span class='ocrx_word' id='word_1_57' title='bbox 1281 626 1622 679; x_wconf 75' lang='lat' dir='ltr'><strong>propositionibus</strong></span> 
     </span>
     <span class='ocr_line' id='line_1_8' title="bbox 158 690 1625 743; baseline -0.001 -12"><span class='ocrx_word' id='word_1_58' title='bbox 158 693 246 732; x_wconf 91' lang='grc' dir='ltr'><strong>ΑΓ</strong></span> <span class='ocrx_word' id='word_1_59' title='bbox 265 699 308 732; x_wconf 88' lang='lat' dir='ltr'><strong>et</strong></span> <span class='ocrx_word' id='word_1_60' title='bbox 337 693 417 732; x_wconf 89' lang='grc' dir='ltr'><strong>ΓΛ</strong></span> <span class='ocrx_word' id='word_1_61' title='bbox 443 693 486 731; x_wconf 94' lang='grc' dir='ltr'><em>Α</em></span> <span class='ocrx_word' id='word_1_62' title='bbox 525 691 660 741; x_wconf 80' lang='lat' dir='ltr'><strong>negari</strong></span> <span class='ocrx_word' id='word_1_63' title='bbox 699 690 751 728; x_wconf 91' lang='lat' dir='ltr'><strong>de</strong></span> <span class='ocrx_word' id='word_1_64' title='bbox 778 690 910 740; x_wconf 87' lang='lat' dir='ltr'><strong>aliquo</strong></span> <span class='ocrx_word' id='word_1_65' title='bbox 940 691 997 738; x_wconf 75' lang='grc' dir='ltr'><strong>Δ,</strong></span> <span class='ocrx_word' id='word_1_66' title='bbox 1026 691 1134 740; x_wconf 89' lang='lat' dir='ltr'><strong>quod</strong></span> <span class='ocrx_word' id='word_1_67' title='bbox 1162 692 1364 743; x_wconf 80' lang='lat' dir='ltr'><strong>expressit</strong></span> <span class='ocrx_word' id='word_1_68' title='bbox 1389 691 1462 740; x_wconf 90' lang='lat' dir='ltr'><strong>„A</strong></span> <span class='ocrx_word' id='word_1_69' title='bbox 1487 691 1625 742; x_wconf 82' lang='lat' dir='ltr'><strong>negari</strong></span> 
     </span>
     <span class='ocr_line' id='line_1_9' title="bbox 155 751 1619 807; baseline 0 -13"><span class='ocrx_word' id='word_1_70' title='bbox 155 756 209 794; x_wconf 90' lang='lat' dir='ltr'><strong>de</strong></span> <span class='ocrx_word' id='word_1_71' title='bbox 237 769 310 803; x_wconf 79' lang='lat' dir='ltr'><strong>eo,</strong></span> <span class='ocrx_word' id='word_1_72' title='bbox 336 756 388 795; x_wconf 93' lang='lat' dir='ltr'><strong>de</strong></span> <span class='ocrx_word' id='word_1_73' title='bbox 415 756 529 795; x_wconf 90' lang='lat' dir='ltr'><strong>cuius</strong></span> <span class='ocrx_word' id='word_1_74' title='bbox 565 759 681 807; x_wconf 87' lang='lat' dir='ltr'><strong>parte</strong></span> <span class='ocrx_word' id='word_1_75' title='bbox 710 753 964 804; x_wconf 81' lang='lat' dir='ltr'><strong>praedicetur</strong></span> <span class='ocrx_word' id='word_1_76' title='bbox 991 753 1081 801; x_wconf 86' lang='lat' dir='ltr'>B’&#39;;</span> <span class='ocrx_word' id='word_1_77' title='bbox 1108 751 1191 793; x_wconf 82' lang='grc' dir='ltr'><strong><em>τινὶ</em></strong></span> <span class='ocrx_word' id='word_1_78' title='bbox 1219 755 1382 801; x_wconf 85' lang='lat' dir='ltr'><strong>adiecit,</strong></span> <span class='ocrx_word' id='word_1_79' title='bbox 1409 759 1452 794; x_wconf 90' lang='lat' dir='ltr'><strong>ut</strong></span> <span class='ocrx_word' id='word_1_80' title='bbox 1480 759 1619 794; x_wconf 89' lang='lat' dir='ltr'><strong>osten-</strong></span> 
     </span>
     <span class='ocr_line' id='line_1_10' title="bbox 157 817 1620 869; baseline 0.001 -11"><span class='ocrx_word' id='word_1_81' title='bbox 157 819 272 859; x_wconf 85' lang='lat' dir='ltr'><strong>deret</strong></span> <span class='ocrx_word' id='word_1_82' title='bbox 299 833 351 860; x_wconf 88' lang='lat' dir='ltr'><strong>ne</strong></span> <span class='ocrx_word' id='word_1_83' title='bbox 378 818 641 858; x_wconf 81' lang='lat' dir='ltr'><strong>universalem</strong></span> <span class='ocrx_word' id='word_1_84' title='bbox 669 818 832 869; x_wconf 88' lang='lat' dir='ltr'><strong>quidem</strong></span> <span class='ocrx_word' id='word_1_85' title='bbox 861 817 966 856; x_wconf 89' lang='lat' dir='ltr'><strong>sumi</strong></span> <span class='ocrx_word' id='word_1_86' title='bbox 1005 817 1155 856; x_wconf 85' lang='lat' dir='ltr'><strong>debere</strong></span> <span class='ocrx_word' id='word_1_87' title='bbox 1181 819 1500 869; x_wconf 80' lang='lat' dir='ltr'><strong>propositionem</strong></span> <span class='ocrx_word' id='word_1_88' title='bbox 1526 819 1620 869; x_wconf 83' lang='lat' dir='ltr'><strong>BA,</strong></span> 
     </span>
     <span class='ocr_line' id='line_1_11' title="bbox 156 877 1622 935; baseline 0 -13"><span class='ocrx_word' id='word_1_89' title='bbox 156 889 200 922; x_wconf 88' lang='lat' dir='ltr'><strong>ut</strong></span> <span class='ocrx_word' id='word_1_90' title='bbox 227 883 389 923; x_wconf 84' lang='lat' dir='ltr'><strong>absurdi</strong></span> <span class='ocrx_word' id='word_1_91' title='bbox 427 883 577 934; x_wconf 89' lang='lat' dir='ltr'><strong>aliquid</strong></span> <span class='ocrx_word' id='word_1_92' title='bbox 601 883 836 935; x_wconf 82' lang='lat' dir='ltr'><strong>proveniat.</strong></span> <span class='ocrx_word' id='word_1_93' title='bbox 861 901 918 911; x_wconf 74' lang='lat'><strong>--</strong></span> <span class='ocrx_word' id='word_1_94' title='bbox 942 879 991 920; x_wconf 87' lang='grc' dir='ltr'><strong>τὸ</strong></span> <span class='ocrx_word' id='word_1_95' title='bbox 1020 877 1066 921; x_wconf 80' lang='grc' dir='ltr'><strong>δὲ</strong></span> <span class='ocrx_word' id='word_1_96' title='bbox 1093 880 1223 921; x_wconf 84' lang='grc' dir='ltr'><strong>παντὶ</strong></span> <span class='ocrx_word' id='word_1_97' title='bbox 1250 879 1466 933; x_wconf 85' lang='grc' dir='ltr'><strong><em>οἰόμενον,</em></strong></span> <span class='ocrx_word' id='word_1_98' title='bbox 1495 884 1622 924; x_wconf 87' lang='lat' dir='ltr'><strong>intell.</strong></span> 
     </span>
     <span class='ocr_line' id='line_1_12' title="bbox 156 935 1420 999; baseline -0.002 -11"><span class='ocrx_word' id='word_1_99' title='bbox 156 945 363 999; x_wconf 75' lang='grc' dir='ltr'><em>ὑπάρχειν</em></span> <span class='ocrx_word' id='word_1_100' title='bbox 388 946 438 988; x_wconf 73' lang='grc' dir='ltr'><strong>τὸ</strong></span> <span class='ocrx_word' id='word_1_101' title='bbox 467 949 520 988; x_wconf 86' lang='lat' dir='ltr'><strong>A.</strong></span> <span class='ocrx_word' id='word_1_102' title='bbox 547 968 598 976; x_wconf 89' lang='lat'>—</span> <span class='ocrx_word' id='word_1_103' title='bbox 629 946 773 986; x_wconf 79' lang='lat' dir='ltr'><strong>Verbis</strong></span> <span class='ocrx_word' id='word_1_104' title='bbox 801 935 836 998; x_wconf 78' lang='grc' dir='ltr'><em>ᾧ</em></span> <span class='ocrx_word' id='word_1_105' title='bbox 863 943 912 985; x_wconf 72' lang='grc' dir='ltr'><strong>τὸ</strong></span> <span class='ocrx_word' id='word_1_106' title='bbox 942 945 980 984; x_wconf 85' lang='grc' dir='ltr'><strong><em>Β</em></strong></span> <span class='ocrx_word' id='word_1_107' title='bbox 1008 946 1260 998; x_wconf 78' lang='lat' dir='ltr'><strong>significatur</strong></span> <span class='ocrx_word' id='word_1_108' title='bbox 1285 944 1335 986; x_wconf 76' lang='grc' dir='ltr'><strong>τὸ</strong></span> <span class='ocrx_word' id='word_1_109' title='bbox 1363 948 1420 986; x_wconf 87' lang='lat' dir='ltr'><strong>A.</strong></span> 
     </span>
    </p>

    <p class='ocr_par' dir='ltr' id='par_1_5' title="bbox 102 1010 1622 1565">
     <span class='ocr_line' id='line_1_13' title="bbox 102 1010 1621 1064; baseline 0.001 -14"><span class='ocrx_word' id='word_1_110' title='bbox 102 1014 153 1051; x_wconf 75' lang='grc'><strong>61</strong></span> <span class='ocrx_word' id='word_1_111' title='bbox 166 1014 222 1050; x_wconf 82' lang='lat' dir='ltr'><strong>a5</strong></span> <span class='ocrx_word' id='word_1_112' title='bbox 250 1012 318 1052; x_wconf 89' lang='lat' dir='ltr'><strong>Sic</strong></span> <span class='ocrx_word' id='word_1_113' title='bbox 344 1013 464 1064; x_wconf 80' lang='lat' dir='ltr'><strong>igitur</strong></span> <span class='ocrx_word' id='word_1_114' title='bbox 495 1018 541 1051; x_wconf 87' lang='lat' dir='ltr'><strong>ut</strong></span> <span class='ocrx_word' id='word_1_115' title='bbox 567 1010 689 1050; x_wconf 90' lang='lat' dir='ltr'><strong>modo</strong></span> <span class='ocrx_word' id='word_1_116' title='bbox 717 1010 975 1062; x_wconf 83' lang='lat' dir='ltr'><strong>exposuimus</strong></span> <span class='ocrx_word' id='word_1_117' title='bbox 1004 1023 1123 1049; x_wconf 92' lang='lat' dir='ltr'><strong>nemo</strong></span> <span class='ocrx_word' id='word_1_118' title='bbox 1152 1015 1284 1050; x_wconf 87' lang='lat' dir='ltr'><strong>sumet</strong></span> <span class='ocrx_word' id='word_1_119' title='bbox 1311 1012 1621 1063; x_wconf 83' lang='lat' dir='ltr'><strong>propositiones,</strong></span> 
     </span>
     <span class='ocr_line' id='line_1_14' title="bbox 157 1074 1620 1129; baseline 0 -13"><span class='ocrx_word' id='word_1_120' title='bbox 157 1077 250 1127; x_wconf 89' lang='lat' dir='ltr'><strong>quia</strong></span> <span class='ocrx_word' id='word_1_121' title='bbox 288 1077 548 1129; x_wconf 80' lang='lat' dir='ltr'><strong>repugnantia</strong></span> <span class='ocrx_word' id='word_1_122' title='bbox 574 1075 615 1114; x_wconf 92' lang='lat' dir='ltr'><strong>in</strong></span> <span class='ocrx_word' id='word_1_123' title='bbox 642 1075 692 1113; x_wconf 85' lang='lat' dir='ltr'><strong>iis</strong></span> <span class='ocrx_word' id='word_1_124' title='bbox 721 1074 932 1113; x_wconf 81' lang='lat' dir='ltr'><strong>manifesta</strong></span> <span class='ocrx_word' id='word_1_125' title='bbox 958 1079 1047 1122; x_wconf 75' lang='lat' dir='ltr'><strong>est,</strong></span> <span class='ocrx_word' id='word_1_126' title='bbox 1086 1076 1138 1114; x_wconf 90' lang='lat' dir='ltr'><strong>ita</strong></span> <span class='ocrx_word' id='word_1_127' title='bbox 1165 1087 1260 1114; x_wconf 86' lang='lat' dir='ltr'><strong>vero</strong></span> <span class='ocrx_word' id='word_1_128' title='bbox 1288 1076 1389 1114; x_wconf 88' lang='lat' dir='ltr'><strong>sumi</strong></span> <span class='ocrx_word' id='word_1_129' title='bbox 1419 1080 1620 1128; x_wconf 80' lang='lat' dir='ltr'><strong>poterunt,</strong></span> 
     </span>
     <span class='ocr_line' id='line_1_15' title="bbox 157 1138 1619 1192; baseline 0.001 -13"><span class='ocrx_word' id='word_1_130' title='bbox 157 1145 204 1179; x_wconf 90' lang='lat' dir='ltr'><strong>ut</strong></span> <span class='ocrx_word' id='word_1_131' title='bbox 234 1144 403 1192; x_wconf 90' lang='lat' dir='ltr'><strong>ponatur</strong></span> <span class='ocrx_word' id='word_1_132' title='bbox 429 1141 556 1179; x_wconf 86' lang='lat' dir='ltr'><strong>altera</strong></span> <span class='ocrx_word' id='word_1_133' title='bbox 584 1143 672 1178; x_wconf 89' lang='lat' dir='ltr'><strong>utra</strong></span> <span class='ocrx_word' id='word_1_134' title='bbox 701 1151 838 1177; x_wconf 90' lang='lat' dir='ltr'><strong>earum</strong></span> <span class='ocrx_word' id='word_1_135' title='bbox 868 1151 971 1189; x_wconf 83' lang='lat' dir='ltr'><strong>quae</strong></span> <span class='ocrx_word' id='word_1_136' title='bbox 998 1139 1193 1178; x_wconf 86' lang='lat' dir='ltr'><strong>utrumvis</strong></span> <span class='ocrx_word' id='word_1_137' title='bbox 1222 1138 1282 1185; x_wconf 87' lang='grc' dir='ltr'><strong>(Β</strong></span> <span class='ocrx_word' id='word_1_138' title='bbox 1309 1144 1349 1178; x_wconf 91' lang='lat' dir='ltr'><strong>et</strong></span> <span class='ocrx_word' id='word_1_139' title='bbox 1377 1140 1437 1186; x_wconf 85' lang='grc' dir='ltr'><strong>Γ)</strong></span> <span class='ocrx_word' id='word_1_140' title='bbox 1476 1141 1619 1180; x_wconf 87' lang='lat' dir='ltr'><strong>termi-</strong></span> 
     </span>
     <span class='ocr_line' id='line_1_16' title="bbox 156 1202 1622 1252; baseline 0.001 -9"><span class='ocrx_word' id='word_1_141' title='bbox 156 1217 251 1243; x_wconf 87' lang='lat' dir='ltr'><strong>num</strong></span> <span class='ocrx_word' id='word_1_142' title='bbox 289 1204 468 1244; x_wconf 83' lang='lat' dir='ltr'><strong>medium</strong></span> <span class='ocrx_word' id='word_1_143' title='bbox 506 1203 680 1243; x_wconf 87' lang='lat' dir='ltr'><strong>habeant</strong></span> <span class='ocrx_word' id='word_1_144' title='bbox 714 1202 815 1251; x_wconf 87' lang='lat' dir='ltr'><strong>(AB</strong></span> <span class='ocrx_word' id='word_1_145' title='bbox 853 1207 893 1242; x_wconf 88' lang='lat' dir='ltr'><strong>et</strong></span> <span class='ocrx_word' id='word_1_146' title='bbox 920 1203 1054 1252; x_wconf 83' lang='grc' dir='ltr'><strong>ΑΓ),</strong></span> <span class='ocrx_word' id='word_1_147' title='bbox 1094 1203 1156 1242; x_wconf 88' lang='lat' dir='ltr'><strong>vel</strong></span> <span class='ocrx_word' id='word_1_148' title='bbox 1186 1203 1267 1252; x_wconf 85' lang='lat' dir='ltr'><strong>ita,</strong></span> <span class='ocrx_word' id='word_1_149' title='bbox 1306 1206 1349 1242; x_wconf 88' lang='lat' dir='ltr'><strong>ut</strong></span> <span class='ocrx_word' id='word_1_150' title='bbox 1386 1204 1491 1243; x_wconf 90' lang='lat' dir='ltr'><strong>alter</strong></span> <span class='ocrx_word' id='word_1_151' title='bbox 1528 1209 1622 1244; x_wconf 84' lang='lat' dir='ltr'><strong>uter</strong></span> 
     </span>
     <span class='ocr_line' id='line_1_17' title="bbox 154 1267 1622 1318; baseline 0.001 -11"><span class='ocrx_word' id='word_1_152' title='bbox 154 1269 312 1308; x_wconf 85' lang='lat' dir='ltr'><strong>medius</strong></span> <span class='ocrx_word' id='word_1_153' title='bbox 349 1268 404 1308; x_wconf 88' lang='lat' dir='ltr'><strong>sit</strong></span> <span class='ocrx_word' id='word_1_154' title='bbox 440 1269 481 1307; x_wconf 90' lang='lat' dir='ltr'><strong>in</strong></span> <span class='ocrx_word' id='word_1_155' title='bbox 517 1271 687 1318; x_wconf 87' lang='lat' dir='ltr'><strong>utraque</strong></span> <span class='ocrx_word' id='word_1_156' title='bbox 724 1267 827 1314; x_wconf 86' lang='grc' dir='ltr'><strong>(ΑΒ</strong></span> <span class='ocrx_word' id='word_1_157' title='bbox 865 1272 907 1307; x_wconf 88' lang='lat' dir='ltr'><strong>et</strong></span> <span class='ocrx_word' id='word_1_158' title='bbox 943 1267 1072 1318; x_wconf 84' lang='lat' dir='ltr'><strong>BA),</strong></span> <span class='ocrx_word' id='word_1_159' title='bbox 1118 1267 1262 1318; x_wconf 89' lang='lat' dir='ltr'><strong>quibus</strong></span> <span class='ocrx_word' id='word_1_160' title='bbox 1298 1267 1540 1308; x_wconf 84' lang='lat' dir='ltr'><strong>Aristoteles</strong></span> <span class='ocrx_word' id='word_1_161' title='bbox 1578 1268 1622 1308; x_wconf 90' lang='lat' dir='ltr'><strong>in</strong></span> 
     </span>
     <span class='ocr_line' id='line_1_18' title="bbox 156 1330 1620 1385; baseline -0.001 -13"><span class='ocrx_word' id='word_1_162' title='bbox 156 1332 343 1385; x_wconf 87' lang='lat' dir='ltr'><strong>exemplo</strong></span> <span class='ocrx_word' id='word_1_163' title='bbox 380 1332 537 1372; x_wconf 78' lang='lat' dir='ltr'><strong>addidit</strong></span> <span class='ocrx_word' id='word_1_164' title='bbox 574 1332 890 1385; x_wconf 84' lang='lat' dir='ltr'><strong>propositionem</strong></span> <span class='ocrx_word' id='word_1_165' title='bbox 930 1332 1029 1381; x_wconf 82' lang='grc' dir='ltr'><strong>ΑΓ,</strong></span> <span class='ocrx_word' id='word_1_166' title='bbox 1069 1331 1156 1371; x_wconf 89' lang='lat' dir='ltr'><strong>sine</strong></span> <span class='ocrx_word' id='word_1_167' title='bbox 1193 1344 1272 1383; x_wconf 87' lang='lat' dir='ltr'><strong>qua</strong></span> <span class='ocrx_word' id='word_1_168' title='bbox 1306 1330 1494 1383; x_wconf 84' lang='lat' dir='ltr'><strong>deceptio</strong></span> <span class='ocrx_word' id='word_1_169' title='bbox 1529 1331 1620 1372; x_wconf 89' lang='lat' dir='ltr'><strong>fieri</strong></span> 
     </span>
     <span class='ocr_line' id='line_1_19' title="bbox 155 1393 1620 1449; baseline 0.001 -14"><span class='ocrx_word' id='word_1_170' title='bbox 155 1409 234 1436; x_wconf 91' lang='lat' dir='ltr'><strong>non</strong></span> <span class='ocrx_word' id='word_1_171' title='bbox 263 1401 427 1449; x_wconf 86' lang='lat' dir='ltr'><strong>posset:</strong></span> <span class='ocrx_word' id='word_1_172' title='bbox 456 1408 627 1447; x_wconf 88' lang='lat' dir='ltr'><strong>namque</strong></span> <span class='ocrx_word' id='word_1_173' title='bbox 652 1408 708 1435; x_wconf 89' lang='lat' dir='ltr'><strong>vs.</strong></span> <span class='ocrx_word' id='word_1_174' title='bbox 736 1398 763 1434; x_wconf 85' lang='lat'><strong>6</strong></span> <span class='ocrx_word' id='word_1_175' title='bbox 791 1398 1016 1436; x_wconf 84' lang='lat' dir='ltr'><strong>accuratius</strong></span> <span class='ocrx_word' id='word_1_176' title='bbox 1045 1396 1214 1435; x_wconf 82' lang='lat' dir='ltr'><strong>dixisset</strong></span> <span class='ocrx_word' id='word_1_177' title='bbox 1240 1393 1268 1447; x_wconf 86' lang='grc' dir='ltr'>ἢ</span> <span class='ocrx_word' id='word_1_178' title='bbox 1295 1393 1404 1435; x_wconf 82' lang='grc' dir='ltr'><strong>κατὰ</strong></span> <span class='ocrx_word' id='word_1_179' title='bbox 1430 1393 1620 1447; x_wconf 63' lang='grc' dir='ltr'><strong><em>θάτερον</em></strong></span> 
     </span>
     <span class='ocr_line' id='line_1_20' title="bbox 153 1457 1619 1513; baseline 0.001 -13"><span class='ocrx_word' id='word_1_180' title='bbox 153 1457 234 1511; x_wconf 82' lang='grc' dir='ltr'><strong>μὲν</strong></span> <span class='ocrx_word' id='word_1_181' title='bbox 274 1457 522 1513; x_wconf 75' lang='grc' dir='ltr'><strong><em>α’μφοτέρᾳς</em></strong></span> <span class='ocrx_word' id='word_1_182' title='bbox 563 1457 672 1500; x_wconf 84' lang='grc' dir='ltr'><strong>κατὰ</strong></span> <span class='ocrx_word' id='word_1_183' title='bbox 719 1459 910 1511; x_wconf 76' lang='grc' dir='ltr'><strong><em>θάτερον</em></strong></span> <span class='ocrx_word' id='word_1_184' title='bbox 944 1459 991 1501; x_wconf 82' lang='grc' dir='ltr'><strong>δὲ</strong></span> <span class='ocrx_word' id='word_1_185' title='bbox 1025 1458 1107 1513; x_wconf 83' lang='grc' dir='ltr'><strong>τὴν</strong></span> <span class='ocrx_word' id='word_1_186' title='bbox 1143 1458 1249 1511; x_wconf 89' lang='grc' dir='ltr'><strong><em>μίαν</em></strong></span> <span class='ocrx_word' id='word_1_187' title='bbox 1287 1458 1416 1501; x_wconf 83' lang='grc' dir='ltr'><strong>οὐδὲν</strong></span> <span class='ocrx_word' id='word_1_188' title='bbox 1448 1459 1619 1501; x_wconf 71' lang='grc' dir='ltr'><strong>Ιοιειῑτιλύει.</strong></span> 
     </span>
     <span class='ocr_line' id='line_1_21' title="bbox 154 1525 1303 1565; baseline -0.002 -1"><span class='ocrx_word' id='word_1_189' title='bbox 154 1525 310 1565; x_wconf 85' lang='lat' dir='ltr'><strong>Eodem</strong></span> <span class='ocrx_word' id='word_1_190' title='bbox 339 1526 461 1564; x_wconf 89' lang='lat' dir='ltr'><strong>modo</strong></span> <span class='ocrx_word' id='word_1_191' title='bbox 485 1526 594 1564; x_wconf 88' lang='lat' dir='ltr'><strong>huuc</strong></span> <span class='ocrx_word' id='word_1_192' title='bbox 622 1525 752 1564; x_wconf 83' lang='lat' dir='ltr'><strong>locum</strong></span> <span class='ocrx_word' id='word_1_193' title='bbox 783 1525 980 1564; x_wconf 83' lang='lat' dir='ltr'><strong>intellexit</strong></span> <span class='ocrx_word' id='word_1_194' title='bbox 1010 1526 1126 1565; x_wconf 88' lang='lat' dir='ltr'><strong>Biese</strong></span> <span class='ocrx_word' id='word_1_195' title='bbox 1153 1525 1181 1564; x_wconf 91' lang='lat'><strong>1.</strong></span> <span class='ocrx_word' id='word_1_196' title='bbox 1209 1526 1303 1564; x_wconf 84' lang='lat'>213.</span> 
     </span>
    </p>

    <p class='ocr_par' dir='ltr' id='par_1_6' title="bbox 99 1585 1621 2666">
     <span class='ocr_line' id='line_1_22' title="bbox 99 1585 1620 1641; baseline 0.001 -13"><span class='ocrx_word' id='word_1_197' title='bbox 99 1592 222 1628; x_wconf 65' lang='lat' dir='ltr'><strong>6⁷22ss</strong></span> <span class='ocrx_word' id='word_1_198' title='bbox 248 1587 378 1641; x_wconf 81' lang='grc' dir='ltr'><em>ὁμοία</em></span> <span class='ocrx_word' id='word_1_199' title='bbox 405 1586 488 1640; x_wconf 75' lang='grc' dir='ltr'><strong>γὰρ</strong></span> <span class='ocrx_word' id='word_1_200' title='bbox 509 1619 522 1630; x_wconf 92' lang='grc'><strong>.</strong></span> <span class='ocrx_word' id='word_1_201' title='bbox 545 1618 557 1630; x_wconf 93' lang='grc'><strong>.</strong></span> <span class='ocrx_word' id='word_1_202' title='bbox 578 1617 590 1628; x_wconf 94' lang='grc'><strong>.</strong></span> <span class='ocrx_word' id='word_1_203' title='bbox 623 1585 697 1629; x_wconf 79' lang='grc' dir='ltr'><strong>καὶ</strong></span> <span class='ocrx_word' id='word_1_204' title='bbox 724 1586 796 1637; x_wconf 80' lang='grc' dir='ltr'><strong>ὡς.</strong></span> <span class='ocrx_word' id='word_1_205' title='bbox 835 1589 1018 1628; x_wconf 83' lang='lat' dir='ltr'><strong>Eandem</strong></span> <span class='ocrx_word' id='word_1_206' title='bbox 1058 1589 1398 1628; x_wconf 86' lang='lat' dir='ltr'><strong>constructionem</strong></span> <span class='ocrx_word' id='word_1_207' title='bbox 1424 1589 1620 1629; x_wconf 84' lang='lat' dir='ltr'><strong>habemus</strong></span> 
     </span>
     <span class='ocr_line' id='line_1_23' title="bbox 154 1650 1621 1704; baseline 0.001 -13"><span class='ocrx_word' id='word_1_208' title='bbox 154 1655 233 1692; x_wconf 71' lang='lat'><strong>1⁷6</strong></span> <span class='ocrx_word' id='word_1_209' title='bbox 247 1667 270 1692; x_wconf 84' lang='lat' dir='ltr'><strong>a</strong></span> <span class='ocrx_word' id='word_1_210' title='bbox 283 1656 333 1692; x_wconf 82' lang='lat'><strong>13</strong></span> <span class='ocrx_word' id='word_1_211' title='bbox 354 1656 485 1693; x_wconf 81' lang='grc' dir='ltr'><strong>τοῦτο</strong></span> <span class='ocrx_word' id='word_1_212' title='bbox 502 1651 549 1692; x_wconf 82' lang='grc' dir='ltr'><strong>δὲ</strong></span> <span class='ocrx_word' id='word_1_213' title='bbox 569 1650 724 1704; x_wconf 84' lang='grc' dir='ltr'><strong><em>ὅμοιον</em></strong></span> <span class='ocrx_word' id='word_1_214' title='bbox 744 1650 803 1699; x_wconf 78' lang='grc' dir='ltr'><strong>ὥς</strong></span> <span class='ocrx_word' id='word_1_215' title='bbox 823 1651 861 1692; x_wconf 87' lang='grc' dir='ltr'><strong>εἰ</strong></span> <span class='ocrx_word' id='word_1_216' title='bbox 878 1651 951 1692; x_wconf 85' lang='grc' dir='ltr'><strong>καὶ</strong></span> <span class='ocrx_word' id='word_1_217' title='bbox 976 1652 1026 1692; x_wconf 84' lang='grc' dir='ltr'><strong>τὸ</strong></span> <span class='ocrx_word' id='word_1_218' title='bbox 1055 1652 1162 1693; x_wconf 83' lang='grc' dir='ltr'><em>αὐτὸ</em></span> <span class='ocrx_word' id='word_1_219' title='bbox 1191 1653 1333 1703; x_wconf 88' lang='grc' dir='ltr'><strong><em>ὄνομα</em></strong></span> <span class='ocrx_word' id='word_1_220' title='bbox 1358 1651 1501 1704; x_wconf 74' lang='grc' dir='ltr'><strong><em>τεθείη</em></strong></span> <span class='ocrx_word' id='word_1_221' title='bbox 1529 1654 1621 1701; x_wconf 82' lang='grc' dir='ltr'><strong><em>τοῖς</em></strong></span> 
     </span>
     <span class='ocr_line' id='line_1_24' title="bbox 154 1712 1619 1769; baseline 0 -13"><span class='ocrx_word' id='word_1_222' title='bbox 154 1712 326 1768; x_wconf 78' lang='grc' dir='ltr'><strong><em>ἑτέροις.</em></strong></span> <span class='ocrx_word' id='word_1_223' title='bbox 364 1718 479 1756; x_wconf 75' lang='grc'><strong>4501)</strong></span> <span class='ocrx_word' id='word_1_224' title='bbox 495 1718 544 1754; x_wconf 87' lang='grc'><strong>15</strong></span> <span class='ocrx_word' id='word_1_225' title='bbox 573 1714 646 1755; x_wconf 80' lang='grc' dir='ltr'><strong><em>εἴτ’</em></strong></span> <span class='ocrx_word' id='word_1_226' title='bbox 686 1712 800 1755; x_wconf 77' lang='grc' dir='ltr'><strong>ἐστὶν</strong></span> <span class='ocrx_word' id='word_1_227' title='bbox 827 1713 983 1766; x_wconf 83' lang='grc' dir='ltr'><strong><em>ὅμοιον</em></strong></span> <span class='ocrx_word' id='word_1_228' title='bbox 1011 1713 1152 1766; x_wconf 80' lang='grc' dir='ltr'><strong><em>ὥσπερ</em></strong></span> <span class='ocrx_word' id='word_1_229' title='bbox 1178 1715 1313 1762; x_wconf 80' lang='grc' dir='ltr'><strong><em>τύπος</em></strong></span> <span class='ocrx_word' id='word_1_230' title='bbox 1339 1714 1368 1768; x_wconf 82' lang='grc' dir='ltr'><em>ἦ</em></span> <span class='ocrx_word' id='word_1_231' title='bbox 1394 1714 1542 1769; x_wconf 79' lang='grc' dir='ltr'><em>γραφὴ</em></span> <span class='ocrx_word' id='word_1_232' title='bbox 1571 1713 1619 1756; x_wconf 80' lang='grc' dir='ltr'><strong>ἐν</strong></span> 
     </span>
     <span class='ocr_line' id='line_1_25' title="bbox 152 1774 1619 1833; baseline 0 -13"><span class='ocrx_word' id='word_1_233' title='bbox 152 1779 268 1833; x_wconf 77' lang='grc' dir='ltr'><em>ἡμῖν.</em></span> <span class='ocrx_word' id='word_1_234' title='bbox 304 1781 481 1819; x_wconf 74' lang='grc' dir='ltr'><strong>947ὺ20</strong></span> <span class='ocrx_word' id='word_1_235' title='bbox 509 1774 665 1831; x_wconf 83' lang='grc' dir='ltr'><strong><em>ὅμοιον</em></strong></span> <span class='ocrx_word' id='word_1_236' title='bbox 692 1778 739 1819; x_wconf 83' lang='grc' dir='ltr'><strong>δὲ</strong></span> <span class='ocrx_word' id='word_1_237' title='bbox 765 1778 903 1820; x_wconf 78' lang='grc' dir='ltr'><strong><em>ἔοικεν</em></strong></span> <span class='ocrx_word' id='word_1_238' title='bbox 930 1776 1071 1832; x_wconf 81' lang='grc' dir='ltr'><strong><em>ὥσπερ</em></strong></span> <span class='ocrx_word' id='word_1_239' title='bbox 1097 1781 1190 1827; x_wconf 83' lang='grc' dir='ltr'><em>τοῖς</em></span> <span class='ocrx_word' id='word_1_240' title='bbox 1215 1778 1490 1833; x_wconf 77' lang='grc' dir='ltr'><strong><em>ἠπιαλοῦσιν.</em></strong></span> <span class='ocrx_word' id='word_1_241' title='bbox 1557 1781 1619 1821; x_wconf 89' lang='lat' dir='ltr'><strong>De</strong></span> 
     </span>
     <span class='ocr_line' id='line_1_26' title="bbox 155 1841 1618 1896; baseline 0 -12"><span class='ocrx_word' id='word_1_242' title='bbox 155 1845 257 1885; x_wconf 85' lang='lat' dir='ltr'><strong>coel.</strong></span> <span class='ocrx_word' id='word_1_243' title='bbox 294 1847 471 1884; x_wconf 74' lang='lat' dir='ltr'><strong>30²a29</strong></span> <span class='ocrx_word' id='word_1_244' title='bbox 498 1843 654 1896; x_wconf 82' lang='grc' dir='ltr'><strong><em>ὅμοιον</em></strong></span> <span class='ocrx_word' id='word_1_245' title='bbox 681 1841 823 1895; x_wconf 82' lang='grc' dir='ltr'><strong><em>ὥσπερ</em></strong></span> <span class='ocrx_word' id='word_1_246' title='bbox 851 1842 892 1884; x_wconf 78' lang='grc' dir='ltr'><strong>εἴ</strong></span> <span class='ocrx_word' id='word_1_247' title='bbox 914 1857 979 1891; x_wconf 85' lang='grc' dir='ltr'><strong>τις</strong></span> <span class='ocrx_word' id='word_1_248' title='bbox 1005 1842 1156 1896; x_wconf 77' lang='grc' dir='ltr'><strong><em>ἀξιοίη,</em></strong></span> <span class='ocrx_word' id='word_1_249' title='bbox 1185 1845 1237 1884; x_wconf 87' lang='lat' dir='ltr'><strong>cf.</strong></span> <span class='ocrx_word' id='word_1_250' title='bbox 1265 1846 1445 1885; x_wconf 72' lang='lat' dir='ltr'><strong>3⁷0a12</strong></span> <span class='ocrx_word' id='word_1_251' title='bbox 1470 1855 1618 1896; x_wconf 81' lang='grc' dir='ltr'><strong><em>παρει-</em></strong></span> 
     </span>
     <span class='ocr_line' id='line_1_27' title="bbox 151 1906 1617 1961; baseline -0.001 -12"><span class='ocrx_word' id='word_1_252' title='bbox 151 1907 351 1959; x_wconf 78' lang='grc' dir='ltr'><strong><em>κάζοντες</em></strong></span> <span class='ocrx_word' id='word_1_253' title='bbox 370 1907 429 1957; x_wconf 80' lang='grc' dir='ltr'><strong>ὥς</strong></span> <span class='ocrx_word' id='word_1_254' title='bbox 447 1908 496 1950; x_wconf 84' lang='grc' dir='ltr'><strong>τὸ</strong></span> <span class='ocrx_word' id='word_1_255' title='bbox 522 1909 666 1957; x_wconf 82' lang='grc' dir='ltr'><em>πάθος</em></span> <span class='ocrx_word' id='word_1_256' title='bbox 693 1906 848 1961; x_wconf 84' lang='grc' dir='ltr'><strong><em>ὅμοιον</em></strong></span> <span class='ocrx_word' id='word_1_257' title='bbox 875 1909 942 1951; x_wconf 90' lang='grc' dir='ltr'><strong>ὄν.</strong></span> <span class='ocrx_word' id='word_1_258' title='bbox 971 1909 1106 1959; x_wconf 79' lang='lat' dir='ltr'><strong>Quare</strong></span> <span class='ocrx_word' id='word_1_259' title='bbox 1133 1909 1254 1949; x_wconf 87' lang='lat' dir='ltr'><strong>etiam</strong></span> <span class='ocrx_word' id='word_1_260' title='bbox 1280 1910 1407 1948; x_wconf 68' lang='lat'><strong>6823</strong></span> <span class='ocrx_word' id='word_1_261' title='bbox 1435 1909 1617 1948; x_wconf 74' lang='lat' dir='ltr'><strong>scriben-</strong></span> 
     </span>
     <span class='ocr_line' id='line_1_28' title="bbox 155 1972 1618 2026; baseline 0 -13"><span class='ocrx_word' id='word_1_262' title='bbox 155 1974 251 2013; x_wconf 90' lang='lat' dir='ltr'><strong>dum</strong></span> <span class='ocrx_word' id='word_1_263' title='bbox 289 1975 424 2026; x_wconf 87' lang='lat' dir='ltr'><strong>putavi</strong></span> <span class='ocrx_word' id='word_1_264' title='bbox 458 1972 618 2026; x_wconf 83' lang='grc' dir='ltr'><strong><em>ὁμοίως</em></strong></span> <span class='ocrx_word' id='word_1_265' title='bbox 652 1972 711 2022; x_wconf 77' lang='grc' dir='ltr'><strong>ὥς</strong></span> <span class='ocrx_word' id='word_1_266' title='bbox 745 1972 820 2014; x_wconf 80' lang='grc' dir='ltr'><strong>καὶ</strong></span> <span class='ocrx_word' id='word_1_267' title='bbox 846 2002 856 2012; x_wconf 94' lang='grc'><strong><em>.</em></strong></span> <span class='ocrx_word' id='word_1_268' title='bbox 890 2003 900 2013; x_wconf 91' lang='grc'><em>.</em></span> <span class='ocrx_word' id='word_1_269' title='bbox 933 2002 966 2021; x_wconf 81' lang='lat'><strong>.‚</strong></span> <span class='ocrx_word' id='word_1_270' title='bbox 997 1973 1234 2024; x_wconf 88' lang='lat' dir='ltr'><strong>praesertim</strong></span> <span class='ocrx_word' id='word_1_271' title='bbox 1273 1985 1397 2023; x_wconf 89' lang='lat' dir='ltr'><strong>quum</strong></span> <span class='ocrx_word' id='word_1_272' title='bbox 1425 1977 1618 2024; x_wconf 75' lang='lat' dir='ltr'><strong>appareat</strong></span> 
     </span>
     <span class='ocr_line' id='line_1_29' title="bbox 154 2036 1617 2091; baseline -0.001 -14"><span class='ocrx_word' id='word_1_273' title='bbox 154 2051 272 2090; x_wconf 86' lang='lat' dir='ltr'><strong>quam</strong></span> <span class='ocrx_word' id='word_1_274' title='bbox 290 2037 411 2077; x_wconf 86' lang='lat' dir='ltr'><strong>facile</strong></span> <span class='ocrx_word' id='word_1_275' title='bbox 440 2039 640 2090; x_wconf 89' lang='lat' dir='ltr'><strong>particula</strong></span> <span class='ocrx_word' id='word_1_276' title='bbox 669 2037 726 2086; x_wconf 80' lang='grc' dir='ltr'><strong>ὡς</strong></span> <span class='ocrx_word' id='word_1_277' title='bbox 754 2036 1023 2091; x_wconf 85' lang='lat' dir='ltr'><strong>praetermitti</strong></span> <span class='ocrx_word' id='word_1_278' title='bbox 1052 2040 1209 2088; x_wconf 89' lang='lat' dir='ltr'><strong>poterat</strong></span> <span class='ocrx_word' id='word_1_279' title='bbox 1235 2037 1286 2076; x_wconf 85' lang='lat' dir='ltr'><strong>ob</strong></span> <span class='ocrx_word' id='word_1_280' title='bbox 1314 2036 1617 2076; x_wconf 90' lang='lat' dir='ltr'><strong>similitudinem</strong></span> 
     </span>
     <span class='ocr_line' id='line_1_30' title="bbox 152 2099 1621 2154; baseline -0.003 -12"><span class='ocrx_word' id='word_1_281' title='bbox 152 2102 325 2142; x_wconf 84' lang='lat' dir='ltr'><strong>extremi</strong></span> <span class='ocrx_word' id='word_1_282' title='bbox 338 2102 447 2141; x_wconf 87' lang='lat' dir='ltr'><strong>verbi</strong></span> <span class='ocrx_word' id='word_1_283' title='bbox 458 2103 751 2154; x_wconf 87' lang='lat' dir='ltr'><strong>praecedenti.</strong></span> <span class='ocrx_word' id='word_1_284' title='bbox 784 2102 962 2152; x_wconf 59' lang='lat' dir='ltr'><strong>eaquae</strong></span> <span class='ocrx_word' id='word_1_285' title='bbox 983 2100 1154 2140; x_wconf 85' lang='lat' dir='ltr'><strong>diximus</strong></span> <span class='ocrx_word' id='word_1_286' title='bbox 1166 2101 1216 2140; x_wconf 90' lang='lat' dir='ltr'><strong>ad</strong></span> <span class='ocrx_word' id='word_1_287' title='bbox 1238 2101 1373 2139; x_wconf 80' lang='lat' dir='ltr'><strong>20a4.</strong></span> <span class='ocrx_word' id='word_1_288' title='bbox 1389 2121 1440 2131; x_wconf 91' lang='lat'>—</span> <span class='ocrx_word' id='word_1_289' title='bbox 1467 2099 1621 2140; x_wconf 89' lang='lat' dir='ltr'><strong>Simili-</strong></span> 
     </span>
     <span class='ocr_line' id='line_1_31' title="bbox 154 2164 1618 2217; baseline -0.001 -12"><span class='ocrx_word' id='word_1_290' title='bbox 154 2166 335 2205; x_wconf 89' lang='lat' dir='ltr'><strong>tudinem</strong></span> <span class='ocrx_word' id='word_1_291' title='bbox 357 2178 475 2216; x_wconf 86' lang='lat' dir='ltr'><strong>quam</strong></span> <span class='ocrx_word' id='word_1_292' title='bbox 496 2171 635 2206; x_wconf 88' lang='lat' dir='ltr'><strong>nostro</strong></span> <span class='ocrx_word' id='word_1_293' title='bbox 663 2167 753 2206; x_wconf 93' lang='lat' dir='ltr'><strong>loco</strong></span> <span class='ocrx_word' id='word_1_294' title='bbox 781 2165 907 2217; x_wconf 78' lang='lat' dir='ltr'><strong>tangit</strong></span> <span class='ocrx_word' id='word_1_295' title='bbox 933 2165 1096 2216; x_wconf 89' lang='lat' dir='ltr'><strong>exponit</strong></span> <span class='ocrx_word' id='word_1_296' title='bbox 1122 2177 1181 2206; x_wconf 85' lang='lat' dir='ltr'><strong>vs.</strong></span> <span class='ocrx_word' id='word_1_297' title='bbox 1210 2167 1264 2204; x_wconf 82' lang='lat'><strong>30</strong></span> <span class='ocrx_word' id='word_1_298' title='bbox 1286 2177 1392 2215; x_wconf 70' lang='lat' dir='ltr'><strong>sqq-t</strong></span> <span class='ocrx_word' id='word_1_299' title='bbox 1422 2167 1486 2203; x_wconf 89' lang='lat' dir='ltr'><strong>est</strong></span> <span class='ocrx_word' id='word_1_300' title='bbox 1511 2164 1618 2204; x_wconf 89' lang='lat' dir='ltr'><strong>enim</strong></span> 
     </span>
     <span class='ocr_line' id='line_1_32' title="bbox 153 2228 1617 2282; baseline -0.001 -14"><span class='ocrx_word' id='word_1_301' title='bbox 153 2230 196 2268; x_wconf 89' lang='lat' dir='ltr'><strong>in</strong></span> <span class='ocrx_word' id='word_1_302' title='bbox 223 2240 272 2267; x_wconf 90' lang='lat' dir='ltr'><strong>eo</strong></span> <span class='ocrx_word' id='word_1_303' title='bbox 299 2229 430 2280; x_wconf 90' lang='lat' dir='ltr'><strong>quod,</strong></span> <span class='ocrx_word' id='word_1_304' title='bbox 470 2235 516 2270; x_wconf 91' lang='lat' dir='ltr'><strong>ut</strong></span> <span class='ocrx_word' id='word_1_305' title='bbox 550 2232 590 2270; x_wconf 90' lang='lat' dir='ltr'><strong>in</strong></span> <span class='ocrx_word' id='word_1_306' title='bbox 626 2230 791 2282; x_wconf 83' lang='lat' dir='ltr'><strong>singulis</strong></span> <span class='ocrx_word' id='word_1_307' title='bbox 828 2230 995 2269; x_wconf 75' lang='lat' dir='ltr'><strong>scientia</strong></span> <span class='ocrx_word' id='word_1_308' title='bbox 1030 2228 1280 2278; x_wconf 86' lang='lat' dir='ltr'><strong>universalis,</strong></span> <span class='ocrx_word' id='word_1_309' title='bbox 1310 2241 1428 2279; x_wconf 89' lang='lat' dir='ltr'><strong>quam</strong></span> <span class='ocrx_word' id='word_1_310' title='bbox 1456 2228 1617 2267; x_wconf 88' lang='lat' dir='ltr'><strong>ratioci-</strong></span> 
     </span>
     <span class='ocr_line' id='line_1_33' title="bbox 153 2289 1616 2347; baseline -0.001 -14"><span class='ocrx_word' id='word_1_311' title='bbox 153 2293 312 2345; x_wconf 82' lang='lat' dir='ltr'><strong>natione</strong></span> <span class='ocrx_word' id='word_1_312' title='bbox 333 2293 633 2344; x_wconf 86' lang='lat' dir='ltr'><strong>consequimur,</strong></span> <span class='ocrx_word' id='word_1_313' title='bbox 654 2307 733 2334; x_wconf 92' lang='lat' dir='ltr'><strong>non</strong></span> <span class='ocrx_word' id='word_1_314' title='bbox 759 2294 930 2347; x_wconf 86' lang='lat' dir='ltr'><strong>impedit</strong></span> <span class='ocrx_word' id='word_1_315' title='bbox 955 2291 1035 2345; x_wconf 82' lang='grc' dir='ltr'><strong>τὴν</strong></span> <span class='ocrx_word' id='word_1_316' title='bbox 1061 2290 1170 2333; x_wconf 84' lang='grc' dir='ltr'><strong>κατὰ</strong></span> <span class='ocrx_word' id='word_1_317' title='bbox 1196 2290 1246 2333; x_wconf 82' lang='grc' dir='ltr'><strong>τὸ</strong></span> <span class='ocrx_word' id='word_1_318' title='bbox 1274 2290 1408 2344; x_wconf 83' lang='grc' dir='ltr'>μέσον</span> <span class='ocrx_word' id='word_1_319' title='bbox 1434 2289 1616 2344; x_wconf 74' lang='grc' dir='ltr'><em>ἀπάτην,</em></span> 
     </span>
     <span class='ocr_line' id='line_1_34' title="bbox 152 2357 1618 2410; baseline -0.001 -13"><span class='ocrx_word' id='word_1_320' title='bbox 152 2358 194 2397; x_wconf 90' lang='lat' dir='ltr'><strong>h.</strong></span> <span class='ocrx_word' id='word_1_321' title='bbox 223 2370 260 2397; x_wconf 87' lang='lat' dir='ltr'><strong>e.</strong></span> <span class='ocrx_word' id='word_1_322' title='bbox 300 2369 379 2396; x_wconf 88' lang='lat' dir='ltr'><strong>non</strong></span> <span class='ocrx_word' id='word_1_323' title='bbox 416 2358 610 2410; x_wconf 87' lang='lat' dir='ltr'><strong>impedit,</strong></span> <span class='ocrx_word' id='word_1_324' title='bbox 647 2359 858 2410; x_wconf 89' lang='lat' dir='ltr'><strong>quominus</strong></span> <span class='ocrx_word' id='word_1_325' title='bbox 894 2357 1141 2409; x_wconf 89' lang='lat' dir='ltr'><strong>decipiamur</strong></span> <span class='ocrx_word' id='word_1_326' title='bbox 1168 2370 1242 2409; x_wconf 86' lang='lat' dir='ltr'><strong>per</strong></span> <span class='ocrx_word' id='word_1_327' title='bbox 1269 2357 1444 2396; x_wconf 83' lang='lat' dir='ltr'><strong>medium</strong></span> <span class='ocrx_word' id='word_1_328' title='bbox 1474 2357 1618 2397; x_wconf 86' lang='lat' dir='ltr'><strong>termi-</strong></span> 
     </span>
     <span class='ocr_line' id='line_1_35' title="bbox 154 2421 1616 2474; baseline 0.001 -14"><span class='ocrx_word' id='word_1_329' title='bbox 154 2434 273 2470; x_wconf 90' lang='lat' dir='ltr'><strong>num,</strong></span> <span class='ocrx_word' id='word_1_330' title='bbox 313 2421 464 2473; x_wconf 89' lang='lat' dir='ltr'><strong>quippe</strong></span> <span class='ocrx_word' id='word_1_331' title='bbox 501 2435 620 2473; x_wconf 88' lang='lat' dir='ltr'><strong>quem</strong></span> <span class='ocrx_word' id='word_1_332' title='bbox 648 2423 690 2462; x_wconf 87' lang='lat' dir='ltr'><strong>in</strong></span> <span class='ocrx_word' id='word_1_333' title='bbox 719 2422 884 2474; x_wconf 75' lang='lat' dir='ltr'><strong>singulis</strong></span> <span class='ocrx_word' id='word_1_334' title='bbox 912 2435 991 2461; x_wconf 90' lang='lat' dir='ltr'><strong>non</strong></span> <span class='ocrx_word' id='word_1_335' title='bbox 1018 2434 1378 2474; x_wconf 83' lang='lat' dir='ltr'><strong>recognoscamus,</strong></span> <span class='ocrx_word' id='word_1_336' title='bbox 1407 2421 1466 2460; x_wconf 90' lang='lat' dir='ltr'><strong>sic</strong></span> <span class='ocrx_word' id='word_1_337' title='bbox 1494 2421 1616 2461; x_wconf 83' lang='lat' dir='ltr'><strong>etiam</strong></span> 
     </span>
     <span class='ocr_line' id='line_1_36' title="bbox 152 2481 1613 2538; baseline 0.001 -15"><span class='ocrx_word' id='word_1_338' title='bbox 152 2485 192 2524; x_wconf 92' lang='lat' dir='ltr'><strong>in</strong></span> <span class='ocrx_word' id='word_1_339' title='bbox 219 2485 283 2524; x_wconf 89' lang='lat' dir='ltr'><strong>his</strong></span> <span class='ocrx_word' id='word_1_340' title='bbox 311 2486 560 2525; x_wconf 80' lang='lat' dir='ltr'><strong>ratiocinatio</strong></span> <span class='ocrx_word' id='word_1_341' title='bbox 588 2499 666 2526; x_wconf 91' lang='lat' dir='ltr'><strong>non</strong></span> <span class='ocrx_word' id='word_1_342' title='bbox 693 2486 864 2538; x_wconf 88' lang='lat' dir='ltr'><strong>impedit</strong></span> <span class='ocrx_word' id='word_1_343' title='bbox 888 2484 970 2538; x_wconf 83' lang='grc' dir='ltr'><strong>τὴν</strong></span> <span class='ocrx_word' id='word_1_344' title='bbox 994 2485 1095 2526; x_wconf 80' lang='grc' dir='ltr'><strong>καθ’</strong></span> <span class='ocrx_word' id='word_1_345' title='bbox 1124 2481 1328 2536; x_wconf 78' lang='grc' dir='ltr'><strong><em>ἑκάτερον</em></strong></span> <span class='ocrx_word' id='word_1_346' title='bbox 1353 2485 1442 2525; x_wconf 79' lang='grc' dir='ltr'><strong>τῶν</strong></span> <span class='ocrx_word' id='word_1_347' title='bbox 1468 2481 1613 2536; x_wconf 82' lang='grc' dir='ltr'><em>μέσων</em></span> 
     </span>
     <span class='ocr_line' id='line_1_37' title="bbox 150 2547 1613 2603; baseline -0.001 -14"><span class='ocrx_word' id='word_1_348' title='bbox 150 2547 395 2600; x_wconf 79' lang='grc' dir='ltr'><strong><em>ὑπόληψιν,</em></strong></span> <span class='ocrx_word' id='word_1_349' title='bbox 422 2550 464 2589; x_wconf 89' lang='lat' dir='ltr'><strong>h.</strong></span> <span class='ocrx_word' id='word_1_350' title='bbox 494 2563 529 2589; x_wconf 91' lang='lat' dir='ltr'><strong>e.</strong></span> <span class='ocrx_word' id='word_1_351' title='bbox 560 2562 639 2589; x_wconf 88' lang='lat' dir='ltr'><strong>non</strong></span> <span class='ocrx_word' id='word_1_352' title='bbox 667 2550 849 2603; x_wconf 87' lang='lat' dir='ltr'><strong>impedit,</strong></span> <span class='ocrx_word' id='word_1_353' title='bbox 878 2551 1089 2603; x_wconf 88' lang='lat' dir='ltr'><strong>quominus</strong></span> <span class='ocrx_word' id='word_1_354' title='bbox 1120 2549 1306 2590; x_wconf 82' lang='lat' dir='ltr'><strong>fallamur</strong></span> <span class='ocrx_word' id='word_1_355' title='bbox 1333 2551 1410 2590; x_wconf 81' lang='lat' dir='ltr'><strong>alio</strong></span> <span class='ocrx_word' id='word_1_356' title='bbox 1439 2549 1613 2589; x_wconf 86' lang='lat' dir='ltr'><strong>termino</strong></span> 
     </span>
     <span class='ocr_line' id='line_1_38' title="bbox 151 2614 569 2666; baseline -0.002 -12"><span class='ocrx_word' id='word_1_357' title='bbox 151 2615 286 2654; x_wconf 84' lang='lat' dir='ltr'><strong>medio</strong></span> <span class='ocrx_word' id='word_1_358' title='bbox 315 2614 569 2666; x_wconf 88' lang='lat' dir='ltr'><strong>interposito.</strong></span> 
     </span>
    </p>

    <p class='ocr_par' dir='ltr' id='par_1_7' title="bbox 98 2676 1615 2859">
     <span class='ocr_line' id='line_1_39' title="bbox 98 2676 1615 2730; baseline -0.001 -12"><span class='ocrx_word' id='word_1_359' title='bbox 98 2680 248 2718; x_wconf 67' lang='lat'><strong>67:211</strong></span> <span class='ocrx_word' id='word_1_360' title='bbox 273 2680 362 2718; x_wconf 81' lang='grc' dir='ltr'><strong>πᾶν</strong></span> <span class='ocrx_word' id='word_1_361' title='bbox 387 2676 614 2730; x_wconf 81' lang='grc' dir='ltr'><strong><em>τρίγωνον.</em></strong></span> <span class='ocrx_word' id='word_1_362' title='bbox 642 2678 712 2718; x_wconf 89' lang='lat' dir='ltr'><strong>Sic</strong></span> <span class='ocrx_word' id='word_1_363' title='bbox 734 2679 886 2718; x_wconf 69' lang='lat' dir='ltr'><strong>⁷3h32</strong></span> <span class='ocrx_word' id='word_1_364' title='bbox 912 2676 1127 2730; x_wconf 80' lang='grc' dir='ltr'><strong><em>τρίγωνον</em></strong></span> <span class='ocrx_word' id='word_1_365' title='bbox 1154 2690 1235 2718; x_wconf 90' lang='lat' dir='ltr'><strong>non</strong></span> <span class='ocrx_word' id='word_1_366' title='bbox 1262 2678 1431 2730; x_wconf 77' lang='lat' dir='ltr'><strong>figuram</strong></span> <span class='ocrx_word' id='word_1_367' title='bbox 1457 2678 1615 2730; x_wconf 81' lang='lat' dir='ltr'><strong>trique-</strong></span> 
     </span>
     <span class='ocr_line' id='line_1_40' title="bbox 150 2740 1612 2795; baseline -0.002 -13"><span class='ocrx_word' id='word_1_368' title='bbox 150 2747 268 2790; x_wconf 81' lang='lat' dir='ltr'><strong>tram,</strong></span> <span class='ocrx_word' id='word_1_369' title='bbox 292 2743 367 2783; x_wconf 86' lang='lat' dir='ltr'><strong>sed</strong></span> <span class='ocrx_word' id='word_1_370' title='bbox 385 2755 580 2782; x_wconf 89' lang='lat' dir='ltr'><strong>summam</strong></span> <span class='ocrx_word' id='word_1_371' title='bbox 602 2741 800 2795; x_wconf 83' lang='lat' dir='ltr'><strong>significat</strong></span> <span class='ocrx_word' id='word_1_372' title='bbox 821 2742 1056 2794; x_wconf 73' lang='lat' dir='ltr'><strong>angulorum</strong></span> <span class='ocrx_word' id='word_1_373' title='bbox 1084 2742 1285 2794; x_wconf 83' lang='lat' dir='ltr'><strong>trianguli.</strong></span> <span class='ocrx_word' id='word_1_374' title='bbox 1314 2740 1379 2782; x_wconf 79' lang='lat' dir='ltr'><strong>Cf.</strong></span> <span class='ocrx_word' id='word_1_375' title='bbox 1408 2741 1612 2781; x_wconf 70' lang='lat'><strong>10512224</strong></span> 
     </span>
     <span class='ocr_line' id='line_1_41' title="bbox 152 2804 1609 2859; baseline -0.001 -13"><span class='ocrx_word' id='word_1_376' title='bbox 152 2804 223 2846; x_wconf 80' lang='grc' dir='ltr'><strong>διὰ</strong></span> <span class='ocrx_word' id='word_1_377' title='bbox 249 2804 290 2846; x_wconf 84' lang='grc' dir='ltr'><em>τί</em></span> <span class='ocrx_word' id='word_1_378' title='bbox 316 2805 397 2848; x_wconf 85' lang='grc' dir='ltr'><strong>δύο</strong></span> <span class='ocrx_word' id='word_1_379' title='bbox 425 2804 558 2859; x_wconf 79' lang='grc' dir='ltr'><em>ὀρθαὶ</em></span> <span class='ocrx_word' id='word_1_380' title='bbox 585 2805 634 2847; x_wconf 79' lang='grc' dir='ltr'><strong>τὸ</strong></span> <span class='ocrx_word' id='word_1_381' title='bbox 669 2804 893 2859; x_wconf 75' lang='grc' dir='ltr'><strong><em>τρίγωνον.</em></strong></span> <span class='ocrx_word' id='word_1_382' title='bbox 952 2807 1086 2846; x_wconf 81' lang='lat' dir='ltr'><strong>Etiam</strong></span> <span class='ocrx_word' id='word_1_383' title='bbox 1124 2806 1284 2846; x_wconf 87' lang='lat' dir='ltr'><strong>brevius</strong></span> <span class='ocrx_word' id='word_1_384' title='bbox 1313 2809 1376 2846; x_wconf 91' lang='lat' dir='ltr'><strong>est</strong></span> <span class='ocrx_word' id='word_1_385' title='bbox 1404 2804 1512 2858; x_wconf 89' lang='lat' dir='ltr'><strong>quod</strong></span> <span class='ocrx_word' id='word_1_386' title='bbox 1540 2804 1609 2844; x_wconf 88' lang='lat' dir='ltr'><strong>ha-</strong></span> 
     </span>
    </p>
   </div>
  </div>
 </body>
</html>
