1826 3112
289 209 370 250 118
819 211 890 244 ΚΑ
905 210 1197 245 ΤΗΓΟΡΙΑΙ.

293 304 386 354 σντι
417 304 447 369 ἡ
478 304 703 368 ὑπερβολὴ
737 305 928 353 ἐναντίον
939 305 1090 387 ’κακὸν
1129 304 1204 352 ὄν·
1238 304 1398 367 ὁμοίως
1427 307 1474 354 δὲ
1490 307 1612 354 καὶ
1586 327 1616 370 η
1641 327 1715 369 με-

293 372 426 434 σότης
452 372 619 418 ἐναντια
650 371 859 436 ἑκατέρῳ,
899 364 1014 418 οὖσα
1052 370 1234 433 άγαθόν.
1302 372 1366 420 ἐπί
1401 372 1558 434 ὀλίγων
1591 372 1630 420 6'
1664 393 1717 421 αν

260 436 342 485 6τό
371 442 575 484 τοιοῦτον
607 439 694 483 ιδοι
726 455 812 495 τις,
843 438 912 484 ἐπὶ
945 439 990 485 δε
1019 442 1106 484 τῶν
1126 438 1386 485 πλείστων’
1357 441 1424 485 αεὶ
1444 443 1504 485 τῶ
1525 443 1646 505 κακῷ
1663 439 1715 487 τὸ

293 502 467 565 άγαθὸν
489 503 680 548 ἐναντίον
706 502 830 549 ἐστίν.

413 567 470 613 F
470 587 510 614 τι
541 568 608 614 ἐπὶ
638 572 724 614 τῶν
750 569 950 614 ἐναντίων
978 566 1064 613 οὐκ
1086 566 1334 628 ἀναγκαῖον,
1363 566 1439 614 ἐαν
1458 568 1649 628 θάτερον
1674 562 1716 629 ᾖ,

291 635 366 680 καὶ
396 632 446 679 τὸ
478 631 634 679 λοιπὸν
664 631 782 680 εἶναι.
819 632 1099 695 ὑγιαινόντων
1129 635 1204 693 μὲν
1235 632 1318 694 γάρ
1355 632 1557 680 ἁπάντων
1576 633 1719 695 ὑγίεια

291 700 368 759 μὲν
387 699 517 754 ἔσται,
539 698 671 755 νόσος
691 701 737 745 δὲ
763 697 822 746 οὔ
838 715 847 725 ·
883 697 1044 759 ὁμοίως
1065 701 1111 745 δὲ
1139 701 1212 745 καὶ
1234 703 1402 745 λευκῶν
1420 698 1556 747 ὅντων
1576 699 1717 748 ἁπάν-

242 786 277 813 10
291 783 377 812 των
403 763 614 849 λευκότης
632 766 709 824 μὲν
729 766 866 822 ἔσται,
903 766 1081 825 μελανία
1101 766 1146 811 δὲ
1170 763 1240 811 ου’.
1276 766 1334 811 ἔτι
1354 767 1390 811 εἰ
1407 764 1456 812 τὰ
1478 766 1719 829 Σωκράτην

291 829 504 892 ὑγιαίνειν
523 835 584 895 τῷ
604 831 846 893 Σωκράτην
866 836 1008 877 νοσεῖν
1027 831 1219 876 ἐναντίον
1239 831 1341 883 ἐστί,
1363 830 1423 892 μή
1442 832 1649 891 ἐνδέχεται
1671 834 1718 879 δε

294 895 384 956 ἅμα
426 896 650 956 ἀμφότερα
675 901 736 962 τῷ
771 896 891 960 αὐτῶ
921 895 1153 981 ὑπάρχειν,
1193 894 1280 942 οὐκ
1314 893 1369 942 ἂν
1397 897 1608 956 ἐνδέχοιτο
1637 902 1719 944 τοῦ

293 962 443 1022 ἑτέρου
455 967 540 1009 τῶν
552 944 790 1008 ἐναντίων”
764 980 890 1018 ουτος
901 964 974 1008 καὶ
993 960 1042 1007 τὸ
1064 959 1219 1008 λοιπὸν
1243 958 1371 1008 εἶναι·
1402 961 1528 1019 ὄντος
1545 961 1626 1024 γὰρ
1637 968 1720 1010 τοῦ

293 1028 536 1090 Σωκράτην
560 1046 592 1073 υ
594 1029 771 1089 γιαίνειν
791 1026 878 1074 οιῗκ
901 1047 956 1074 αν
980 1030 1045 1089 εἴη
1072 1026 1122 1074 τὸ
1143 1034 1288 1074 νοσεῖν
1306 1027 1562 1091 Σωκράτην.

242 1113 277 1140 1⁵
424 1098 577 1156 Δῆλον
606 1096 652 1140 δὲ
689 1092 758 1142 ὅτι
787 1095 859 1140 καὶ
889 1096 986 1154 περὶ
1014 1092 1175 1140 ταύτὸν
1194 1091 1226 1156 ἢ
1250 1092 1404 1141 ειδειἋ
1371 1114 1400 1156 η
1421 1096 1530 1156 γένει
1547 1094 1718 1154 πέφυκε

288 1159 490 1220 γίνεσθαι
519 1159 572 1207 τοὶ
602 1161 781 1207 ἐναντία.
835 1159 967 1218 νόσος
996 1161 1074 1220 μὲν
1099 1159 1181 1219 γὰρ
1213 1161 1283 1206 καὶ
1312 1159 1454 1222 ὑγίεια
1481 1162 1525 1207 ἐν
1557 1160 1719 1219 σώματι

290 1224 423 1290 ζώου,
457 1225 670 1289 λευκότης
697 1228 743 1273 δε
778 1228 850 1272 καὶ
882 1227 1059 1286 μελανία
1089 1226 1239 1283 ἁπλοῖς
1269 1227 1313 1273 ἐν
1339 1227 1517 1287 σώματι,
1551 1230 1718 1274 δικαιο-

292 1291 411 1355 σύνη
429 1293 475 1339 δὲ
497 1294 569 1338 καὶ
597 1291 744 1339 άδικία
765 1293 809 1338 ἐν
828 1296 952 1374 ’ψυχῇ
975 1291 1236 1350 α’νθρώπου.

404 1355 603 1439 Ἀνάγκη
630 1361 676 1405 δὲ
705 1358 844 1405 πάντα
870 1357 922 1404 176
959 1359 1125 1404 ἐναντία
1156 1377 1185 1420 η
1218 1359 1261 1404 ἐν
1290 1362 1351 1423 τῷ
1380 1356 1499 1429 αυτῷ
1528 1357 1638 1419 γένει
1659 1353 1718 1404 ει-

239 1440 363 1471 εοναι
393 1441 423 1484 η
454 1424 499 1471 ἐν
530 1430 624 1480 τοῖς
646 1425 852 1480 ἐναντίοις
875 1425 1053 1486 γένεσιν,
1085 1422 1115 1486 ἢ
1137 1422 1248 1470 αὐτὰ
1276 1426 1378 1485 γένη
1405 1421 1527 1470 εἶναι.
1562 1422 1720 1470 λευκὸν

288 1490 366 1548 μεν
407 1488 491 1550 γάρ
530 1491 605 1536 καὶ
646 1492 779 1551 μέλαν
820 1491 864 1537 ἐν
902 1495 962 1555 τῶ
1001 1489 1120 1555 αὐτῷ
1159 1491 1268 1551 γένει
1306 1491 1495 1551 (χρῶμα
1515 1488 1599 1550 γάρ
1630 1488 1719 1536 αὕ-

290 1572 382 1600 των
403 1554 454 1601 τὸ
481 1556 646 1618 γένος),
680 1555 940 1639 ὁικαιοσυνη
963 1558 1008 1604 ὁε
1030 1559 1103 1602 καὶ
1134 1556 1282 1603 α’δικία
1314 1558 1357 1602 ἐν
1389 1562 1478 1612 τοῖς
1512 1557 1720 1612 ἐναντίοις

289 1621 458 1682 γένεσιν
482 1624 592 1684 (τοῦ
607 1624 685 1683 μὲν
705 1621 788 1684 γὰρ
814 1621 955 1684 άρετή,
977 1627 1060 1669 τοῦ
1079 1624 1124 1669 de
1142 1624 1271 1668 κακία
1287 1621 1337 1668 τὸ
1355 1623 1527 1683 γένος)·
1550 1620 1720 1682 άγαθόν

291 1687 338 1732 δὲ
369 1689 443 1732 καὶ
472 1686 610 1734 κακὸν
638 1687 726 1735 οὐκ
756 1691 870 1735 ἔστιν
905 1690 949 1735 ἐν
977 1689 1102 1750 γένει,
1139 1687 1232 1735 ἄλλ’
1261 1687 1373 1735 αὐτοὶ
1396 1687 1596 1750 τυγχάνει
1617 1688 1720 1751 γένη

239 1771 275 1799 25
291 1756 427 1799 τινοῖν
450 1752 565 1799 ὄντα.

209 1822 273 1865 12
427 1819 655 1878 Πρότερον
673 1819 819 1876 ἕτερον
841 1819 990 1878 ἑτέρου
1013 1819 1175 1880 λέγεται
1197 1823 1419 1879 τετραχῶς,
1447 1822 1618 1879 πρῶτον
1645 1819 1721 1878 μὲν

290 1886 364 1931 καὶ
394 1885 642 1944 κυριώτατα
660 1883 770 1930 κατὰ
790 1883 867 1930 τὸν
884 1903 1060 1944 χρονον,
1084 1884 1187 1930 καθ’
1207 1883 1232 1931 ὃ
1257 1885 1428 1944 ποεοβι
1430 1903 1560 1944 τερον
1579 1885 1722 1944 ε’τερον

293 1950 446 2021 ἑτέρου
479 1952 553 1997 καὶ
582 1950 871 2008 παλαιότερον
903 1951 1091 2011 λέγεται·
1126 1954 1187 2014 τῷ
1215 1949 1297 2010 γὰρ
1317 1949 1394 1995 τὸν
1413 1951 1571 2009 χρόνον
1588 1951 1720 1996 πλείω

290 2013 402 2062 εἶναι
445 2018 518 2062 καὶ
550 2015 845 2075 πρεσβυτέρου
872 2017 946 2062 καὶ
977 2015 1265 2072 παλαιότερον
1297 2016 1472 2075 λέγεται.
1517 2015 1721 2073 δεύτερον

239 2098 273 2125 so
289 2083 336 2128 δὲ
356 2080 407 2128 τὰ
427 2080 486 2143 μὴ
518 2080 803 2141 άντιστρέφον
822 2079 931 2126 κατὰ
954 2098 1037 2142 την
1057 2085 1142 2126 τοῦ
1163 2086 1270 2126 εἰναι
1289 2079 1608 2142 άκολούθησιν,
1626 2079 1721 2129 οἷον

287 2146 338 2194 τὸ
365 2149 414 2193 ἓν
441 2152 527 2193 τῶν
564 2146 648 2193 δύο
678 2146 910 2205 πρότερον·
948 2150 1074 2192 δυοῖν
1106 2147 1183 2206 μὲν
1211 2145 1291 2207 γὰρ
1319 2145 1455 2192 ὄντων
1479 2146 1724 2194 ἀκολουθεῖ

289 2212 432 2270 εὐθὺς
465 2212 515 2259 τὸ
544 2213 593 2259 ’ἓν
620 2209 727 2258 εἶναι
742 2247 753 2268 ,
783 2210 878 2268 ἑνὸς
903 2213 949 2258 δὲ
971 2210 1099 2268 ὄντος
1118 2211 1204 2258 οὐκ
1232 2211 1469 2274 ἀναγκαῖον
1495 2212 1579 2259 δύο
1599 2210 1718 2270 εἶναι,

289 2278 395 2326 ὥστε
417 2278 506 2326 οὐκ
526 2278 802 2340 ἀντιστρέφει
826 2276 914 2338 άπὸ
944 2283 1030 2325 τοῦ
1054 2277 1149 2336 ἓνός
1169 2278 1198 2341 ἡ
1229 2277 1531 2341 ἀκολούθησις
1553 2284 1636 2326 τοῦ
1659 2277 1719 2326 εἶ-

378 2412 436 2450 3⁸¹
416 2430 460 2451 ον
479 2429 532 2449 om
555 2418 591 2451 C.
607 2435 643 2442 —
661 2417 682 2449 4
703 2414 879 2457 ἔπ’]ἔστιν
899 2413 953 2450 ἐπ’
970 2428 996 2450 e.
1013 2435 1055 2442 —
1072 2417 1092 2450 7
1105 2415 1163 2451 ἐπὶ
1180 2428 1233 2449 om
1257 2417 1315 2449 Cn.
1326 2434 1369 2442 —
1387 2412 1590 2465 ἀναγκαῖόν
1610 2415 1719 2472 ἔστιν,

288 2459 353 2495 ἐὰν
374 2463 428 2495 Ce
453 2480 498 2486 -—-
520 2462 542 2495 8
559 2474 624 2504 μεν
643 2473 696 2493 om
718 2473 752 2494 π.
777 2479 822 2487 -
850 2462 954 2495 10τῶ
975 2472 1030 2507 eg.
1056 2480 1099 2486 —
1128 2460 1226 2494 11τὸ
1251 2463 1306 2494 Ae.
1332 2479 1374 2485 —
1413 2462 1451 2493 13
1474 2458 1580 2515 εἶναι]
1594 2460 1719 2517 ‘11⁷1qu-

287 2518 364 2549 χειν
388 2507 423 2539 G.
452 2526 491 2532 -
526 2507 568 2539 14
594 2505 775 2548 υγιαίνειν
802 2496 979 2551 Σωκράτη
998 2519 1031 2539 π.
1058 2525 1100 2532 -
1135 2506 1176 2539 15
1206 2503 1247 2540 τὰ
1269 2501 1359 2540 αὐτὸ
1387 2506 1480 2548 (Mn,
1515 2503 1606 2539 αὐτὸ
1625 2519 1653 2540 e.
1674 2525 1719 2533 --

293 2551 335 2583 16
354 2558 387 2582 et
410 2552 450 2584 17
473 2551 662 2594 γίγνεσθαι
678 2562 712 2584 π.
737 2568 778 2575 -
814 2552 854 2585 16
875 2551 911 2584 ἐν
935 2563 989 2584 om
1016 2551 1058 2584 G.
1085 2568 1131 2575 ——
1164 2552 1205 2585 17
1226 2549 1336 2596 ζῴου]
1359 2548 1460 2603 ζῴου
1459 2549 1610 2603 πέφυκε
1627 2551 1718 2593 γίνε-

288 2596 379 2628 σθαι
397 2596 519 2628 Au.—
540 2597 581 2630 18
595 2595 797 2651 ἄνθρωπον
816 2607 871 2628 om
888 2609 922 2629 u.
936 2614 975 2621 -
998 2596 1036 2628 19
1055 2592 1254 2637 ἀναγκαῖον
1269 2596 1364 2638 Cefu.
1382 2614 1417 2619 -
1442 2590 1589 2629 ἅπαντα
1601 2596 1662 2629 Cu.
1677 2614 1716 2620 —

287 2638 334 2672 τὰ
354 2651 409 2671 om
431 2640 464 2672 d.
491 2658 532 2664 —
557 2641 597 2674 21
619 2652 684 2697 ps?
705 2652 759 2673 om
778 2651 805 2673 e
821 2659 864 2666 -
888 2641 931 2673 26
950 2635 1129 2694 πρότερον
1150 2638 1189 2674 δε
1209 2637 1257 2674 ἔτ.
1277 2651 1304 2673 e.
1330 2659 1372 2665 ——
1398 2641 1541 2694 πρώτα
1542 2651 1570 2672 e.
1584 2658 1628 2667 -
1652 2651 1718 2684 μεν

288 2682 359 2726 γὰρ
376 2683 439 2717 καὶ
462 2695 535 2717 ema.
547 2703 593 2710 -
609 2684 671 2719 καὶ
685 2697 740 2717 om
761 2685 797 2717 A.
808 2703 853 2709 -
867 2686 911 2718 27
921 2684 1218 2740 κυριώτατονςιι.
1228 2682 1378 2718 -κατὰ
1389 2683 1454 2718 τὸν
1479 2683 1611 2730 χρόνον
1620 2686 1661 2718 A.
1674 2703 1715 2710 —-

291 2726 518 2773 καθόΑΟες.
534 2747 579 2755 --
601 2726 647 2764 ὃν
659 2741 693 2763 n.
708 2748 753 2755 —
776 2729 820 2762 28
821 2730 913 2783 καὶ]
933 2728 1080 2774 λέγομεν
1094 2729 1155 2764 καὶ
1166 2731 1202 2773 f,
1225 2729 1348 2763 omisso
1367 2729 1515 2772 λέγεται.
1527 2748 1573 2755 -
1592 2731 1633 2765 31
1649 2731 1718 2765 δυ·-

288 2807 344 2840 εῒν
362 2804 434 2847 AB,
458 2805 565 2840 δυοῖν
584 2819 663 2840 corr
679 2818 711 2850 n,
736 2774 843 2843 ‹5110ss
859 2818 888 2842 e.
913 2826 956 2834 -
988 2819 1053 2851 μεν
1072 2818 1128 2840 om
1148 2806 1172 2839 i.
1197 2823 1243 2832 —
1266 2802 1390 2842 ὄντοιν
1410 2808 1466 2842 Ce-
