1838 3086
663 207 1041 244 Hermeneutien.
1535 202 1617 242 847

158 311 236 361 τὰς
261 308 501 364 προτάσεις,
528 308 633 360 ὅπερ
661 308 733 351 καὶ
759 307 878 362 ἡμεῖς
901 303 1188 356 ὑπετάξαμεν)
1215 307 1259 343 et
1286 315 1390 354 quae
1417 302 1614 343 habemus

151 391 210 417 vs.
238 379 290 416 35
327 373 402 424 τὰς
438 374 546 417 κατὰ
572 373 800 427 διάμετρον
839 373 911 418 (de
940 371 1084 423 quibus
1112 382 1148 407 v.
1175 367 1347 420 Trdlbg.
1375 366 1504 407 Elem.
1534 367 1614 417 log.

155 457 195 497 p.
215 445 268 482 69
286 446 418 493 seq.):
448 442 595 480 etenim
620 440 654 478 si
673 440 913 477 uno'tenore
932 436 1159 473 scribuntur
1179 432 1330 479 omnia,
1358 443 1436 469 non
1465 432 1617 483 poterit

154 507 347 559 explicari
377 506 470 557 quid
500 506 554 543 sit
579 500 629 542 τὸ
656 500 764 543 κατὰ
792 499 1032 551 διάμετρον.
1072 499 1184 548 Quae
1205 498 1330 549 figura
1354 495 1618 534 adscribenda

158 572 212 610 sit
238 576 350 622 patet
377 583 399 608 e
427 583 483 607 vs.
512 571 588 615 313
632 569 743 605 locus
782 566 887 602 enim
918 563 1215 613 Analyticorum
1258 574 1376 612 quem
1416 560 1516 599 dicit
1553 564 1619 599 est

158 635 336 683 51b38‚
374 634 441 671 ubi
480 628 528 671 τὸ
559 631 602 670 Γ
634 629 702 675 (τὸ
741 623 851 669 εἶναι
886 624 944 679 μὴ
975 626 1163 672 δίκαιον)
1202 627 1364 678 ponitur
1390 622 1475 665 ’ὕπὸ
1502 622 1552 665 τὸ
1581 623 1619 663 Β

159 696 228 745 (τὸ
256 695 314 750 μὴ
343 691 454 736 εἶναι
482 694 670 740 δίκαιον)
702 699 741 733 et
767 693 816 733 τὸ
845 694 887 732 Δ
917 689 985 740 (τὸ
1014 689 1071 743 μὴ
1101 685 1211 730 εἶναι
1239 686 1296 742 μὴ
1319 689 1508 737 δίκαιον)
1533 687 1620 729 ὑπὸ

159 761 208 802 τὸ
237 763 278 801 Α
305 760 372 810 (τὸ
402 756 511 801 εἶναι
540 759 742 807 δίκαιον).
788 757 943 797 Tabula
970 757 1089 810 igitur
1118 756 1195 794 hoc
1223 755 1345 794 modo
1373 755 1622 807 disponenda

158 827 259 866 erit:

160 902 228 940 min
248 902 347 939 ἔστιν
362 901 406 939 οὗ
419 903 564 943 δίκαιος
583 898 795 949 ἄνθρωπος.
1067 895 1137 934 ov’n
1157 899 1231 936 ἔστι
1248 900 1394 939 δίκαιος
1408 895 1624 944 ἄνθρωπος.

313 1119 388 1156 ἔστι
414 1121 558 1161 δίκαιος
582 1118 798 1167 ἅνθρωπος·
823 927 1051 1152 X
1072 1120 1170 1156 ἔστιν
1188 1117 1233 1154 οὗ
1250 1115 1395 1157 δίκαιος
1408 1114 1624 1162 ἄνθρωπος.

158 1205 245 1244 lam
272 1210 441 1258 apparet
468 1218 569 1256 quae
609 1206 661 1245 sit
698 1206 848 1258 duplex
888 1206 1083 1256 cuiusque
1111 1202 1395 1244 enuntiationis
1424 1201 1625 1253 oppositio

162 1283 280 1321 quam
310 1271 636 1309 commemoravit
659 1283 717 1308 vs.
739 1272 814 1309 20:
842 1282 1165 1320 unamquamque
1186 1268 1290 1307 enim
1312 1267 1627 1306 enuntiationem

164 1334 279 1373 lineis
317 1335 447 1373 ductis
486 1334 763 1373 coniunximus
801 1347 891 1373 cum
929 1336 1115 1385 utrisque
1151 1346 1253 1384 quae
1291 1332 1329 1370 ei
1357 1335 1625 1383 opponuntur.

165 1399 355 1450 Figuram
385 1399 510 1450 ipsam
540 1400 578 1437 in
609 1403 836 1437 contextum
865 1400 1050 1451 recipere
1074 1398 1287 1446 noluimus,
1316 1409 1367 1434 ne
1387 1395 1627 1434 enuntiatio-

166 1475 260 1500 num
289 1463 466 1501 ordinem
498 1468 576 1509 (νε.
605 1465 658 1501 28
678 1475 763 1513 seq.
795 1468 837 1502 et
853 1476 911 1501 vs.
936 1465 1009 1510 34)
1039 1464 1252 1502 immutare
1281 1461 1410 1499 coacti
1441 1472 1625 1499 essemus

166 1526 293 1578 (quod
323 1527 428 1565 enim
458 1527 556 1564 dicit
583 1525 742 1567 τούτου
771 1526 1000 1578 ἀπόφασις,
1027 1528 1067 1565 id
1091 1531 1204 1565 certe
1225 1538 1302 1564 non
1325 1525 1508 1575 impedit,
1534 1524 1630 1575 quin

164 1591 264 1629 ordo
294 1596 485 1638 mutetur,
515 1592 606 1642 qnia
634 1591 794 1631 τούτου
823 1591 970 1631 referri
998 1595 1134 1643 potest
1161 1596 1204 1629 et
1231 1590 1281 1628 ad
1309 1590 1350 1627 id
1380 1588 1485 1640 quod
1512 1601 1630 1640 prae-

166 1655 290 1693 cessit
317 1660 359 1691 et
387 1655 435 1690 ad
466 1656 505 1692 id
537 1656 641 1704 quod
664 1657 881 1704 sequitur),
910 1656 1143 1707 praesertim
1166 1667 1302 1705 quum,
1332 1654 1366 1691 si
1386 1655 1511 1691 vs.’2·1
1523 1658 1566 1691 et
1577 1654 1630 1691 33

164 1718 272 1769 ipsas
292 1729 390 1767 quas
412 1717 450 1754 in
472 1722 660 1755 contextu
685 1718 880 1755 habemus
898 1719 1191 1757 enuntiationes
1212 1719 1269 1756 ita
1291 1718 1565 1768 disposuimus
1583 1720 1631 1755 ut

165 1781 294 1830 figura
322 1780 511 1831 postulat,
547 1780 652 1819 idem
681 1781 799 1819 etiam
829 1793 886 1818 vs.
908 1784 960 1819 38
979 1794 1066 1831 sqq.
1095 1781 1327 1818 faciendum
1357 1781 1424 1826 sit,
1452 1781 1521 1818 ubi
1550 1780 1631 1819 hoc

165 1843 316 1883 factum
336 1856 428 1882 esse
440 1844 488 1882 ab
502 1844 717 1882 Aristotele
737 1857 814 1882 non
834 1844 1044 1884 indicatur.
1075 1843 1191 1893 Quod
1214 1845 1247 1881 si
1273 1849 1403 1881 autem
1422 1844 1521 1881 nihil
1541 1856 1631 1883 mu-

167 1913 297 1947 tamus
325 1909 363 1946 in
393 1913 595 1952 contextu,
626 1914 765 1960 aperte
793 1922 969 1959 pugnare
987 1908 1173 1947 videntur
1200 1909 1304 1946 inter
1327 1920 1373 1946 se
1400 1919 1501 1956 quae
1530 1908 1632 1946 dicit

166 1975 303 2013 ταῦτα
330 1969 409 2023 μὲν
432 2002 442 2013 .
467 2000 476 2010 .
500 2001 509 2012 .
538 1970 651 2012 οὕτω
679 1969 895 2012 vivax-cat:
923 1985 1013 2010 nam
1043 1985 1121 2011 non
1150 1973 1292 2011 eodem
1322 1972 1462 2009 ordine
1489 1971 1632 2022 dispo-

167 2038 245 2076 sita
273 2042 365 2075 sunt
392 2030 493 2088 quae
521 2042 832 2088 praecesserunt
859 2043 977 2087 atque
1005 2038 1045 2075 in
1068 2036 1287 2087 Analyticis
1312 2037 1481 2080 (51b38
1501 2038 1631 2086 sqq.):

168 2114 269 2153 quae
287 2101 448 2151 quidem
476 2101 693 2139 difficultas
716 2102 792 2140 alia
816 2103 973 2140 ratione
992 2101 1056 2139 vix
1080 2100 1229 2151 poterit
1248 2100 1335 2138 tolli
1357 2112 1473 2149 quam
1496 2104 1541 2138 ut
1563 2103 1632 2138 aut

169 2165 268 2204 ordo
296 2165 610 2203 enuntiationum
629 2178 686 2205 vs.
705 2167 756 2204 28
774 2179 833 2216 sq.
864 2170 1045 2204 mutetur
1073 2171 1143 2204 aut
1170 2165 1294 2202 verba
1321 2166 1458 2203 ταῦτα
1481 2161 1583 2213 μὲν.
1599 2190 1633 2202 ..

169 2222 363 2268 τέτακται
390 2241 413 2266 e
441 2234 628 2266 contextu
656 2230 874 2270 eiiciantur.
931 2230 1062 2279 Quum
1093 2229 1261 2267 alterum
1291 2233 1422 2266 utrum
1451 2233 1496 2266 ut
1522 2228 1634 2267 face-

170 2306 256 2332 rem
282 2307 304 2331 a
327 2306 392 2330 me
411 2293 628 2343 impetrare
650 2305 725 2332 non
746 2295 964 2345 potuerim,
983 2293 1214 2333 Aristotelis
1238 2293 1279 2330 in
1303 2292 1514 2330 scribendo
1532 2304 1634 2343 neg-

170 2357 363 2410 ligentiae
385 2357 462 2395 hoc
479 2356 736 2396 tribuendum
757 2371 848 2398 esse
880 2359 977 2397 mihi
1004 2358 1201 2410 persuasig
1230 2359 1276 2394 ut
1299 2356 1479 2407 figuram,
1508 2369 1630 2406 quam

170 2422 322 2461 addere
348 2422 521 2459 voluerit
560 2434 616 2458 vs.
646 2424 699 2459 30
733 2428 825 2462 ante
851 2425 1008 2468 ταῦτα,
1047 2426 1093 2460 ut
1122 2420 1356 2458 ostenderet
1384 2420 1513 2470 qualis
1539 2431 1632 2459 esse

172 2486 340 2526 deberet
367 2486 466 2524 ordo
488 2486 813 2535 enuntiationum,
841 2486 1034 2526 omiserit.
1079 2484 1310 2522 Difficultas
1333 2484 1459 2522 omnis
1480 2488 1635 2523 remota

171 2555 294 2599 esset,
323 2550 357 2588 si
385 2563 456 2602 pro
484 2548 679 2589 τέτακται
706 2552 898 2603 scriptum
927 2554 1106 2590 exstaret
1124 2547 1390 2599 τετάχθω.-
1420 2548 1634 2593 Praeterea

173 2615 388 2654 notandum
437 2618 501 2653 est
541 2615 594 2653 lo.
633 2614 900 2666 Philoponum
946 2614 1094 2661 (schol.
1135 2614 1307 2658 186111)
1346 2612 1538 2651 habuisse
1575 2611 1632 2652 εἴ-

174 2692 296 2732 ρηται
331 2692 391 2717 vs.
424 2681 500 2727 31,
540 2679 647 2729 quod
688 2684 728 2717 et
764 2679 1010 2730 Stephanum
1051 2677 1199 2729 legisse
1237 2677 1443 2728 probabile
1480 2681 1545 2716 est
1573 2681 1631 2723 (v.

175 2754 295 2794 supra
323 2757 361 2795 p.
382 2745 447 2783 42.
475 2743 523 2782 ad
554 2745 723 2789 19b31)
763 2746 806 2781 et
838 2743 967 2781 versio
1006 2741 1224 2779 Boethiana
1265 2742 1454 2793 praebet:
1509 2754 1633 2792 quare

174 2808 399 2859 recepimus
427 2808 522 2848 licet
547 2808 684 2848 invitis
712 2807 930 2847 codicibus.
968 2805 1121 2845 Premit
1147 2805 1252 2846 enim
1281 2804 1528 2859 Philoponus
1545 2818 1636 2845 ver·
