1826 3112
267 227 347 267 252
762 231 1183 266 ΑΝΑΛΤΤΙΚΩΝ

271 342 353 385 ρον
385 325 465 386 μὲν
493 329 578 372 τῶν
604 325 747 385 μέσων
775 324 1022 386 ἀμφοτέρας
1047 325 1126 383 τὰς
1151 326 1381 386 προτάσεις
1411 326 1498 373 οὐκ
1519 328 1691 389 ἐγχωρεῖ

270 389 620 451 ὑπολαμβάνειν,
657 389 751 437 οἷον
779 390 832 437 τὸ
856 397 893 438 Α
919 397 979 438 τώ
1009 394 1086 451 μὲν
1115 396 1152 438 Β
1181 394 1331 449 παντί,
1362 397 1422 456 τῶ
1451 395 1497 439 δὲ
1530 397 1575 439 Γ
1602 413 1685 456 μη-

272 458 384 511 δενί,
422 461 560 503 ταῦτα
598 455 636 502 δ’
672 455 894 518 ἀμφότερα
928 460 1054 503 παντὶ
1082 462 1145 503 τοῖ
1177 463 1230 503 A.
1296 428 1520 517 συμβαίνει
1547 458 1628 520 γάρ
1657 457 1687 522 ἢ

271 519 417 579 ἁπλῶς
450 521 480 585 ἢ
508 523 577 568 ἐπί
607 541 648 567 τι
676 524 870 569 ἐνα-’ντιαν
903 524 1200 584 λαμβάνεσθαι
1221 522 1303 585 τὴν
1323 524 1499 587 πρώτην
1519 525 1685 584 πρότα-

221 600 352 633 ιοσιν.
410 589 447 633 εἰ
485 586 566 648 γάρ
607 581 642 652 ᾧ
681 587 732 634 τὸ
761 593 798 634 Β
832 587 1044 649 ὑπάρχει,
1082 591 1207 635 παντὶ
1240 589 1290 635 τὸ
1323 595 1359 635 Α
1390 589 1688 650 υπολαμβάνει
1732 597 1737 600 ”

165 675 200 707 p.
209 663 254 697 67
269 652 512 713 ὑπάρχειν,
533 651 585 699 τὸ
613 635 663 699 ’δὲ
697 658 733 700 Β
751 658 819 735 τῷ
850 660 890 700 A
912 652 1014 711 οἶὸε,
1049 657 1122 700 καὶ
1160 652 1225 700 ὅτι
1257 660 1317 720 τῷ
1352 661 1393 701 A
1422 655 1474 702 τὸ
1500 662 1537 702 A
1557 653 1684 702 οἶδεν.

269 716 372 764 ὥστ’
401 720 439 765 εἰ
470 718 623 775 πάλιν,
656 713 694 783 ᾤ
716 718 765 765 τό
793 724 845 775 Γ,
875 722 1023 783 μηδενὶ
1048 722 1179 766 οἴεται
1196 718 1246 766 τὸ
1268 725 1305 766 A
1329 720 1547 781 ὑπάρχειν,
1575 715 1611 802 ᾠ
1632 720 1683 767 τό

269 787 307 830 Β
335 786 417 830 τινὶ
445 783 651 844 ὑπάρχει,
681 785 826 866 τούτῳ
861 785 946 832 οὐκ
977 788 1109 832 οἴεται
1137 783 1187 830 τὸ
1211 790 1249 830 A
1277 784 1500 866 ὑπάρχειν.
1558 785 1608 832 τὸ
1640 788 1686 833 δὲ

269 850 396 896 παντὶ
428 849 631 909 οἰόμενον
660 844 697 895 οἷ
726 848 776 896 τό
810 854 871 906 Β,
903 851 1032 896 πάλιν
1060 853 1142 896 τινὶ
1172 849 1231 911 μὴ
1263 852 1435 896 οἴεσθαι
1459 844 1498 915 ᾤ
1514 850 1565 897 τὸ
1586 856 1636 907 Β,
1659 871 1686 913 η

237 932 255 960 5
275 913 424 971 ἆπλως
451 913 480 977 ἢ
511 917 582 962 ἐπί
605 934 645 961 τι
664 917 855 962 ἐναντίον
881 916 1004 961 ἐστίν.
1034 913 1151 961 οὕτω
1169 917 1245 974 μὲν
1265 934 1351 962 ουν
1374 915 1460 963 οὐκ
1479 917 1687 976 ἐνδέχεται

267 979 518 1040 ὑπολαβεῖν,
549 980 651 1026 καθ’
683 981 885 1040 ἑκάτερον
912 983 959 1027 δὲ
985 979 1067 1042 τήν
1091 982 1194 1040 μίαν
1220 979 1250 1044 ἢ
1269 980 1376 1028 κατά
1398 983 1584 1040 θάτερον
1603 981 1687 1042 άμ-

269 1047 459 1107 φοτέρας
490 1045 624 1092 οὐδὲν
653 1046 825 1101 κωλύει,
858 1044 954 1093 οἷον
980 1045 1032 1092 τὸ
1063 1051 1097 1092 Α
1116 1048 1241 1093 παντὶ
1257 1051 1317 1111 τῷ
1339 1051 1375 1093 Β
1394 1049 1467 1093 καὶ
1484 1047 1536 1094 τὸ
1563 1052 1600 1094 Β
1623 1067 1684 1112 τῳ

268 1117 337 1168 Δ,
375 1114 449 1157 καὶ
482 1112 613 1158 πάλιν
641 1111 692 1158 τὸ
730 1117 767 1158 A
793 1114 944 1174 μηδενὶ
974 1117 1035 1177 τῷ
1061 1116 1112 1158 Γ.
1174 1112 1304 1172 ὁμοία
1337 1132 1419 1196 γαρ
1450 1113 1479 1176 ἡ
1506 1114 1686 1175 τοιαύτη

268 1175 412 1240 ἀπάτη
436 1179 507 1223 καὶ
536 1197 598 1234 ως
631 1176 896 1237 οἷπατώμεθα
923 1179 1019 1236 περὶ
1047 1176 1099 1224 τοὶ
1133 1178 1177 1224 ἐν
1206 1179 1344 1236 μέρει,
1373 1184 1467 1225 οἱον
1494 1181 1531 1225 εἰ
1559 1184 1619 1245 τῷ
1650 1183 1687 1225 Β

220 1257 255 1285 10
268 1244 394 1290 παντὶ
421 1241 471 1288 τὸ
507 1248 544 1289 Α
584 1241 797 1325 ὑπάρχει,
835 1242 885 1290 τὸ
921 1245 966 1290 δε
999 1247 1035 1289 Β
1062 1247 1122 1306 τῷ
1155 1247 1200 1288 Γ
1223 1246 1382 1325 παντί,
1412 1244 1462 1290 τὸ
1496 1250 1532 1290 Α
1561 1247 1687 1291 παντὶ

272 1313 333 1374 τῶ
364 1312 410 1355 Γ
432 1307 630 1367 ὑπάρξει.
677 1311 713 1356 εἰ
741 1311 825 1356 οὐν
851 1327 915 1365 τις
948 1306 1062 1355 οἶδεν
1092 1307 1158 1354 ὅτι
1187 1307 1236 1354 τὸ
1259 1313 1321 1365 A,
1345 1312 1379 1373 ιρ
1401 1309 1451 1355 τὸ
1474 1314 1524 1365 Β,
1543 1309 1687 1370 ὑπάρ-

270 1393 333 1436 χει
362 1376 512 1431 παντί,
544 1371 632 1420 οἶδε
662 1377 734 1421 καὶ
767 1374 831 1421 ὅτι
860 1380 923 1421 τῶ
956 1379 1006 1420 Γ.
1054 1373 1146 1420 ἄλλ’
1173 1373 1307 1420 οιῗδεν
1334 1375 1494 1421 κωλύει
1523 1374 1690 1444 άγνοεῖν

269 1439 322 1487 τὸ
357 1438 446 1486 Γ“
420 1458 486 1487 οτι
518 1442 654 1496 ἔστιν,
683 1438 780 1487 οἷον
799 1442 837 1487 εἰ
853 1459 904 1487 το
926 1442 1002 1500 μὲν
1022 1444 1059 1486 Α
1080 1440 1165 1486 δύο
1187 1439 1426 1499 ὀρθαί,τὸ
1448 1440 1486 1487 6⁹
1508 1441 1575 1501 ἐφ’
1595 1444 1629 1503 ᾠ
1653 1446 1689 1487 Β

270 1507 493 1567 τρίγωνον,
523 1505 573 1553 τὸ
599 1505 639 1551 δ’
666 1505 734 1566 ἐφ’
754 1500 791 1571 ᾠ
816 1510 860 1551 Γ
886 1504 1099 1568 αἰσθητὸν
1127 1507 1348 1566 τρίγωνον.
1374 1506 1592 1567 ὑπολάβοι
1608 1506 1689 1568 γὰρ

221 1590 255 1618 1⁵
273 1590 328 1619 αν
358 1590 422 1628 τις
454 1571 514 1634 μὴ
542 1569 647 1618 εἶναι
674 1570 724 1617 τὸ
748 1553 808 1627 Γ,
838 1570 1006 1628 εἰδώς
987 1571 1053 1617 ότι
1072 1577 1160 1618 πᾶν
1179 1573 1384 1655 τρίχωνον
1410 1573 1489 1654 ἔχει
1508 1573 1592 1620 δύο
1613 1572 1688 1633 ὄρ-

272 1637 384 1695 θάς,
415 1635 528 1684 τοῦθ’
557 1656 646 1696 αμα
675 1639 830 1684 εἴσεται
855 1639 928 1683 καὶ
958 1637 1157 1699 ἀγνοήσει
1182 1636 1360 1684 ταύτόν.
1395 1637 1446 1684 τὸ
1477 1637 1560 1699 γὰρ
1581 1639 1689 1685 εἰδέ-

269 1722 341 1751 ναι
374 1707 462 1750 πᾶν
487 1705 696 1765 τρίγωνον
726 1702 792 1750 ὅτι
820 1703 908 1749 δύο
942 1702 1101 1763 ὀρθαῖς
1127 1702 1213 1763 οὐχ
1233 1701 1406 1750 ἁπλοῦν
1431 1705 1556 1760 ἐστίν,
1580 1702 1686 1750 ἄλλά

269 1768 321 1816 τὸ
352 1787 430 1829 μεν
459 1774 520 1835 τῷ
526 1768 632 1851 α’τὴν
659 1770 865 1816 καθόλου
895 1770 1002 1830 εχειν
1031 1769 1286 1831 ἐπιστήμην,
1323 1768 1375 1815 τὸ
1405 1772 1451 1815 δε
1479 1769 1558 1832 τὴν
1586 1768 1690 1816 καθ’

271 1836 466 1882 ἕκαστον.
490 1819 606 1882 οὕτω
625 1854 701 1896 μεν
721 1829 805 1882 οὖν
832 1854 890 1892 ως
913 1840 967 1895 τῇ
986 1836 1189 1882 καθόλου
1202 1832 1290 1882 οἶδε
1308 1834 1359 1882 τὸ
1374 1834 1448 1881 Γ“’
1431 1833 1495 1882 ότι
1508 1837 1591 1883 δύο
1612 1835 1690 1918 ὄρ-

222 1902 366 1957 mmet,
396 1921 458 1959 ως
489 1903 535 1949 δὲ
564 1905 618 1960 τῇ
649 1901 752 1948 καθ’
778 1903 957 1948 ἕκαστον
982 1900 1069 1947 οὐκ
1097 1898 1233 1957 οἶδεν,
1264 1899 1361 1947 ὥστ’
1399 1901 1483 1962 οὐχ
1512 1901 1590 1957 ἕξει
1614 1901 1691 1958 τὰς

273 1968 477 2023 ἐναντίας.
523 1966 685 2026 ὁμοίοις
711 1970 758 2014 δὲ
784 1969 858 2013 καὶ
886 1966 910 2012 ὃ
946 1968 991 2013 ἐν
1018 1971 1080 2030 τῷ
1107 1967 1279 2012 Μένωνι
1301 1965 1496 2027 λόγος,“
1468 1986 1534 2013 οτι
1556 1966 1585 2029 ἦ
1605 1967 1689 2026 μά-

270 2038 405 2095 θησις
425 2032 678 2094 ανάμνησις.
704 2031 913 2092 οὐδαμοῦ
930 2030 1011 2092 γάρ
1032 2034 1257 2092 συμβαίνει
1276 2034 1620 2090 προεπίστασθαι
1641 2030 1691 2079 τὸ

270 2097 375 2145 καθ’
411 2099 616 2154 ἕκαστον,
647 2097 738 2144 αλλ’
778 2117 865 2158 αμα
908 2102 961 2157 τῇ
1004 2098 1200 2159 ἐπαγωγη
1239 2098 1470 2157 λαμβάνειν
1497 2097 1577 2160 τὴν
1605 2116 1691 2181 των

270 2182 380 2210 κατα
413 2165 542 2225 μέρος
575 2165 811 2226 ἐπιστηιιην
831 2162 976 2221 ωσπερ
997 2163 1378 2224 ἄναγ’νωριζοντας.
1399 2165 1488 2210 ε’νια
1508 2183 1591 2226 γαρ
1611 2183 1689 2210 ευ-

221 2228 362 2286 ιεθνύς
391 2232 524 2290 ισμεν,
552 2227 648 2276 οἷον
680 2229 745 2275 ὅτι
767 2230 852 2276 δύο
874 2228 1044 2287 ὀρθαῖς,
1077 2228 1152 2277 ἐαν
1177 2228 1413 2290 εἰδωμεν“
1387 2249 1452 2276 οτι
1470 2232 1688 2292 τρίγωνον.

272 2294 432 2357 ὁμοίως
454 2297 500 2343 δὲ
521 2297 593 2342 καὶ
615 2297 683 2342 ἐπὶ
703 2300 790 2342 τῶν
809 2294 965 2342 ἄλλων.

362 2453 406 2486 37
425 2451 506 2486 οἷον
525 2453 560 2487 εἰ
574 2449 615 2486 τὸ
631 2463 665 2484 π.
689 2470 733 2476 -
757 2453 802 2485 38
816 2452 866 2496 τῷ
886 2453 907 2485 δ
925 2451 1036 2485 παντί
1050 2463 1084 2483 ιι.
1108 2469 1152 2476 -
1175 2452 1217 2484 39
1237 2449 1384 2503 πρώτην
1403 2463 1440 2483 rc
1458 2452 1525 2483 add
1543 2463 1576 2484 ιι.

361 2496 451 2530 67³2
472 2492 500 2542 ᾦ
517 2510 557 2541 pr
577 2509 631 2530 om
648 2509 681 2529 ιι.
707 2515 747 2520 -
773 2508 793 2539 γ
812 2497 935 2533 παντί,
955 2495 1082 2539 μηδενὶ
1108 2497 1144 2529 G.
1156 2514 1198 2519 -—
1222 2497 1242 2530 3
1257 2496 1366 2529 τοῦτο
1383 2508 1423 2538 pr
1440 2507 1474 2528 ιι.
1498 2514 1543 2521 —-
1567 2493 1687 2530 6υπο

272 2531 486 2586 λαμβάνειν
487 2554 532 2575 m.
557 2560 600 2567 —
624 2538 711 2574 καθ’
730 2552 766 2572 rc
783 2553 815 2573 n.
844 2560 886 2566 -—
909 2541 1089 2594 θάτερον]
1111 2539 1152 2574 τὸ
1173 2552 1292 2584 ετερον
1309 2552 1344 2573 ιι.
1367 2560 1408 2565 —-
1439 2538 1689 2596 καθεκάτερον

273 2588 356 2627 Auf,
379 2599 419 2629 pr
435 2588 494 2620 Bc.
520 2604 563 2611 —-
587 2587 609 2619 7
627 2587 648 2629 β
669 2585 780 2619 παντὶ
799 2586 847 2626 τῷ
865 2597 908 2619 ιιι.
937 2606 970 2610 -
1000 2587 1020 2620 9
1039 2583 1099 2627 τὰ]
1119 2582 1186 2623 τὰς
1204 2585 1423 2626 ABCucfnm.
1451 2603 1489 2609 ——
1515 2586 1581 2629 τῷ]
1597 2580 1624 2629 ᾦ
1642 2582 1684 2619 τὸ

274 2631 363 2662 Βιιιι.
386 2649 430 2655 -
457 2632 493 2664 11
516 2631 566 2663 alt
578 2628 638 2671 τὸ]
657 2630 706 2674 τῷ
723 2642 763 2670 n,
782 2633 878 2674 prA.
897 2650 938 2656 —
961 2628 1117 2684 υπάρξει
1134 2641 1168 2661 τι.
1189 2647 1234 2655 -
1262 2630 1300 2662 14
1315 2630 1355 2662 τὸ
1375 2641 1451 2661 corr
1467 2630 1505 2662 Β
1524 2648 1566 2654 -
1591 2618 1688 2692 93],οὖ

275 2675 366 2707 Aee.
396 2694 438 2699 —
473 2676 513 2709 18
534 2676 585 2719 τῷ
606 2687 662 2707 om
680 2676 808 2716 AGcfm
827 2682 863 2707 et
882 2687 921 2718 pr
938 2687 972 2707 n.
1007 2695 1040 2700 —
1079 2672 1115 2716 ἕχ
1118 2686 1150 2707 ει
1166 2685 1264 2715 prm.
1296 2691 1338 2697 -
1374 2675 1412 2708 19
1431 2671 1567 2728 ὀρθαῖς
1585 2688 1619 2708 ιι.
1643 2694 1688 2699 -

275 2719 320 2751 24
340 2728 458 2763 ωσπερ
487 2720 521 2753 εἰ
546 2720 784 2764 γνωρίζοντας
812 2727 853 2763 pr
878 2732 911 2752 ιι.
937 2737 981 2745 -
1003 2720 1048 2753 24
1066 2687 1206 2756 ἰδόντες
1223 2718 1277 2750 adi
1300 2725 1378 2760 post
1398 2716 1466 2764 γὰρ
1483 2721 1577 2763 ufm,
1609 2726 1687 2752 ante

277 2762 379 2807 ἴσμεν
404 2775 452 2797 vs.
472 2765 516 2798 25
540 2776 573 2798 ιι.
586 2765 685 2799 -25
703 2762 783 2800 οἷον
800 2776 856 2798 om
881 2765 911 2798 C
923 2770 957 2798 et
972 2775 1014 2808 pr
1030 2774 1075 2797 m.
1087 2762 1279 2807 -ἴδωμεν
1301 2763 1413 2808 Gfmn,
1436 2775 1477 2807 pr
1490 2775 1526 2805 ιι,
1549 2776 1628 2798 corr
1643 2765 1686 2798 A.
