1780 3100
455 733 1022 792 ANALYTICA
1074 736 1461 792 PRIORA.

216 951 314 1019 Ios.
342 977 558 1016 Blnncanus
587 978 771 1024 (Aristot.
800 978 889 1019 loca
911 980 1098 1019 mathem.
1129 980 1405 1019 Bonon.1615.
1433 993 1472 1031 p.
1493 981 1564 1025 36)
1584 978 1698 1017 allata

215 1041 342 1092 Puppi
380 1041 466 1085 [lib.
487 1040 572 1080 Vll.
603 1041 758 1079 collect.
787 1043 928 1087 math.)
967 1044 1197 1082 definitione
1234 1043 1467 1093 „Resolutio
1503 1046 1563 1080 est
1591 1043 1649 1079 via
1677 1055 1699 1079 a

216 1104 395 1154 quaesito
423 1108 619 1152 tamquam
650 1116 838 1142 concesso
867 1119 940 1156 per
979 1119 1026 1144 ea
1057 1119 1156 1156 qnae
1193 1119 1242 1145 ex
1278 1107 1364 1157 ipso
1407 1109 1699 1155 consequuntur

213 1167 263 1205 ad
300 1167 457 1216 aliquod
498 1172 647 1204 certum
686 1172 725 1204 et
762 1168 1019 1206 concessum''
1058 1169 1258 1219 Analytica
1294 1168 1482 1217 inscripta
1520 1168 1615 1206 dicit
1650 1167 1697 1205 ab

213 1230 429 1268 Aristotele
456 1229 631 1267 Euclidis
661 1231 882 1280 exemplum
905 1236 1108 1281 sequente,
1137 1233 1268 1282 „quod
1291 1231 1449 1270 tradant
1469 1230 1698 1268 methodum

214 1305 290 1343 qun
318 1292 517 1330 valeamus
546 1293 765 1342 quaesitum
795 1295 959 1344 quodvis
988 1294 1201 1341 resolvere,
1230 1295 1256 1331 i.
1274 1307 1308 1332 e.
1337 1307 1384 1332 ex
1405 1293 1579 1343 quaesito
1598 1298 1698 1331 tam-

212 1365 327 1405 quam
356 1367 449 1392 vero
479 1355 714 1406 investigare
742 1357 908 1407 aliquam
938 1357 1165 1406 veritatem,
1194 1370 1266 1408 per
1294 1370 1406 1407 quam
1437 1355 1579 1393 deinde
1605 1367 1698 1405 pro-

211 1418 367 1468 positae
404 1418 643 1467 quaestionis
680 1420 869 1458 rationem
915 1420 1105 1458 methodo
1143 1421 1400 1471 compositiva
1438 1415 1698 1456 reddamuff’:

213 1491 303 1518 cum
333 1481 474 1531 quibus
502 1481 739 1519 conveniunt
766 1495 866 1530 quae
893 1483 1012 1521 habet
1041 1483 1276 1520 Aristoteles
1297 1484 1463 1520 49a19:
1492 1479 1699 1519 ἀνάλυσιν

213 1543 317 1581 enim
346 1543 444 1581 dicit
471 1543 573 1589 fleri,
601 1556 719 1593 quum
750 1545 923 1594 singulos
951 1545 1139 1583 terminos
1169 1546 1446 1597 investigamus
1475 1556 1624 1594 eosque
1644 1544 1699 1581 ita

211 1606 473 1656 disponimus,
502 1611 548 1644 ut
571 1607 663 1645 inde
685 1607 890 1656 colligatur
912 1607 1002 1645 data
1023 1608 1239 1645 conclusio:
1269 1608 1407 1646 eodem
1434 1618 1551 1644 sensu
1579 1607 1698 1643 4¹1a4

216 1668 372 1719 plenius
400 1670 496 1707 dicit
523 1663 625 1716 τοὺς
650 1667 955 1720 γεγενημένους
977 1664 1324 1721 (συλλογισμοὺς)
1347 1667 1546 1708 ἀναλύειν
1566 1666 1624 1714 εἰς
1648 1665 1700 1707 τὰ

211 1729 497 1783 προειρημένα
519 1732 723 1784 σχήματα.
762 1733 896 1771 Latius
916 1739 1054 1783 patere
1077 1734 1295 1771 doctrinam
1314 1733 1557 1783 Analyticam
1575 1731 1700 1769 voluit

210 1794 374 1833 Kantius
413 1796 560 1842 (Kritik
590 1798 662 1835 der
688 1796 821 1835 reinen
842 1794 1037 1834 Vermmft
1063 1810 1101 1847 p.
1126 1799 1197 1842 60)
1228 1796 1388 1834 dicens:
1443 1794 1542 1845 „Die
1576 1793 1699 1845 allge-

211 1858 344 1896 meine
372 1858 498 1910 Logik
527 1860 605 1897 lost
638 1872 718 1898 nun
746 1860 817 1897 das
844 1871 967 1908 ganze
995 1859 1161 1897 formale
1191 1859 1384 1898 Geschiift
1409 1859 1478 1897 des
1507 1856 1699 1897 Verstan-

211 1920 285 1958 des
314 1922 392 1958 und
421 1923 494 1960 der
521 1921 720 1960 Vernunft
747 1923 785 1959 in
814 1922 924 1959 seine
953 1922 1160 1960 Elemente
1187 1922 1275 1968 aus,
1311 1922 1389 1960 und
1420 1921 1528 1959 stellt
1556 1921 1613 1958 sie
1640 1920 1697 1957 als

209 1980 436 2032 Principien
475 1984 573 2021 aller
600 1985 801 2034 logischen
833 1984 1115 2034 Beurtheilung
1142 1996 1307 2021 uuserer
1334 1983 1587 2021 Erkenntnirs
1616 1982 1698 2019 dar.

210 2044 352 2083 Dieser
379 2044 496 2084 Theil
534 2046 606 2084 der
633 2046 759 2094 Logik
798 2046 900 2083 kann
939 2047 1066 2084 daher
1092 2046 1275 2096 Analytik
1312 2046 1493 2084 heirsen”
1532 2049 1571 2082 et
1601 2056 1700 2095 quae

212 2118 294 2157 seq.
323 2120 361 2157 p.
389 2110 440 2145 65
470 2109 572 2157 „Die
600 2109 783 2159 Analytik
812 2109 865 2146 ist
893 2108 959 2146 die
980 2109 1295 2160 Zergliederung
1321 2121 1487 2147 unseres
1505 2119 1700 2158 gesamm-

212 2172 278 2210 ten
305 2171 611 2210 Erkenntnisses
640 2183 661 2208 a
690 2171 809 2221 priori
849 2171 886 2208 in
919 2171 983 2208 die
1012 2172 1220 2209 Elemeute
1248 2172 1320 2209 der
1346 2172 1480 2210 reinen
1510 2169 1699 2210 Verstan-

211 2232 571 2272 denerkenntnil's''.
611 2233 669 2271 De
695 2233 851 2271 nomine
872 2226 1008 2271 et‘fine
1027 2234 1319 2283 Analyticorum
1337 2247 1372 2272 v.
1386 2234 1548 2284 Trdlbg.
1570 2232 1698 2270 Elem.

206 2293 356 2346 logice·
381 2309 419 2346 p.
439 2298 490 2334 4⁴1
511 2310 569 2348 sq.
585 2318 636 2324 —
666 2296 804 2334 Etiam*
822 2309 844 2334 a
874 2296 1075 2335 Brandisio
1092 2296 1248 2342 (Ueber
1267 2298 1331 2335 die
1346 2295 1607 2345 Reihenfolge
1629 2294 1700 2332 der

212 2357 370 2396 Biicher
397 2360 470 2398 des
499 2360 693 2411 organon.
732 2359 863 2398 Abhh.
893 2360 964 2397 der
985 2360 1086 2398 Berl.
1109 2360 1231 2397 Akad.
1255 2361 1366 2397 1833.
1395 2357 1620 2407 Hist.-phi1.
1637 2356 1698 2394 Kl.

206 2432 245 2469 p.
271 2423 348 2459 261
366 2426 446 2462 not.
467 2428 509 2461 et
529 2437 568 2474 p.
591 2425 703 2468 263),
732 2423 796 2472 qui
824 2421 1007 2474 πρότερα
1035 2427 1076 2461 et
1101 2419 1255 2471 ὕστερα
1277 2421 1481 2471 Analytica
1503 2423 1617 2471 putat
1637 2419 1697 2456 in-

208 2484 358 2535 scripta
394 2499 484 2525 esse
515 2487 619 2535 inde,
648 2487 752 2535 quod
770 2486 1004 2524 Aristoteles
1031 2486 1142 2525 Anal.
1172 2490 1272 2537 post.
1290 2484 1333 2531 ΙΙ,
1357 2485 1407 2521 12
1435 2484 1540 2521 dicat
1567 2478 1697 2521 δέδει-

210 2558 307 2586 κται
334 2546 380 2587 δὲ
407 2552 535 2589 τοῦτο
564 2547 610 2589 ἐν
634 2550 726 2595 τοῖς
750 2547 942 2599 πρώτοις,
971 2549 1109 2587 titulus
1122 2544 1370 2587 Ἀναλυτικὰ
1389 2546 1596 2584 Aristoteli
1614 2545 1697 2583 vin-

207 2608 376 2650 dicatur.
412 2612 651 2664 Plerumque
677 2611 861 2663 πρότερα
888 2613 1135 2663 appellantur
1160 2613 1208 2650 ab
1225 2611 1361 2660 intpp„
1390 2609 1456 2646 hic
1477 2609 1557 2646 illic
1577 2608 1696 2647 etiam

204 2671 366 2721 πρῶτα,
394 2687 429 2712 v.
463 2675 621 2726 Philop.
649 2676 689 2714 in
719 2676 844 2714 schol.
865 2677 948 2714 381³
962 2677 999 2712 3.
1040 2673 1268 2725 Gumposeh
1296 2672 1451 2719 (Ueber
1478 2672 1544 2709 die
1572 2670 1696 2720 Logik

204 2734 283 2774 und
309 2735 516 2787 logischen
545 2739 748 2778 Schriften
775 2739 847 2778 des
875 2738 996 2777 Arist.
1034 2737 1131 2788 Lpz.
1163 2738 1284 2781 1839)
1319 2735 1450 2785 priora
1489 2733 1696 2783 Analytica
