1722 3126
454 95 457 98 ⁴
525 92 529 106 ⁴*
561 89 611 123 ij]
842 97 852 112 ”.
864 99 911 125 jgjy',
932 97 977 126 2·ss
993 100 997 111 ,·

584 121 608 135 2¹
856 121 884 137 m*
895 120 992 142 »qd-&4⁴1³

170 187 222 226 16
460 177 462 179 θ
491 171 558 221 ’116
581 184 829 221 codicibus
851 181 1052 228 graecis
1075 181 1266 227 Organi.

171 282 305 316 deesse.
351 258 579 326 Capita-sunt
601 269 748 326 triginta
770 281 919 324 septem.
965 277 1109 312 Initium
1131 277 1217 311 satis
1235 275 1414 321 prolixum
1437 277 1501 308 est.
1533 275 1587 309 De

171 337 390 382 syliogismis
413 338 557 371 brevius
581 337 788 379 disputatur.

203 403 205 405 ·
262 393 470 426 Laui-ent.
495 391 558 434 85,
582 392 604 424 1
635 390 798 424 Oceanus
833 389 944 423 dictus
967 400 1002 422 v.
1027 387 1180 421 Bandini
1203 387 1255 420 111
1277 398 1312 430 p.
1336 384 1404 419 237
1424 396 1499 428 sqq.
1524 384 1589 418 Al-

172 447 306 481 eionius
329 448 363 481 in
381 439 550 480 Giornale
573 446 628 479 de’
651 445 821 478 Letterati
845 445 896 477 111
920 456 954 487 p.
978 443 1034 477 32.
1079 442 1286 488 Magenteni
1305 452 1432 474 nomen
1463 440 1603 489 eadem-

171 514 279 536 manu
302 504 496 536 recentiore
520 502 555 535 in
578 501 695 534 fronte
721 499 1033 542 commentarii-ad
1057 503 1171 542 categ.
1196 498 1309 530 adscr.
1334 500 1409 537 est,
1433 506 1502 539 qua
1525 495 1589 528 fol.

171 557 217 590 70
247 558 422 601 Simplicii
454 568 581 590 nomen
617 556 793 589 adiectum
826 558 888 588 est.
945 555 1056 588 Recte
1079 564 1166 588 vero
1188 551 1315 586 referri
1340 552 1386 584 ad
1408 555 1591 584 auctorem

172 612 333 656 Magent.
360 616 457 655 patet
480 624 499 645 e
524 612 624 645 codd.
649 611 778 644 Pariss.
814 609 999 653 Expositio
1023 609 1104 653 περὶ
1130 609 1204 642 τῶν
1228 604 1484 650 ἀντικειμένων
1505 606 1591 638 brc-

173 666 254 699 vior
285 671 354 699 est:
397 677 467 700 una
506 667 640 711 pagina.
672 667 876 699 continetur.
923 665 1314 708 Postpraedicamenta‚
1354 672 1444 705 quae
1467 660 1590 693 dicun-

173 725 252 762 tur,
284 723 388 765 plane
423 722 674 765 praetermissa
704 724 792 754 sunt.
846 721 954 753 Deest
986 720 1092 764 igitur
1114 719 1198 752 libri
1220 718 1322 758 finis,
1355 718 1431 758 siv-e
1455 713 1592 748 auctori

174 777 244 809 hoc
276 777 501 810 tribuendum
534 780 587 810 est
618 777 694 810 sive
725 776 759 809 ei
799 775 860 818 qui
899 775 1029 808 librum
1059 773 1256 816 descripsit.
1316 772 1451 805 Ultima
1478 770 1591 804 verba

173 832 266 864 hacc
297 836 393 864 sunt:
438 830 601 876 στέρησίς
633 830 729 865 ἐστιν
761 827 784 874 ἦ
815 828 994 872 παντελὴς
1026 828 1154 872 φθορὰ
1185 829 1254 862 τοῦ
1284 827 1405 865 εἴδους
1434 824 1497 859 καὶ
1526 824 1593 867 τῆς

173 884 353 931 ἐνεργείας
388 887 453 930 τῆς
485 885 591 927 ἕξεως
621 883 737 929 ἤγουν
769 884 930 930 ὁράσεως
958 883 1021 917 καὶ
1051 880 1165 925 οἷκοῆς
1198 879 1221 925 ἢ
1253 879 1360 924 ἄλλης
1386 878 1487 919 τινὸς
1518 879 1592 913 τῶν

174 941 396 985 αἰσθήσεων.
455 941 563 974 Pselli
595 940 824 984 paraphrasis
855 939 890 971 in
924 939 1023 971 Anal.
1058 950 1111 981 pr.
1136 938 1199 972 lib.
1227 938 1253 970 1.
1278 937 1422 980 (eadem
1444 935 1535 968 inest
1556 934 1592 967 in

175 997 250 1029 cod.
287 996 401 1029 Paris.
433 995 523 1028 1918
558 995 622 1029 fol.
655 995 845 1037 qni-111)
880 994 969 1026 duas
999 995 1144 1026 lacunas
1176 993 1285 1026 habet
1318 991 1416 1024 haud
1450 999 1591 1033 parvas.

173 1051 341 1084 Laurent.
364 1050 422 1090 71,
446 1049 490 1082 19
514 1050 671 1093 priorem
696 1054 831 1083 tantum
855 1049 1086 1093 paraphrasis
1109 1052 1247 1091 partem
1269 1047 1391 1087 habet,
1421 1056 1490 1088 qua
1513 1044 1593 1089 agi-

178 1111 237 1140 tur
261 1106 304 1138 de
330 1105 442 1138 tribus
466 1106 593 1149 figuris
617 1105 828 1149 syllogismi,
858 1115 970 1147 neque
993 1105 1087 1136 hanc
1109 1104 1304 1147 integram:
1330 1105 1409 1144 post
1435 1100 1499 1133 fol.
1527 1098 1593 1132 106

174 1162 269 1196 enim
286 1172 394 1194 unum
411 1161 535 1194 solium
555 1161 672 1201 deest,
697 1161 788 1203 quod
813 1171 855 1192 ex
875 1160 987 1192 altero
1005 1158 1170 1192 Laurent.
1189 1158 1311 1191 videre
1330 1157 1423 1190 licet.
1469 1155 1592 1198 Neque

174 1216 212 1251 in
235 1215 352 1249 Paris.
378 1215 468 1248 1819
492 1215 632 1259 integra
656 1220 708 1248 est
731 1214 983 1258 paraphrasis,
1014 1214 1075 1246 sed
1099 1224 1213 1256 pauca
1237 1213 1372 1246 desunt.
1417 1212 1594 1254 Interpres

172 1272 440 1315 Analyticorum
477 1282 665 1314 personam
696 1270 894 1303 Aristotelis
924 1269 1046 1302 induit.
1105 1269 1207 1311 Quod
1243 1267 1479 1301 exscriberem
1502 1265 1594 1299 nihil

170 1327 321 1372 dignum
350 1326 479 1358 inveni.

263 1382 478 1415 Laurent.
503 1380 575 1422 31,
597 1380 649 1413 37
676 1384 757 1413 ante
790 1383 906 1424 categ.
938 1379 1050 1412 habet
1079 1379 1254 1422 quaedam
1284 1377 1405 1422 logica
1440 1376 1502 1410 fol.
1526 1374 1594 1409 226

173 1436 258 1483 περὶ
281 1434 630 1480 οἱντιδιαιρουμένων
653 1436 715 1470 καὶ
739 1431 799 1469 ὅτι
823 1432 917 1469 ὀκτώ
943 1434 1074 1478 τρόποι
1097 1434 1321 1479 διαιρετικοί.

262 1488 321 1526 Ἐν
353 1490 491 1536 ἑκάστῳ
521 1490 706 1536 πράγματι
729 1490 884 1535 τέσσαρα
908 1491 1023 1524 ταῦτα
1047 1491 1222 1533 ζητοῦμεν
1244 1488 1308 1532 (cf.
1333 1488 1477 1532 Analyt.
1502 1489 1591 1530 post.

172 1548 218 1582 11.
241 1546 357 1590 init.)‚
393 1546 428 1580 εἰ
450 1545 544 1589 ἔστι,
576 1547 611 1580 τί
635 1545 750 1588 ἐστιν,
777 1542 909 1580 ὁποῖόν
932 1546 968 1579 τί
992 1543 1065 1579 ἐστι
1088 1544 1148 1578 καὶ
1173 1541 1236 1578 διὰ
1261 1545 1297 1577 τί
1319 1542 1427 1578 ἐστιν.
1465 1542 1527 1575 καὶ
1550 1539 1592 1576 τὸ

171 1603 239 1648 μὲν
262 1604 296 1637 εἰ
318 1601 393 1637 ἔστι
417 1602 594 1645 ζητοῦμεν
622 1599 686 1636 διὰ
708 1599 754 1635 τὰ
779 1599 973 1644 λεγόμενα,
1005 1599 1053 1642 μὴ
1081 1595 1171 1634 ὄντα
1194 1598 1252 1647 δέ,
1288 1597 1336 1638 ὥς
1359 1596 1594 1643 τραγέλαφοι,

174 1657 474 1702 ἱπποκένταυροι,
497 1654 539 1691 τὸ
564 1655 604 1690 δὲ
630 1653 667 1690 τί
690 1655 763 1690 ἐστι
789 1654 851 1690 διὰ
875 1653 960 1694 τοὺς
981 1652 1154 1700 ὁρισμούς
1177 1654 1240 1689 καὶ
1263 1654 1326 1689 διὰ
1344 1652 1385 1687 τὸ
1399 1654 1473 1687 τῶν
1489 1655 1594 1696 λεγο-

173 1713 293 1758 μένων
316 1711 360 1747 τὰ
386 1712 451 1756 μὲν
475 1710 796 1756 οἷμφιβαλλομένην
820 1709 910 1754 ἔχειν
933 1709 1025 1754 (ἔχει
1047 1710 1131 1753 ms.)
1155 1707 1223 1752 τὴν
1245 1706 1402 1753 ὕπαρξιν
1427 1707 1476 1747 ὦς’
1497 1704 1594 1742 ἄνα-

175 1779 280 1814 στρος
296 1771 437 1812 σφαῖρα
454 1767 517 1801 καὶ
535 1763 741 1808 ἀντίποδες,
757 1764 803 1800 τὰ
819 1765 858 1800 δὲ
878 1763 1143 1810 ἁναμφίβολον,
1169 1763 1217 1804 ὥς
1236 1762 1444 1809 ἅνθρωπος,
1468 1763 1593 1804 ἵππος,

173 1824 215 1859 τὸ
244 1822 283 1858 δὲ
309 1821 444 1858 ὁποῖόν
466 1824 502 1856 τί
525 1821 600 1856 ἐστι
623 1820 686 1856 διὰ
709 1821 750 1856 τὸ
777 1821 823 1855 τὰ
843 1820 1038 1866 πράγματα
1060 1820 1110 1864 μὴ
1136 1820 1252 1864 μόνον
1275 1822 1462 1854 κοινωνεῖν
1484 1809 1595 1862 cinvi-

174 1881 251 1919 λοις
274 1877 365 1913 ἀλλὰ
389 1877 452 1912 καὶ
476 1876 688 1922 διαφέρειν,
713 1877 775 1911 καὶ
799 1879 990 1911 κοινωνεῖν
1012 1876 1077 1918 μὲν
1101 1872 1194 1909 nato}
1219 1873 1261 1909 τὸ
1284 1874 1386 1918 γένος
1402 1873 1501 1908 καθὸ
1519 1875 1594 1915 ζῶα

174 1933 366 1979 διαφέρειν
389 1932 429 1967 δὲ
460 1932 560 1966 καθὸ
584 1931 631 1966 τὰ
653 1931 720 1975 μὲν
755 1931 880 1976 leym&
921 1930 967 1965 τὰ
991 1930 1032 1965 δὲ
1067 1930 1205 1973 ἄλογα,
1235 1929 1277 1964 τὸ
1305 1928 1344 1964 δὲ
1368 1927 1429 1964 διὰ
1459 1930 1495 1963 τί
1519 1928 1594 1963 ἐστι

175 1990 368 2033 ζητοῦμεν,
398 1984 674 2030 ἓπειδὴποὶντα
698 1985 789 2032 πρός
811 2001 846 2022 τι
869 1986 969 2025 τέλος
991 1984 1104 2030 ὁρῶσι
1126 1985 1188 2019 καὶ
1212 1982 1321 2019 οὐδὲν
1344 1983 1464 2028 μάτην
1487 1980 1593 2028 γεγό-

173 2056 280 2080 νασιν
315 2042 396 2079 οἷον
429 2040 627 2087 ἄνθρωπός
661 2039 736 2075 ἐστι
767 2038 829 2076 διὰ
853 2040 894 2076 τό
919 2042 1101 2084 κοσμῆσαι
1123 2041 1164 2075 τὸ
1189 2042 1265 2075 πᾶν
1288 2040 1351 2075 καὶ
1373 2040 1474 2085 κλίνη
1498 2040 1594 2084 (κλί-

175 2113 231 2136 νει
252 2101 340 2142 ms.)
366 2098 428 2133 διὰ
453 2097 520 2139 τὴν
542 2099 616 2131 τῶν
639 2095 852 2143 ἀνθρώπων
876 2094 1096 2131 ἀνάπαυσιν.

262 2156 365 2188 Haec
389 2154 526 2187 scholia
551 2153 751 2196 conscripta
773 2155 854 2185 sunt
876 2152 950 2185 sine
974 2154 1047 2185 ullo
1071 2152 1204 2185 ordine.
1258 2126 1460 2194 Sequuntur
1484 2161 1610 2194 quae--

175 2211 259 2244 dam
282 2210 524 2252 definitiones,
549 2210 585 2243 εἰ
601 2220 704 2252 σωμα
735 2207 774 2241 αἱ
797 2208 903 2242 πέντε
923 2206 1046 2249 φωναὶ
1079 2204 1101 2251 ἢ
1127 2202 1340 2250 ἀσώματον,
1372 2206 1447 2239 alia
1461 2207 1594 2239 huius-

174 2266 285 2299 modi.
329 2266 360 2298 F
363 2266 408 2299 ol
430 2263 501 2298 294
529 2263 668 2297 initium
690 2264 845 2297 habetur
868 2263 1047 2307 Logicae,
1081 2264 1124 2297 de
1148 2274 1217 2306 qua
1240 2262 1392 2296 diximus
1417 2262 1463 2295 ad
1484 2262 1593 2296 Laur.

175 2321 239 2363 72,
262 2320 295 2354 5.
1516 2344 1518 2348 ,

265 2375 478 2408 Laurent.
509 2373 665 2416 71,10
692 2353 805 2407 habet
835 2374 1044 2419 Magenteni
1074 2384 1210 2407 οοιιιιιι
1232 2373 1267 2406 in
1298 2372 1399 2405 Anal.
1434 2382 1488 2415 pr.
1518 2371 1594 2407 sine

175 2431 330 2465 auctoris
362 2432 514 2464 nomine.
558 2430 792 2468 Praecedunt
823 2441 866 2462 ea
899 2441 990 2472 quae
1021 2441 1093 2463 una
1124 2440 1203 2462 cum
1237 2428 1300 2461 illo
1334 2437 1513 2471 anonyma
1536 2427 1591 2468 ed.

176 2486 313 2519 Zanetti
344 2487 427 2519 Ven.
461 2485 560 2519 1536.
618 2485 791 2528 Equidem
824 2496 1032 2528 persuasum
1064 2485 1182 2518 habeo
1214 2483 1330 2516 eidem
1359 2481 1495 2515 auctori
1525 2482 1600 2515 ista·

176 2551 253 2574 esse
289 2541 499 2583 tribuenda,
531 2541 593 2574 sed
616 2552 660 2574 ne
684 2552 791 2578 unum
814 2540 956 2584 quidem
981 2541 1140 2577 codicem
1161 2539 1256 2581 vidi,
1289 2538 1324 2571 in
1347 2548 1415 2580 quo
1438 2535 1594 2585 auctoris

174 2606 302 2629 nomen
327 2598 544 2641 adscriptum
566 2600 668 2630 esset

264 2651 387 2685 Laur
400 2656 484 2686 ent
513 2652 587 2693 71,
619 2651 683 2686 12.
723 2631 912 2686 Auctorem
941 2650 1159 2687 scholiorum
1191 2649 1228 2682 in
1251 2614 1351 2682 Anal-
1375 2649 1464 2690 post.
1488 2647 1551 2680 lib.
1574 2647 1593 2680 1

174 2707 432 2752 Magentenum
455 2718 533 2742 esse
556 2710 595 2742 ut
617 2707 653 2742 in
677 2708 818 2742 Monac.
841 2707 887 2743 75
923 2708 1114 2748 edocemur
1135 2701 1592 2747 cod.Paris.Reg.1972.

1708 1787 1722 1853 Ξ

1703 1847 1722 1909 1³·-
