1884 3100
653 212 982 249 ΠΡΟΤΕΡΩΝ
1011 209 1574 249 4181

124 312 307 378 γισμός,
338 311 413 359 καὶ
438 310 546 359 πότε
574 315 660 359 τοῦ
691 311 946 373 ἐνδέχεσθαι
977 311 1053 358 καὶ
1087 301 1196 358 πότε
1229 327 1314 357 του
1344 306 1573 369 ὑπάρχειν.

125 385 266 446 δῆλον
305 380 354 427 δὲ
388 380 464 426 καὶ
505 376 570 426 ὅτι
609 378 769 438 πάντες
796 377 973 437 άτελεῖς,
1003 379 1078 426 καὶ
1104 376 1174 426 ὅτι
1200 381 1469 426 τελειοῦνται
1498 375 1573 423 διὰ
1590 395 1624 423 15

124 454 208 498 τοῦ
227 447 412 506 πρώτου
436 446 669 515 σχήματος.

245 514 347 562 Ὅτι
390 516 468 576 μὲν
509 516 595 562 οὐν
638 515 682 560 οἱ
724 513 770 560 ἐν
801 511 977 570 τούτοις
1009 517 1102 569 τοῖς
1132 510 1328 575 σχήμασι
1361 514 1572 573 συλλογι-
1591 511 1654 554 23

125 584 230 644 σμοὶ
263 582 531 629 τελειοῦινταί
550 600 594 628 τε
615 579 688 627 διὰ
711 584 802 627 τῶν
836 581 882 627 ἐν
896 584 958 645 τῷ
978 580 1136 645 πρωτῳ
1158 579 1344 643 σχήιιατι
1359 578 1571 626 καθόλου

124 652 431 711 συλλογισμῶν
460 650 534 694 καὶ
571 650 632 706 εἰς
657 647 849 705 τούτους
878 646 1125 708 άνάγονται,
1160 651 1300 711 δῆλον
1326 648 1371 694 ἐκ
1398 651 1489 694 τῶν
1509 647 1572 693 εἰ·

123 716 344 779 ρημένων·
377 713 446 762 ὅτι
472 714 512 762 δ’
545 714 699 774 ἁπλοῖς
726 719 815 772 πᾶς
848 712 1146 776 συλλογισμὸς
1185 714 1331 772 οὕτως
1358 716 1453 776 ἔχει,
1486 718 1573 761 νῦν
1588 732 1625 759 20

123 784 242 831 ἔσται
271 782 482 844 φανερόν,
510 780 617 831 ὅταν
640 787 796 845 δειχθῇ
816 788 905 842 πᾶς
921 782 1151 846 γινόμενος
1170 781 1245 829 διά
1264 782 1436 829 τούτων
1452 780 1575 840 τινὸς

125 855 212 899 τῶν
235 850 480 912 σχημάτων.

257 916 443 982 Ἀνάγκη
471 914 528 979 δὴ
555 921 704 963 πᾶσαν
737 915 960 974 άπόδειξιν
991 918 1066 964 καὶ
1099 915 1241 964 πάντα
1269 913 1575 978 συλλογισμὸν

124 981 158 1048 ἢ
172 983 374 1046 υπάρχον
394 1004 433 1031 τι
455 1004 484 1047 η
503 982 564 1046 μὴ
584 982 790 1045 ὑπάρχον
814 983 1051 1039 δεικνύναι,
1064 986 1137 1031 καὶ
1155 988 1291 1031 τοῦτο
1315 982 1348 1047 ἢ
1366 983 1575 1031 καθόλου

123 1049 157 1114 ἢ
186 1050 297 1098 κατὰ
326 1053 472 1112 μέρος,
502 1052 559 1097 ἔτι
589 1048 622 1113 ἢ
650 1055 872 1109 δεικτικοῖς
909 1071 938 1115 η
973 1050 1020 1107 ἐξ
1048 1049 1322 1108 ὑποθέσεως.
1364 1055 1451 1098 τοῦ
1471 1050 1511 1098 δ’
1531 1049 1624 1107 ἐξεῡ

123 1117 388 1177 ὑποθέσεως
418 1119 552 1179 μέρος
580 1117 632 1164 τὸ
664 1117 737 1164 διὰ
771 1123 857 1165 τοῦ
874 1117 1114 1165 ἀδυνάτου.
1139 1123 1318 1179 πρῶτον
1337 1112 1425 1165 οὖν
1441 1120 1574 1165 ειπω-

123 1198 201 1247 μεν
229 1188 328 1246 περὶ
355 1191 447 1232 τοῖν
474 1189 722 1232 δεικτικῶν·
765 1185 936 1232 τούτων
966 1184 1050 1247 γὰρ
1083 1186 1346 1246 δειχθέντων
1376 1183 1577 1246 φανερὸν

123 1254 242 1301 ἔσται
266 1256 341 1300 καὶ
372 1254 442 1301 ἐπὶ
474 1256 566 1299 τῶν
597 1255 659 1311 εἰς
691 1251 744 1300 τὸ
779 1252 1005 1300 άδύνατον
1033 1254 1107 1299 καὶ
1141 1250 1255 1311 ολως
1282 1257 1373 1299 τοῖν
1395 1251 1482 1309 ἐξ
1454 1267 1575 1300 υπο-

122 1322 303 1379 θέσεως.

261 1389 323 1434 Εἰ
349 1385 407 1450 δὴ
439 1387 533 1434 δέοι
560 1385 612 1434 τὸ
641 1391 679 1434 Α
700 1384 811 1433 κατὰ
828 1391 915 1433 τοῦ
940 1390 977 1433 Β
998 1383 1411 1449 συλλογίσασθαι
1378 1406 1408 1450 η
1427 1384 1576 1448 ὑπάρ-
1591 1398 1626 1426 3⁰

126 1473 206 1538 χον
242 1453 274 1519 ἢ
304 1453 365 1518 μὴ
397 1453 626 1515 υπάρχον,
667 1453 836 1518 ἀνάγκη
866 1459 1014 1516 λαβεῖν
1046 1474 1087 1501 τι
1103 1454 1222 1501 κατά
1251 1473 1382 1512 τινος.
1430 1455 1468 1500 εἰ
1499 1472 1578 1515 μεν

127 1541 216 1570 ουν
234 1521 286 1570 τὸ
311 1528 349 1569 Α
377 1520 488 1568 κατὰ
515 1527 602 1569 τοῦ
627 1525 666 1568 Β
696 1523 918 1586 ληφθείη,
950 1521 1002 1568 τὸ
1030 1521 1076 1579 ἐξ
1107 1521 1248 1586 ἀρχῆς
1274 1523 1393 1569 εσται
1428 1523 1579 1585 εἰλημ-

127 1590 274 1651 μένον.
340 1591 379 1636 εἰ
415 1591 463 1636 δε
505 1587 618 1636 κατὰ
645 1595 731 1637 τοῦ
764 1594 826 1646 Γ,
856 1588 908 1636 τὸ
938 1591 986 1637 δε
1013 1594 1060 1637 Γ
1084 1589 1197 1637 κατὰ
1223 1589 1440 1653 μηδενός,
1477 1588 1580 1652 μηδ’

128 1655 242 1705 αλλο
271 1656 365 1704 κατ’
394 1657 587 1714 ἐκείνου,
616 1659 726 1720 μηδὲ
758 1656 870 1705 κατὰ
898 1662 983 1705 τοῦ
1014 1663 1052 1706 A
1082 1659 1243 1717 ἕτερον,
1278 1657 1429 1715 οὐδεὶς
1460 1658 1580 1704 εσ-ται

128 1724 452 1788 συλλογισμός·
487 1729 548 1791 τῷ
577 1724 661 1788 γὰρ
686 1727 736 1772 ὲν
764 1724 870 1772 καθ’
904 1723 1004 1782 ἓνός
1031 1730 1268 1811 ληφθῆναι
1296 1725 1431 1773 οὕδεν
1462 1739 1630 1786 συμ-35

129 1794 267 1854 βαίνει
306 1793 352 1849 ἐξ
382 1812 436 1838 αι
439 1811 588 1854 αγκης
646 1791 757 1839 ὥστε
788 1794 1098 1856 προσληπτέον)
1126 1795 1202 1839 καὶ
1231 1794 1382 1852 ἑτέραν
1409 1792 1580 1853 πρότα-

131 1871 215 1907 σιν.
270 1859 346 1907 ἐὰν
375 1879 453 1921 μεν
493 1879 579 1906 ουν
617 1864 777 1922 ληφθῇ
806 1858 856 1906 τὸ
887 1866 924 1907 A
959 1858 1053 1907 κατ’
1088 1859 1230 1907 αλλου
1259 1858 1291 1924 ἢ
1325 1859 1436 1907 ἄλλο
1467 1857 1580 1906 κατὰ

129 1933 213 1974 τοῦ
238 1932 290 1985 A,
320 1948 349 1991 η
373 1926 484 1974 κατὰ
506 1932 590 1974 τοῦ
612 1929 694 1974 Γ
669 1946 830 1989 ετερον,
863 1925 969 1974 εἶναι
999 1947 1078 1989 μεν
1108 1941 1162 1975 61
1159 1926 1416 1989 λλογισιιόν
1446 1927 1582 1975 ουδεν

128 1994 315 2052 κωλύει,
344 1993 461 2054 πρὸς
489 1996 636 2054 ιιέντοι
661 1994 714 2042 τὸ
751 1999 789 2042 Β
826 2014 913 2042 ουκ
944 1996 1062 2042 ἔσται
1091 1994 1165 2042 διὰ
1183 2015 1270 2042 των
1298 1996 1578 2081 εἰληιιμένων.

129 2061 231 2110 οὐδ’
253 2060 359 2110 ὅταν
383 2061 434 2109 τὸ
458 2063 534 2108 Γ
520 2063 671 2128 ετέρῳ,
703 2062 880 2110 minerve
900 2061 1044 2129 ἄλλο),
1076 2065 1149 2109 καὶ
1171 2067 1306 2110 τοῦτο
1327 2064 1480 2128 ετέρῳ,
1515 2061 1577 2127 μὴ
1596 2082 1632 2109 40

129 2130 334 2191 συνάπτῃ
374 2131 421 2177 δε
450 2129 565 2191 πρὸς
593 2129 644 2177 τὰ
679 2134 730 2186 Β,
764 2149 822 2177 οι
812 2129 865 2177 '6'
891 2128 1035 2188 οὕτως
1057 2131 1173 2178 εσται
1192 2130 1310 2190 πρὸς
1330 2130 1382 2178 τὸ
1406 2135 1444 2177 Β
1466 2135 1579 2178 συλ-
1597 2154 1631 2186 p.
1641 2140 1685 2173 41

129 2197 350 2259 λογισμός.
419 2197 535 2255 ὅλως
571 2197 655 2259 γὰρ
694 2199 871 2258 εἴπομεν
902 2196 970 2245 ὅτι
1010 2197 1161 2256 οὐδεὶς
1207 2218 1265 2245 οι
1256 2197 1422 2246 ῗὸέποτε
1462 2199 1581 2245 εσται

131 2263 430 2327 συλλογισμὸς
470 2263 613 2312 ἄλλου
653 2264 746 2311 κατ’
785 2265 928 2313 ἄλλου
963 2265 1025 2329 μὴ
1059 2267 1312 2330 ληφθέντος
1350 2265 1473 2323 τινὸς
1502 2266 1579 2326 με’-

131 2343 244 2390 σου,
286 2330 313 2379 ὃ
355 2331 471 2393 πρὸς
511 2332 715 2391 ἑκάτερον
743 2334 826 2395 ἔχει
862 2351 956 2391 πως
985 2340 1080 2391 ταῖς
1105 2336 1406 2397 κατηγορίαις·
1447 2332 1472 2380 ὃ
1499 2335 1579 2394 μὲν

130 2399 215 2463 γὰρ
261 2399 558 2462 συλλογισμὸς
593 2398 747 2459 ἁπλοῖς
778 2402 827 2448 ἐκ
859 2401 1115 2463 προτάσεων
1157 2403 1292 2460 ἐστιν,
1330 2400 1356 2448 6
1390 2402 1437 2448 δὲ
1466 2399 1612 2463 πρὸςε

225 2583 268 2616 14
285 2580 470 2627 ενδέχεται
492 2584 529 2616 C.
554 2601 600 2608 -
635 2583 676 2616 17
699 2596 769 2617 ουν
784 2595 839 2616 om
857 2583 969 2618 ι1.-
1006 2583 1048 2616 18
1065 2594 1103 2617 τε
1124 2594 1180 2614 om
1198 2582 1307 2624 Adfn.
1334 2602 1378 2608 --
1411 2579 1580 2618 καθόλου

134 2640 171 2661 rc
188 2640 292 2671 supra
311 2641 347 2661 vs
366 2641 401 2662 n.
425 2647 472 2655 -—
498 2630 538 2662 19
556 2627 711 2672 ἄγονται
727 2630 771 2666 A,
802 2642 843 2672 pr
858 2629 891 2663 sl.
923 2648 964 2654 —-
989 2629 1034 2660 24
1053 2629 1102 2671 τι]
1120 2627 1192 2661 τινὶ
1212 2639 1244 2659 n
1274 2646 1315 2652 —-
1341 2629 1385 2661 95
1404 2628 1472 2662 τοῦ
1487 2628 1522 2662 δ’
1544 2626 1581 2671 ἐξ

133 2672 349 2714 ὖποθὲσεως
374 2688 414 2718 pr
431 2687 486 2707 om
503 2687 537 2707 n.
573 2693 618 2700 —-
652 2675 695 2707 26
715 2673 827 2730 μέρος
842 2672 917 2708 ἐστὶ
942 2671 984 2707 τὸ
1012 2674 1072 2707 Cn.
1107 2691 1150 2698 —
1184 2671 1243 2713 τὸ]
1264 2670 1282 2705 ὃ
1300 2675 1335 2716 f.
1364 2693 1405 2699 —
1439 2674 1506 2708 τοῦ
1523 2686 1580 2708 om

141 2720 208 2754 Vnt
205 2721 294 2776 2⁸:¹99
319 2739 362 2745 —
386 2721 431 2776 37
448 2733 514 2754 του
519 2733 592 2754 των
608 2717 678 2764 γὰρ
697 2719 863 2762 δειχθέντ
849 2732 920 2753 των
940 2731 995 2751 om
1015 2720 1050 2751 C.
1072 2738 1111 2744 —
1139 2719 1182 2752 30
1199 2717 1285 2760 δεῙ.
1308 2737 1349 2746 —
1376 2717 1414 2764 ἤ]
1434 2718 1523 2763 mes.
1536 2739 1582 2746 ·-

136 2760 223 2799 31
199 2778 222 2810 η
246 2764 294 2807 μὴ
316 2764 488 2821 υηάρχον
506 2779 560 2799 om
582 2779 621 2822 pr
640 2768 682 2801 A.
702 2785 744 2790 -—
764 2767 807 2799 83
826 2764 865 2799 δε
883 2763 923 2799 τὸ
950 2777 974 2798 α
992 2761 1088 2798 κατὰ
1110 2765 1147 2797 C.
1167 2785 1210 2792 —
1233 2765 1277 2798 35
1296 2762 1338 2799 τὸ
1364 2767 1400 2810 C,
1419 2768 1518 2811 prA

225 2809 316 2846 41³2
332 2808 442 2858 ολως]
458 2813 525 2848 τοῦ
541 2825 577 2847 α
593 2809 686 2853 ἅλως
705 2813 788 2855 Rfu.
812 2830 858 2838 —-
881 2810 1040 2855 εἴπωμεν
1056 2822 1099 2856 pr
1118 2811 1160 2852 A,
1185 2822 1266 2844 corr
1285 2811 1331 2845 Β.
