1884 3100
701 205 1003 252 categoriae.
1528 203 1610 245 285

144 306 248 348 καθ’
277 301 482 347 ἕκαστον·
520 305 652 346 τοῦτο
678 302 764 357 γὰρ
789 299 986 358 ἤόύσία.
1041 303 1220 344 644ε24
1247 300 1392 344 οὐσίαι
1417 300 1499 354 μέν
1528 301 1610 344 εἰσι

143 369 197 412 τὰ
223 369 376 424 ἔσχατα
402 369 510 422 εἴδη,
538 372 676 411 ταῦτα
702 367 750 411 δὲ
776 366 886 410 κατὰ
912 368 962 410 τὸ
990 363 1106 417 εἶδος
1132 366 1366 421 ἀδιάφορα,
1394 360 1492 408 οἷον
1511 369 1627 423 Em·-

145 435 302 489 κράτης
331 434 569 487 Κορίσκος,
610 435 753 487 quibus
790 440 1047 486 opponuntur
1083 434 1123 473 in
1158 446 1270 485 seqq.
1305 431 1359 474 τὰ
1392 431 1608 474 καθόλου.

146 503 292 541 11988
326 498 521 553 φανερὸν
558 493 641 539 οὖν
677 496 742 538 ὅτι
781 496 835 538 οὐ
872 495 1026 538 δοτέον
1061 496 1159 538 τόδε
1197 511 1239 538 τι
1265 493 1376 539 εἶναι
1402 494 1452 539 τὸ
1479 500 1608 550 κοινῇ

144 564 526 616 κατηγορούμενον
554 560 621 603 ἐπὶ
647 566 794 609 πᾶσιν,
822 561 913 602 ἀλλ’
942 563 1038 615 ἤτοι
1064 561 1195 603 ποιὸν
1221 561 1248 616 ἢ
1276 562 1385 614 πρός
1410 575 1451 604 τι
1477 561 1505 616 ἢ
1532 574 1609 603 πο-

143 627 223 669 σὸν
249 627 276 680 ἢ
304 629 392 669 τῶν
419 628 632 669 τοιούτων
659 641 700 667 τι
727 626 966 680 σημαίνειν,
995 627 1048 666 cf.
1074 630 1135 668 3b
1152 630 1200 666 13
1223 641 1335 679 seqq.
1374 628 1470 668 inde
1497 628 1609 667 vide-

143 698 208 733 tur
221 693 505 745 ‘expiicandum
523 692 628 744 quod
646 692 842 731 dubitavit
856 692 1022 743 Trdlbg.
1043 692 1094 730 de
1111 705 1172 732 an.
1194 695 1338 744 p.32·1.
1376 691 1481 731 Dicit
1502 691 1611 731 enim

142 756 383 797 Aristoteles
407 757 544 796 10281)
557 758 608 795 34
636 754 801 808 λέγεται
823 755 862 797 δ’
884 755 915 810 ἡ
934 755 1076 805 οὐσία,
1097 755 1133 796 εἰ
1150 755 1210 809 μὴ
1233 756 1493 809 πλεοναχῶς,
1517 754 1609 796 ἀλλ’

143 818 192 861 ἐν
217 818 410 873 τέτταρσί
434 834 483 873 γε
509 819 700 872 μάλιστα.
738 818 812 861 καὶ
837 819 920 874 γὰρ
949 820 998 862 τὸ
1025 820 1066 862 τί
1091 815 1148 874 ἦν
1175 816 1287 862 εἶναι
1314 818 1387 862 καὶ
1407 819 1457 861 τὸ
1475 818 1610 861 καθό-

143 886 225 926 λου
263 884 337 925 καὶ
371 884 421 926 τὸ
458 883 585 937 γένος
621 884 748 925 οὐσία
787 885 908 927 δοκεῖ
942 881 1054 927 εἶναι
1092 884 1274 927 ἑκάστου
1302 883 1375 927 καὶ
1400 882 1608 937 τέταρτον

143 949 313 991 τούτων
338 949 387 991 τὸ
414 948 713 1001 ὑποκείμενον.
770 950 1031 1002 Quadruplex
1057 952 1137 990 hoc
1163 953 1253 991 loco
1289 952 1438 991 dicitur
1466 949 1608 999 οὐσία,

142 1015 264 1067 quium
292 1015 343 1053 iis
370 1015 485 1064 locis,
514 1027 615 1066 quos
645 1028 767 1065 supra
783 1015 1086 1066 adscripsimus,
1115 1015 1262 1067 triplex
1282 1016 1346 1055 sit.
1389 1016 1516 1055 caute
1536 1028 1607 1055 au·

141 1084 224 1118 tem
254 1078 354 1117 dixit
379 1074 545 1129 λέγεται
572 1084 615 1117 et
642 1076 782 1126 δοκεῖ,
810 1091 887 1118 non
915 1075 1024 1119 ἔστω
1067 1091 1208 1118 revera
1237 1079 1343 1118 enim
1371 1077 1401 1132 ἦ
1428 1076 1609 1130 δευτέρα

142 1140 269 1184 οὐσία
297 1141 367 1189 (τὸ
393 1141 588 1183 καθόλου
616 1140 690 1182 καὶ
715 1141 764 1183 τὸ
792 1141 938 1194 γένος)
965 1156 1043 1183 non
1073 1147 1135 1182 est
1158 1141 1300 1191 οὐσία,
1328 1145 1491 1183 tertiam
1513 1155 1611 1184 vero

142 1205 310 1254 οὐσίαν,
339 1220 458 1258 quam
489 1208 690 1246 10432118
719 1213 759 1246 et
786 1210 840 1247 28
879 1204 961 1259 τὴν
997 1206 1146 1260 τρίτην
1182 1212 1302 1247 vocat
1334 1205 1408 1247 καὶ
1443 1205 1525 1260 τὴν
1564 1205 1613 1248 ἐκ

140 1271 309 1313 τούτων
325 1268 388 1320 (ἐξ
402 1268 508 1323 ὕλης
529 1272 654 1310 intell.
674 1268 747 1311 καὶ
756 1269 936 1319 εἴδους),
963 1284 1041 1310 non
1063 1272 1291 1319 nominavit,
1320 1273 1410 1323 quia
1434 1284 1514 1312 non
1531 1272 1612 1312 nisi

141 1350 279 1376 earum
302 1337 542 1375 mentionem
562 1336 728 1384 faceret,
742 1349 847 1387 quae
861 1338 909 1376 ab
926 1335 1110 1375 omnibus
1120 1336 1251 1374 vocari
1265 1336 1444 1375 solerent
1456 1334 1612 1378 οὐσίαι.

142 1401 436 1453 comprobatur
474 1399 580 1451 quod
609 1399 778 1439 diximus
807 1400 898 1439 coil.
927 1400 1100 1439 1138b2
1127 1396 1292 1451 λέγεται
1318 1398 1356 1440 δ’
1387 1396 1528 1452 ὥσπερ
1557 1398 1610 1442 τὸ

141 1463 426 1516 ὑποκείμενον
465 1462 593 1503 οὐσία
627 1459 738 1504 εἶναι
774 1462 847 1504 καὶ
884 1462 933 1504 τὸ
970 1463 1011 1503 τί
1035 1457 1092 1516 ἦν
1117 1458 1229 1504 εἶναι
1254 1461 1331 1504 καὶ
1355 1463 1404 1506 τὸ
1433 1462 1480 1506 ἐκ
1506 1465 1610 1506 τού-

140 1542 229 1569 των
254 1527 328 1569 καὶ
352 1527 401 1568 τὸ
429 1527 638 1568 καθόλου.
691 1525 790 1580 περὶ
824 1526 904 1580 μὲν
942 1522 1024 1568 οὖν
1058 1530 1153 1568 τοῖν
1194 1527 1324 1569 δυοῖν
1358 1528 1522 1583 εἴρηται
1539 1561 1548 1571 .
1570 1561 1580 1571 .
1597 1561 1608 1571 .

139 1592 262 1634 δοκεῖ
282 1590 329 1633 δὲ
357 1589 430 1633 καὶ
455 1591 504 1633 τὸ
531 1591 727 1633 καθόλου
756 1591 895 1634 αἴτιόν
920 1601 1033 1634 τισιν
1059 1587 1172 1633 εἶναι
1198 1592 1381 1645 μάλιστα
1399 1593 1474 1635 καὶ
1496 1589 1610 1636 εἶναι

139 1656 248 1710 ἀρχὴ
270 1656 319 1698 τὸ
346 1656 544 1698 καθόλου
559 1670 570 1680 ·
599 1655 667 1697 διὸ
691 1654 941 1710 ἐπέλθωμεν
962 1656 1036 1698 καὶ
1053 1655 1148 1709 περὶ
1169 1657 1343 1699 τούτου.
1371 1659 1432 1700 ΙΙ).
1453 1662 1505 1698 35
1528 1673 1610 1712 φα-

141 1721 274 1774 νερὸν
312 1719 378 1762 ὅτι
417 1720 553 1762 οὐθὲν
580 1721 668 1760 τῶν
696 1722 892 1762 καθόλου
917 1721 1202 1774 ὑπαρχόντων
1231 1722 1358 1763 οὐσία
1386 1719 1498 1774 ἐστί,
1535 1722 1609 1765 καὶ

140 1784 207 1828 ὅτι
234 1784 372 1827 οὐθὲν
399 1785 596 1839 σημαίνει
622 1785 710 1826 τῶν
736 1790 863 1839 κοινῇ
892 1784 1283 1839 κατηγορουμένων
1299 1786 1399 1828 τόδε
1415 1800 1472 1835 τι,
1499 1786 1609 1830 ἀλλὰ

141 1850 323 1892 τοιόνδε.

87 1919 207 1956 2³20
234 1915 364 1967 Hegei
388 1914 435 1961 (Ι.
457 1927 490 1954 c.
507 1916 684 1966 p.40·1):
708 1915 841 1965 „Vom
863 1916 1243 1967 Untergeordneten
1264 1916 1365 1956 wird
1381 1916 1510 1957 Name
1525 1918 1606 1958 und

139 1979 388 2021 Verhffltniss
418 1978 578 2030 (λόγος,
608 1979 808 2031 Gattung)
839 1980 912 2019 des
940 1981 1218 2032 Aligemeinen
1245 1981 1520 2032 praedicirt'’;
1557 1977 1608 2023 τὸ

139 2040 211 2085 καὶ
237 2044 433 2094 τοῦνομα
460 2041 534 2084 καὶ
568 2042 646 2083 τὸν
679 2043 814 2096 λόγον
840 2046 1177 2096 κατηγορεῖσθαι
1214 2049 1278 2084 est
1315 2045 1423 2096 quod
1463 2059 1608 2087 vocare

140 2110 245 2148 solet
270 2104 394 2148 τὸ-ἐν
420 2111 479 2158 τῷ
506 2106 547 2148 τί
574 2104 661 2148 ἐστι
686 2104 1035 2162 κατηγορεῖσθαι.
1095 2111 1244 2149 12286
1271 2107 1414 2148 πάντα
1440 2107 1524 2161 γὰρ
1553 2107 1606 2151 τὰ

139 2168 282 2212 ἐπάνω
309 2169 411 2223 γένη
440 2174 776 2225 κατηγορεῖσθαι
804 2172 871 2213 δεῖ
894 2176 975 2214 τοῦ
1004 2172 1149 2221 εἴδους
1176 2171 1224 2214 ἐν
1251 2176 1310 2224 τῷ
1332 2172 1374 2212 τί
1392 2170 1520 2222 ἐστιν,
1548 2174 1604 2216 cf.

142 2237 328 2284 102232,
357 2248 474 2286 quem
502 2236 632 2275 locum
663 2238 949 2289 adscripsimus
972 2239 1022 2276 ad
1045 2240 1182 2277 1b16.
1223 2237 1334 2276 Idem
1356 2238 1476 2276 etiam
1498 2238 1605 2278 nude

141 2300 370 2352 appellatur
396 2301 729 2351 κατηγορεῖσθαι
766 2313 889 2341 sensu
924 2302 1090 2354 proprio
1118 2303 1264 2339 83:114
1293 2299 1330 2340 εἰ
1356 2297 1408 2354 δὴ
1438 2300 1507 2341 δεῖ
1529 2314 1604 2343 νο-

140 2365 389 2417 μοθετῆσαι,
405 2360 511 2404 ἔστω
532 2362 580 2404 τὸ
599 2361 712 2403 οὕτω
724 2362 863 2416 λέγειν
882 2366 1152 2418 κατηγορεῖν,
1164 2364 1213 2404 τὸ
1226 2363 1265 2404 δ’
1279 2361 1450 2413 ἐκείνως
1461 2366 1517 2413 (si
1530 2379 1602 2407 no-

139 2443 231 2469 men
254 2429 413 2481 quidem
438 2429 705 2480 praedicatur,
727 2441 793 2468 res
815 2442 922 2477 vero,
958 2443 1074 2481 quam
1098 2430 1308 2482 significat,
1336 2442 1415 2469 non
1441 2430 1602 2481 praedi-

139 2497 272 2540 catur)
293 2493 390 2545 ἤτοι
412 2492 621 2545 μηδαμῶς
642 2494 910 2545 κατηγορεῖν,
933 2491 961 2545 ἢ
983 2495 1242 2545 κατηγορεῖν
1262 2490 1342 2544 μὲν
1365 2490 1423 2545 μὴ
1445 2490 1604 2546 ἁπλῶς,

139 2555 247 2599 κατὰ
269 2556 540 2610 συμβεβηκὸς
557 2555 603 2597 δὲ
622 2549 887 2610 κατηγορεῖν.
902 2580 956 2586 ——-
979 2557 1086 2597 Dicit
1106 2557 1347 2597 Aristoteles
1372 2563 1412 2597 et
1425 2571 1603 2611 κατηγο·

140 2623 309 2673 ρεῖσθαι
322 2620 440 2670 τινὸς
460 2629 500 2662 et
516 2620 624 2663 κατὰ
641 2621 758 2669 τινὸς
775 2629 819 2662 et
837 2617 906 2662 ἐπὶ
926 2620 1044 2668 τινὸς
1069 2623 1199 2668 (122α
1211 2623 1276 2668 31,
1294 2623 1434 2670 2ο29ς
1453 2625 1603 2664 12158

141 2682 203 2726 ἐπ’
231 2685 340 2727 ἰ’σων
365 2686 546 2740 λέγεται)
577 2693 616 2727 et
643 2684 742 2738 περὶ
764 2684 881 2734 τινὸς
907 2687 1121 2732 (107825)
1145 2690 1185 2724 et
1205 2681 1275 2724 ἐπὶ
1292 2684 1600 2734 τινί(179ιθ)ε

142 2763 264 2802 quare
290 2754 451 2802 999217,
481 2754 618 2791 1000a
636 2754 659 2789 1
688 2751 736 2792 τὸ
764 2747 834 2791 ἐπὶ
858 2748 1025 2790 τούτων
1053 2750 1160 2788 idem
1186 2754 1250 2789 est
1277 2750 1383 2802 quod
1404 2748 1454 2791 τὸ
1474 2750 1602 2804 γένος

141 2814 204 2855 vel
231 2810 279 2855 τὸ
304 2815 695 2870 κατηγορούμενον,
723 2816 877 2857 87b31
903 2813 952 2855 τὸ
980 2811 1027 2855 δὲ
1054 2812 1253 2855 καθόλου
1273 2811 1347 2856 καὶ
1365 2811 1436 2856 ἐπὶ
1453 2818 1600 2858 πᾶσιν.
