1794 3086
620 201 878 247 Analytica
907 199 1074 245 priora.
1525 200 1606 241 457

144 312 382 355 quacunque
401 299 476 339 alia
494 299 649 340 ratione
675 299 846 340 alterum
873 300 926 340 de
951 299 1079 339 altero
1105 296 1372 350 praedicatur.
1409 298 1606 351 Exempla

144 378 182 407 v.
209 366 359 405 22:12
395 376 457 415 sq.
494 368 538 403 et
565 376 666 416 quae
692 363 757 403 his
783 367 878 403 sunt
904 363 1074 403 similia:
1113 375 1203 403 nam
1230 362 1283 402 de
1310 362 1454 402 decem
1482 376 1605 415 gene-

143 430 256 470 ribus
283 429 575 492 categoriarum
602 441 684 468 non
710 427 964 479 cogitandum
992 439 1085 467 esse
1110 439 1187 480 per
1214 438 1260 466 se
1285 425 1535 480 intelligitur.

200 545 300 599 Cap.
327 545 397 584 30.
425 545 806 598 Demonstrationis
843 543 1125 584 inveniendae
1161 545 1276 583 ratio
1315 543 1436 584 modo
1475 558 1604 598 espo-

91 610 177 649 sita
206 607 264 650 ad
291 622 431 649 omnes
458 614 572 648 artes
601 613 643 647 et
671 607 918 660 disciplinas
939 609 1154 660 pertinet,
1183 621 1359 662 quarum
1386 622 1605 662 unaquae-

91 686 175 726 que
203 672 471 739 experientia
499 670 649 711 edocta
685 670 1055 711 demonstrationis
1086 673 1303 726 principia
1329 673 1607 727 suppeditare

91 735 227 786 debet,
251 749 305 775 ea·
323 736 469 790 quibus
496 748 605 789 quae
633 740 938 790 consequantur
959 738 1212 803 patefacere
1239 736 1461 778 doctrinae
1482 737 1604 778 Ana-

92 800 251 853 Iyticae
274 801 535 854 propositum
564 804 636 838 est.

199 885 331 926 Docet
366 886 444 925 hoc
483 886 614 938 capite
640 885 878 925 Aristoteles
920 886 1073 936 logicae
1100 898 1217 925 usum
1247 898 1339 925 esse
1365 885 1537 926 eundem
1566 886 1606 926 in

94 950 278 991 omnibus
314 951 466 990 artibus
506 954 549 989 et
587 949 829 1001 disciplinis,
866 949 1039 990 eundem
1065 950 1107 989 in
1131 950 1254 990 rebus
1282 949 1388 988 veris
1416 954 1536 1003 atque
1564 951 1606 991 in

91 1014 208 1054 falsis
235 1013 297 1053 vel
325 1014 446 1052 etiam
473 1014 514 1052 in
543 1013 724 1061 incertis,
753 1014 846 1064 quia
874 1014 1001 1065 logica
1027 1026 1105 1053 non
1132 1026 1200 1053 res
1226 1014 1351 1066 ipsaS,
1379 1014 1451 1053 sed
1478 1015 1605 1055 ratio-

91 1090 183 1117 nem
213 1082 255 1117 et
280 1078 385 1116 viam
413 1082 598 1129 exponat,
640 1090 718 1128 qua
745 1077 1083 1129 progrediendum
1111 1077 1164 1117 sit
1191 1078 1241 1116 ab
1269 1078 1396 1118 altero
1424 1079 1476 1118 ad
1502 1079 1605 1119 alte-

91 1154 182 1182 rum
221 1141 391 1180 termino
418 1132 564 1180 'medio
592 1141 851 1192 interposito:
879 1141 1001 1180 docet
1027 1142 1148 1193 igitur
1173 1146 1301 1181 artem
1330 1142 1498 1193 logicam
1526 1155 1605 1184 non

90 1206 293 1256 pertinere
310 1204 359 1243 ad
382 1217 448 1244 res
472 1217 574 1256 quae
594 1204 922 1244 demonstrationi
946 1205 1154 1244 subiectae
1173 1205 1254 1245 sint
1274 1202 1344 1252 (ad
1361 1207 1605 1259 materiam),

92 1268 166 1308 sed
193 1269 243 1308 ad
269 1268 399 1319 ipsam
428 1269 726 1308 demonstrandi
755 1269 946 1308 rationem
976 1269 1047 1315 (ad
1075 1269 1283 1316 formam).

93 1334 214 1371 4625
241 1331 380 1371 Invitis
422 1333 627 1371 codicibus
664 1333 764 1374 Bkk.
793 1333 907 1373 dedit
935 1334 1154 1373 lectionem
1181 1333 1410 1384 vulgarem:
1438 1347 1511 1375 nos
1538 1347 1607 1374 co·

145 1395 278 1435 dicum
317 1396 595 1435 auctoritatem
631 1396 762 1436 secuti
801 1397 1066 1448 praetulimus
1094 1393 1319 1449 ἑκάτερονε
1353 1411 1445 1438 nam
1474 1411 1609 1439 sermo

145 1464 210 1499 est
236 1460 288 1499 de
315 1460 498 1499 subiecto
537 1465 578 1499 et
605 1460 838 1512 praedicato
867 1462 1147 1512 conclusionis,
1177 1476 1281 1514 quae
1310 1475 1433 1514 supra
1460 1463 1608 1502 litteris

146 1524 190 1564 A
219 1528 260 1563 et
286 1524 330 1563 E
354 1528 490 1563 notata
517 1530 624 1565 suut.
680 1524 794 1574 Quae
822 1526 1126 1576 praedicentur,
1154 1527 1305 1577 inquit,
1343 1527 1396 1566 de
1425 1527 1608 1567 subiecto

145 1592 189 1627 et
225 1587 277 1626 de
314 1588 547 1638 praedicato
587 1587 854 1628 conclusionis
891 1593 934 1628 et
961 1588 1012 1629 de
1041 1590 1185 1642 quibus
1212 1591 1301 1644 ipsa
1328 1590 1610 1643 praedicentur

145 1650 416 1703 investiganda
444 1655 548 1690 sunt.

94 1717 219 1755 4628
246 1712 293 1755 ἐκ
318 1714 406 1754 τῶν
432 1714 524 1754 κατ’
549 1744 558 1754 .
581 1743 591 1754 .
609 1743 633 1764 .,
664 1716 704 1755 h.
726 1728 761 1756 e.
791 1713 839 1756 ἐκ
860 1715 948 1757 τῶν
973 1715 1357 1771 διαγεγραμμένων
1384 1716 1490 1759 ὥστε
1516 1719 1610 1759 κατ’

149 1776 359 1831 ἀλήθειαν
385 1776 603 1829 ὑπάρχειν,
632 1792 680 1819 ex
707 1780 756 1819 iis
785 1793 889 1831 quae
916 1781 973 1820 ita
1000 1782 1206 1834 descripta
1235 1784 1472 1835 (disposita)
1501 1787 1611 1832 sunt,

147 1847 194 1882 ut
226 1843 386 1882 veritati
419 1843 666 1883 conveniant.
728 1844 947 1884 infinitivus
984 1843 1191 1899 ὑπάρχειν
1226 1848 1379 1898 pendet
1419 1860 1443 1886 e
1471 1845 1612 1898 διαγε-

147 1903 426 1959 γραμμένωνι
464 1921 554 1946 nam
592 1907 668 1946 alia
704 1908 809 1947 ratio
848 1913 911 1947 est
936 1910 1119 1949 infinitivi
1148 1908 1334 1961 ἐκλέγειν
1361 1923 1420 1950 vs·
1448 1912 1513 1960 16,
1542 1912 1611 1951 ubi

146 1971 282 2024 pergit
319 1971 360 2010 in
387 1972 614 2022 praeceptis
643 1983 744 2022 quae
772 1972 989 2024 interrupit
1015 1987 1071 2013 vs.
1101 1976 1166 2017 10.
1222 1973 1403 2014 Verbum
1433 1973 1610 2026 διαγρά-

146 2047 248 2087 φειν
274 2047 297 2073 a
323 2034 616 2074 mathematicis
644 2035 813 2087 petitum
842 2039 928 2075 est:
966 2039 1126 2078 termini
1162 2039 1268 2078 enim
1297 2043 1338 2078 et
1364 2040 1610 2092 propositio-

147 2112 220 2139 nes
257 2096 330 2145 (τὰ
357 2096 639 2150 διαστήματα)
681 2099 741 2138 sic
777 2100 952 2140 ordinari
979 2102 1126 2142 debent
1153 2107 1194 2143 et
1221 2104 1324 2142 inter
1352 2116 1398 2142 se
1426 2104 1610 2155 coniungi

147 2167 194 2202 ut
219 2162 398 2214 postulat
423 2162 713 2201 demonstratio
741 2176 845 2215 quae
872 2177 922 2204 ex
948 2165 997 2205 iis
1025 2167 1272 2206 conficienda
1301 2171 1376 2206 est.

95 2227 246 2265 4fialo
274 2224 321 2265 αἱ
355 2222 482 2277 α’ρχαὶ
513 2225 602 2265 τῶν
635 2227 935 2279 συλλογισμῶν
973 2234 1066 2270 sunt
1101 2231 1399 2283 propositiones
1427 2231 1482 2270 ita
1510 2243 1608 2270 con-

149 2290 309 2330 iunctae
326 2303 400 2341 per
419 2290 594 2329 medium
611 2291 840 2342 terminum,
868 2298 913 2332 ut
939 2306 989 2333 ex
1016 2294 1066 2333 iis
1094 2295 1164 2334 fiat
1190 2295 1457 2346 syllogismus.
1485 2295 1608 2334 88b4

149 2351 276 2406 ἀρχαὶ
301 2351 379 2407 μὲν
405 2351 489 2405 γὰρ
519 2352 565 2393 αἱ
589 2354 828 2405 προτάσεις,
857 2357 911 2396 cf.
943 2359 1156 2406 13942128,
1184 2360 1348 2406 43a21,
1374 2360 1476 2399 1236.
1506 2359 1607 2398 Sen-

149 2431 241 2458 sum
279 2418 407 2471 magis
444 2419 591 2470 premit
617 2419 686 2458 ubi
713 2420 832 2460 dicit:
870 2420 977 2475 ἀρχὴ
1015 2421 1054 2462 δ’
1083 2420 1197 2462 ἔστιν
1225 2421 1478 2473 ἀποδείξεως
1503 2422 1608 2474 πρό-

148 2490 268 2530 τασις
294 2483 464 2534 ἄμεσος.
501 2486 636 2532 7237,
665 2483 717 2523 ib.
746 2484 809 2524 36.
839 2489 983 2526 waal
1009 2484 1118 2539 λέγω
1147 2486 1185 2527 δ’
1214 2486 1346 2540 αρχὰς
1373 2486 1420 2529 ἐν
1447 2484 1609 2543 ἓκαστῳ

147 2546 261 2600 γένει
287 2546 464 2597 ταύτας,
494 2547 545 2595 ἃς
573 2545 639 2587 ὅτι
665 2545 752 2588 ἔστι
779 2547 836 2602 μὴ
865 2547 1075 2604 ἐνδέχεται
1104 2550 1246 2601 δεῖξαι.
1282 2555 1409 2593 77b5
1437 2551 1533 2604 περι
1562 2551 1609 2594 δὲ

147 2612 238 2653 τῶν
270 2611 414 2665 αρχῶν
449 2611 580 2664 λόγον
619 2610 698 2665 οὐχ
723 2610 931 2666 ὖφεκτέον
958 2620 1016 2668 τῷ
1043 2614 1272 2694 γεωμέτρῃ,
1300 2610 1328 2669 ᾗ
1355 2615 1608 2670 γεωμέτρης.

152 2678 303 2717 88627
333 2675 378 2717 αἱ
402 2675 486 2729 γὰρ
527 2674 654 2729 α’ρχαὶ
692 2676 853 2730 διτταί,
889 2677 931 2730 ἐξ
968 2671 1031 2721 ὧν
1070 2694 1114 2722 τε
1149 2679 1222 2722 καὶ
1248 2680 1343 2735 περὶ
1370 2681 1418 2723 ὅ·
1459 2680 1506 2723 αἱ
1529 2681 1610 2734 μὲν

153 2733 236 2781 οὖν
261 2738 305 2791 ἐξ
329 2731 394 2781 ὧν
422 2741 588 2791 κοιναί,
628 2740 675 2782 αἱ
708 2740 755 2783 δὲ
793 2741 890 2795 περὶ
928 2741 951 2786 ὃ
986 2744 1104 2787 ἴδιαι.
1171 2746 1231 2786 De
1258 2760 1335 2787 usu
1361 2748 1471 2788 vocis
1499 2744 1609 2800 ἀρχὴ

156 2805 263 2858 apud
290 2806 553 2848 Aristotelem
590 2819 628 2848 v.
658 2806 824 2859 Trdlbg.
859 2810 912 2852 de
938 2811 1475 2864 auim.p.187.1012a34
1501 2809 1611 2865 αρχὴ
