1734 3100
171 196 252 234 49ss
699 195 945 239 analytica
977 194 1141 238 priora.

226 305 320 331 usus
357 296 464 332 esset
491 292 723 332 Aristoteles
757 291 823 331 ubi
856 290 907 329 de
938 290 1082 329 talibus
1117 290 1352 342 syllogismis
1370 290 1473 343 agit,
1502 289 1536 328 si
1562 290 1647 340 ipse

227 367 326 394 novo
362 368 480 395 sensu
516 356 555 393 in
590 354 760 404 linguam
798 365 976 403 graecam
1014 365 1100 390 eam
1139 352 1376 392 induxisset:
1414 354 1492 391 imo
1527 351 1647 390 alium

227 431 387 456 sensum
415 419 535 456 habet
559 414 959 466 προσλαμβάνεσθαι
985 416 1154 462 58b27,
1182 417 1264 453 59a
1278 418 1328 454 12
1349 419 1389 454 et
1408 418 1479 455 22:
1507 414 1648 452 dicitur

227 481 331 518 enim
366 480 416 518 de
452 480 720 530 propositione
755 491 854 528 quae
881 491 1067 517 conversa
1100 478 1284 526 sumitur,
1313 489 1545 527 quamquam
1571 488 1649 514 non

227 554 413 581 conversa
444 542 533 580 data
569 542 635 580 sit.
695 540 876 579 Eundem
913 553 1069 580 sensum
1102 540 1213 578 verbi
1251 539 1651 590 προσλαμβάνεσθαι

227 606 305 642 iam
332 601 538 642 habuimus
565 605 722 642 42a34.
766 603 904 654 Neque
930 603 1136 652 Philoponi
1162 604 1395 641 auctoritate
1421 602 1540 640 lectio
1565 601 1650 638 vul-

225 667 330 716 garis
352 666 512 704 defendi
540 667 705 716 poterit:
734 679 821 704 nam
850 666 952 717 quod
981 665 1117 704 adiicit
1145 666 1287 711 (schol.
1318 667 1502 710 190a31)
1532 662 1568 703 εἰ
1592 660 1650 714 μὴ

227 730 310 780 ἄρα
330 726 399 768 διὰ
421 728 694 780 προσλήψεως
713 729 852 777 πάλιν,
873 741 921 767 ex
944 741 992 767 eo
1021 728 1180 766 minime
1207 727 1339 766 licebit
1366 727 1522 774 elicere,
1546 727 1651 777 quod

228 792 267 831 in
294 796 478 831 contextu
515 793 661 842 aliquid
698 793 879 831 habuerit
905 792 955 829 de
980 789 1234 841 προσλήψει,
1263 789 1456 838 siquidem
1485 794 1526 827 et
1552 789 1652 827 haec

228 855 347 893 verba
383 858 424 892 et
458 867 556 905 quae
582 855 776 893 habentur
800 854 922 892 schol.
951 854 1122 891 190a40
1149 850 1253 891 ἀλλὰ
1281 849 1350 891 διὰ
1377 850 1648 903 προσλήψεως

227 916 338 968 μόνη
361 915 390 968 ἡ
412 914 591 956 ἐλάττων
618 915 831 956 δείκνυται
858 915 1067 965 Philoponi
1093 915 1324 954 sententiam
1353 915 1573 966 exprimere
1598 915 1653 953 vi-

229 981 395 1028 dentur,
423 979 570 1029 quippe
597 992 698 1028 quae
725 992 800 1017 non
829 978 1046 1025 addiderit,
1075 982 1118 1016 ut
1145 978 1397 1016 Aristotelem
1426 977 1653 1028 explicaret,

230 1042 300 1081 sed
330 1045 374 1080 ut
401 1042 503 1092 quod
533 1042 583 1080 de
610 1042 686 1080 hac
713 1054 758 1080 re
777 1042 864 1092 ipse
882 1041 1045 1078 sentiret
1066 1044 1301 1091 exponeret:
1329 1040 1399 1078 sed
1422 1052 1472 1078 ne
1494 1041 1528 1078 si
1546 1045 1653 1080 recte

232 1105 391 1155 quidem
437 1103 691 1154 colligeretur
729 1116 777 1142 ex
815 1104 863 1141 iis
900 1115 1000 1153 quae
1035 1102 1275 1153 Philoponus
1312 1103 1409 1141 dicit
1443 1103 1654 1142 lectionem

229 1167 428 1219 vulgarem
465 1179 553 1205 eum
590 1167 800 1214 habuisse,
829 1170 1062 1216 sequeretur
1086 1166 1186 1204 hanc
1213 1165 1419 1204 lectionem
1447 1178 1535 1204 esse
1562 1179 1654 1217 pro-

229 1230 418 1277 bandam,
455 1242 573 1279 quum
611 1230 694 1268 veri
722 1229 848 1268 simile
875 1229 926 1267 sit
952 1228 1081 1266 locum
1109 1232 1334 1278 corruptum
1364 1240 1453 1266 esse
1479 1229 1656 1280 pluribus

232 1292 400 1331 saeculis
436 1295 528 1329 ante
557 1291 817 1343 Philoponum
854 1293 902 1330 ab
938 1292 986 1329 iis
1015 1291 1082 1340 qui
1110 1290 1429 1340 Theophrastum
1458 1295 1655 1330 sectaren-

231 1359 307 1394 tur.
335 1375 386 1384 -
420 1354 630 1405 Reliquum
658 1359 731 1402 est,
759 1359 804 1392 ut.
830 1354 1070 1405 explicemus
1099 1354 1200 1402 quod
1229 1354 1268 1391 in
1296 1358 1519 1392 contextum
1545 1366 1657 1392 rece-

229 1418 373 1470 pimus,
438 1417 586 1466 Quarto
624 1418 744 1456 modo
779 1417 929 1467 figurae
965 1416 1116 1466 primae
1153 1415 1440 1454 demonstratur
1476 1417 1656 1467 proposi-

231 1482 285 1519 tio
313 1481 464 1528 minor.‚
492 1480 526 1518 si
554 1481 675 1518 maior
702 1479 963 1525 convertitur,
993 1475 1046 1524 ὡς
1073 1475 1173 1517 κάπὶ
1198 1477 1284 1516 τῶν
1309 1477 1527 1525 καθόλου,
1559 1479 1598 1517 h.
1619 1492 1657 1518 e.

231 1544 327 1582 item
349 1545 469 1592 atque
495 1542 645 1580 factum
673 1546 735 1580 est
761 1543 800 1579 in
828 1541 1000 1579 secundo
1027 1542 1145 1579 modo
1171 1541 1236 1590 qui
1265 1554 1287 1578 a
1314 1546 1452 1590 quarto
1479 1554 1556 1580 non
1581 1541 1657 1580 nisi

232 1618 281 1645 eo
316 1605 473 1652 differt,
509 1605 616 1654 quod
653 1609 694 1642 et
729 1604 1017 1641 conclusionem
1060 1606 1101 1640 et
1128 1603 1434 1653 propositionem
1463 1604 1656 1643 minorem

231 1669 351 1708 habet
390 1667 657 1714 universales,
703 1678 799 1716 quas
841 1665 980 1703 modus
1018 1668 1178 1714 quartus
1216 1665 1334 1702 habet
1377 1666 1657 1716 particulares:

232 1743 355 1782 quare
393 1729 605 1767 secundum
639 1728 799 1766 modum
827 1727 960 1766 licebit
995 1728 1129 1766 dicere
1155 1725 1348 1766 καθόλου
1375 1732 1564 1779 respectu
1589 1728 1659 1766 ha-

232 1794 316 1832 bito
343 1791 452 1830 modi
479 1790 620 1841 quarti.
681 1789 766 1830 Vox
802 1788 1065 1840 άντιστραφῇ
1101 1801 1177 1827 non
1205 1791 1365 1829 debebit
1389 1790 1515 1841 premi
1543 1791 1659 1837 (item

232 1857 378 1895 22a39
406 1850 598 1899 ἐναντίας
633 1852 842 1904 appellavit
868 1852 1156 1903 propositiones
1184 1865 1282 1902 quae
1308 1853 1467 1903 proprie
1494 1865 1570 1891 non
1597 1853 1659 1892 di-

234 1921 376 1958 cuntur
396 1916 635 1955 contrariae:
664 1919 794 1953 tamen
816 1915 890 1953 hac
916 1927 1014 1953 voce
1042 1927 1134 1953 usus
1163 1919 1237 1962 est,
1265 1920 1308 1953 ut
1336 1915 1429 1964 quid
1448 1915 1521 1954 sibi
1541 1915 1661 1954 vellet

232 1980 388 2019 facilius
415 1978 743 2027 intelligereturJ:
777 1989 910 2015 verum
947 1978 986 2016 in
1014 1977 1186 2016 secundo
1211 1978 1329 2016 modo
1353 1989 1432 2031 ‘non
1460 1981 1660 2022 converte-

234 2044 348 2083 batur
373 2040 593 2092 propositio
619 2039 719 2085 ΑΒ,
761 2039 831 2077 sed
866 2040 1130 2078 reducebatur
1155 2039 1203 2078 ad
1231 2040 1355 2078 hanc:
1384 2029 1418 2090 ᾧ
1443 2037 1491 2078 τὸ
1518 2040 1560 2078 A
1585 2052 1661 2091 μη-

235 2104 339 2150 δενί,
365 2102 412 2143 τὸ
441 2104 478 2142 Β
504 2100 630 2142 παντὶ
654 2100 855 2153 ὑπάρχει,
883 2102 1003 2152 quod,
1032 2115 1151 2152 quum
1178 2102 1283 2140 idem
1312 2101 1463 2140 efficiat
1489 2102 1593 2152 quod
1621 2103 1662 2142 in

234 2168 396 2218 reliquis
427 2166 652 2214 conversio,
688 2165 765 2204 hoc
800 2166 887 2203 loco
923 2166 1214 2204 conversionem
1242 2167 1367 2203 vocat.
1422 2164 1537 2214 Quod
1565 2164 1662 2204 dicit

235 2236 298 2271 est
316 2231 404 2271 hoc.
446 2229 744 2268 Demonstratur
764 2227 984 2279 propositio
1005 2228 1265 2278 particularis,
1293 2228 1325 2265 si
1341 2228 1560 2278 propositio
1582 2227 1662 2267 AB

235 2294 374 2334 eadem
403 2293 553 2331 ratione
575 2291 878 2338 transformatur
897 2295 1013 2339 atque
1032 2291 1182 2329 factum
1202 2295 1262 2329 est
1280 2290 1319 2330 in
1339 2292 1511 2329 secundo
1528 2291 1660 2332 mode.

235 2356 400 2397 Accedit
426 2354 529 2406 quod
556 2356 697 2393 59:130
723 2350 1011 2403 ἀναστρέφειν
1044 2353 1212 2392 eundem
1249 2365 1408 2392 sensum
1434 2353 1573 2392 habet:
1600 2353 1661 2392 di-

236 2421 291 2459 cit
317 2419 420 2469 enim
447 2417 754 2469 propositionem
786 2414 835 2456 τὸ
860 2417 901 2455 A
927 2412 1073 2468 μηδενὶ
1099 2418 1157 2467 τῷ
1185 2417 1227 2456 Γ
1245 2413 1420 2466 ὑπάρχει
1444 2428 1520 2453 non
1547 2415 1660 2453 aliter

236 2493 357 2534 posse
392 2482 624 2520 converti
657 2493 772 2530 quam
798 2479 838 2518 in
864 2479 986 2518 hanc:
1015 2470 1049 2531 ᾧ
1075 2478 1122 2519 τὸ
1149 2480 1190 2518 A
1215 2477 1297 2519 τινὶ
1323 2476 1380 2530 μὴ
1406 2476 1584 2528 ὑπάρχει
1609 2475 1657 2516 τὸ

238 2546 280 2585 Γ
310 2540 394 2584 τινὶ
427 2541 625 2595 ὑπάρχει,
664 2543 697 2581 si
730 2543 818 2593 quis
855 2546 967 2581 sexto
1001 2542 1119 2582 modo
1157 2543 1307 2593 figurae
1342 2542 1481 2582 tertiae
1507 2551 1659 2591 propo-

237 2597 420 2646 sitionem
446 2607 638 2645 minorem
667 2605 814 2644 circulo
841 2604 1113 2644 demonstrare
1140 2606 1243 2644 velit.
1294 2604 1336 2644 Si
1363 2604 1426 2643 cui
1453 2603 1660 2654 displiceat

237 2671 340 2720 quod
377 2665 517 2720 ὥσπερ
553 2665 655 2709 κάπὶ
681 2667 767 2708 τῶν
792 2666 984 2708 καθόλου
1012 2669 1063 2707 de
1089 2667 1206 2707 modo
1233 2666 1408 2707 secundo
1434 2665 1661 2716 intelligen-

238 2731 329 2772 dum
357 2732 645 2782 putaverimus,
674 2745 793 2783 quum
819 2743 896 2772 non
922 2731 1049 2783 accipi
1075 2730 1200 2782 possit
1225 2730 1299 2769 nisi
1326 2730 1377 2770 de
1404 2728 1655 2770 conversione
