1826 3112
292 221 373 262 218
804 225 1207 259 ANAAYTnmN

293 322 572 383 κατηγορικοὶ
602 321 758 375 πλείω,
793 320 836 366 οἱ
867 318 906 366 δ’
933 319 1203 380 οἷποφατικοὶ
1232 319 1284 368 τό
1308 322 1596 383 συμπέρασμα
1625 321 1708 382 μό-

292 394 384 433 νὸν.
422 388 466 433 αἱ
493 388 572 446 μὲν
597 384 678 447 γὰρ
705 384 830 431 ἄλλαι
851 386 1082 446 προτάσεις
1099 386 1519 450 ἄντιστρέφοωιν,ἢ
1545 389 1591 433 δὲ
1612 392 1708 435 6123-

292 451 447 515 ρητική
479 451 565 498 οὐκ
596 451 861 511 ἀντιστρέφει
875 470 885 480 ·
917 451 966 498 τὸ
996 455 1042 499 δὲ
1074 456 1362 514 συμπέρασμα
1389 456 1429 500 τὶ
1458 453 1567 499 κατά
1587 454 1709 511 τινός

291 518 417 564 ἐστιν.
473 516 582 564 ωσθ’
617 519 659 563 οἱ
694 519 772 577 μὲν
802 516 925 564 αλλοι
949 522 1251 580 συλλογισμοι
1261 521 1394 566 πλείω
1425 521 1707 580 συλλογίζον-

244 600 278 628 10
292 601 385 639 ται,
414 582 508 630 οἷον
538 585 575 630 εἰ
600 583 650 629 τὸ
681 590 719 629 Α
747 586 953 631 δέδεικται
992 588 1118 632 παντὶ
1148 591 1213 651 τῷ
1242 591 1280 632 Β
1311 584 1344 648 ἢ
1373 588 1469 643 τινί,
1498 588 1570 632 καὶ
1594 584 1645 631 τὸ
1671 589 1709 631 Β

291 651 375 696 τινὶ
405 654 470 713 τῷ
491 655 527 695 Α
556 649 788 711 αναγκαῖον
818 650 1051 711 ὑπαρχειν·
1081 654 1155 697 καὶ
1187 654 1225 698 εἰ
1252 654 1402 714 μηδενὶ
1432 656 1495 716 τῷ
1520 656 1557 697 Β
1577 650 1628 697 τό
1655 655 1706 709 A,

291 713 397 762 οὐδὲ
413 714 464 761 τό
489 720 525 761 Β
543 714 686 762 οὐδενὶ
709 721 772 780 τῷ
794 721 841 762 A.
864 721 995 762 τοῦτο
1016 716 1054 763 δ’
1070 719 1212 776 ἕτερον
1225 723 1307 765 τσῦ
1328 719 1582 778 ἔμπροσθεν.
1606 735 1642 763 ει
1633 718 1707 763 ’δὲ

289 783 370 827 τινὶ
407 780 467 843 μὴ
505 780 712 842 ὑπάρχει,
755 781 843 863 miz
881 781 1046 845 ἀνάγκη
1088 785 1162 829 καὶ
1203 782 1253 830 τὸ
1295 788 1332 830 Β
1373 785 1455 830 τινὶ
1486 788 1550 847 τῷ
1580 787 1618 828 Α
1646 780 1706 845 μὴ

288 845 518 908 υπάρχειν·
542 849 747 929 ἐνδέχεται
769 867 860 909 γαρ
872 851 997 894 παντὶ
1018 847 1241 908 ὑπάρχειν.

239 928 274 956 1⁵
421 911 542 975 Αὕτη
571 916 648 972 μὲν
679 907 762 960 οὖν
789 912 915 974 κοινὴ
944 913 1115 959 πάντων
1149 915 1285 968 αἰτι’,α
1309 916 1395 958 τῶν
1428 930 1471 957 τε
1501 910 1708 957 καθόλου

287 979 360 1025 καὶ
390 983 479 1024 τῶν
505 978 614 1024 κατὰ
643 981 799 1060 μέρος·
828 979 914 1024 ἔστι
940 980 986 1025 δὲ
1017 981 1113 1035 περὶ
1141 984 1225 1023 τῶν
1243 976 1448 1023 καθόλου
1464 978 1537 1021 καὶ
1565 974 1706 1033 ἄλλως

287 1044 431 1089 εἰπεῖν.
490 1041 576 1088 ὅσα
607 1042 688 1103 γὰρ
717 1064 746 1104 η
776 1041 868 1088 ὑπὸ
899 1040 948 1087 τὸ
977 1043 1110 1101 μέσον
1143 1040 1177 1104 ἢ
1205 1040 1298 1089 ὑπὸ
1328 1041 1377 1088 τὸ
1417 1041 1705 1102 συμπέρασμά

288 1109 415 1162 ἐστιν,
446 1106 647 1154 ἁπάντων
679 1109 796 1153 ἔσται
831 1105 857 1153 ὃ
889 1106 1022 1164 αὐτὸς
1050 1107 1353 1170 συλλογισμός,
1381 1106 1456 1154 ἐὰν
1482 1106 1533 1154 τά
1558 1109 1634 1167 μὲν
1660 1109 1706 1154 ἐν

287 1178 351 1238 τῷ
384 1175 500 1238 μέσῳ
529 1172 582 1220 τὰ
610 1173 649 1219 δ’
681 1175 725 1220 ἐν
751 1177 815 1238 τῷ
843 1175 1168 1234 συμπεράσματι
1198 1179 1328 1234 τεθῇ,
1369 1172 1464 1220 οἷον
1491 1176 1528 1220 εἰ
1554 1172 1604 1219 τὸ
1629 1178 1705 1219 ΑΒ

239 1242 580 1299 Ξοσυμπέρασμα
622 1238 702 1285 διιὶ
739 1244 822 1286 τοῦ
856 1244 918 1295 Γ,
965 1238 1048 1286 ὅσα
1081 1239 1172 1287 ὑπὸ
1203 1239 1253 1287 τὸ
1288 1245 1325 1287 Β
1359 1238 1388 1303 ἢ
1420 1238 1471 1286 τὸ
1504 1244 1549 1286 Γ
1578 1240 1703 1298 ἐστίν,

289 1304 455 1368 ἀνάγκη
484 1305 592 1351 ’κατὰ
619 1306 791 1351 πάντων
815 1307 1020 1366 λέγεσθαι
1050 1305 1100 1352 τὸ
1134 1314 1194 1352 Α·
1224 1308 1261 1353 εἰ
1281 1305 1370 1367 γὰρ
1398 1304 1450 1351 τὸ
1482 1311 1520 1350 Δ
1551 1306 1596 1351 ἐν
1614 1304 1704 1352 ὅλω

287 1376 352 1436 τῷ
381 1371 524 1427 Β,τό
557 1374 604 1418 δὲ
642 1376 679 1417 Β
707 1373 751 1417 ἐν
778 1376 842 1436 τῷ
871 1377 929 1426 Α,
959 1374 1032 1418 καὶ
1063 1371 1114 1418 τὸ
1143 1378 1183 1418 Δ
1217 1374 1334 1419 ἔσται
1362 1373 1407 1418 ἐν
1436 1375 1499 1435 τῷ
1525 1376 1574 1417 Α.
1617 1351 1706 1417 ποῖ-

288 1442 359 1484 λιν
394 1440 431 1484 εἰ
462 1436 513 1484 τὸ
547 1442 587 1484 Ε
616 1439 662 1484 ἐν
689 1436 782 1519 ὅλῳ
815 1442 878 1502 τῷ
916 1442 968 1493 Γ,
996 1436 1046 1484 τὸ
1076 1440 1122 1484 δὲ
1154 1440 1266 1485 Γέν
1295 1442 1357 1503 τῷ
1389 1442 1448 1493 Α,
1481 1439 1554 1483 καὶ
1581 1435 1632 1483 τὸ
1662 1441 1705 1483 Ε

289 1505 334 1551 ἐν
358 1509 422 1569 τῷ
451 1509 488 1550 A
519 1505 646 1550 ἔσται.
676 1502 838 1563 ὁμοίως
862 1505 910 1550 δὲ
937 1506 1009 1550 καὶ
1031 1506 1069 1550 εἰ
1085 1503 1334 1566 στερητικος
1353 1502 1378 1549 ὃ
1399 1503 1702 1564 συλλογισμός.

239 1588 274 1616 25
289 1570 357 1617 ἐπὶ
387 1572 433 1616 δὲ
463 1574 545 1616 τοῦ
575 1572 784 1627 δευτέρου
817 1570 1033 1631 σχήματος
1054 1569 1104 1616 τὸ
1128 1569 1220 1616 ὑπὸ
1239 1569 1291 1616 τὸ
1313 1571 1601 1628 συμπέρασμα
1620 1568 1703 1629 μό-

287 1654 366 1683 νον
401 1638 515 1682 ἔσται
546 1638 912 1695 συλλογίσασθαι,
947 1634 1041 1681 οἷον
1074 1638 1111 1682 εἰ
1141 1635 1191 1682 τὸ
1221 1642 1258 1682 Α
1283 1641 1346 1701 τῷ
1377 1640 1414 1681 Β
1440 1637 1610 1697 μηδενί,
1640 1639 1705 1718 τῷ

288 1703 334 1748 δὲ
369 1707 414 1747 Γ
432 1704 579 1747 παντί·
611 1703 900 1761 συμπέρασμα
932 1700 998 1747 ὅτι
1025 1720 1082 1747 ου
1072 1701 1170 1747 ’δενὶ
1198 1707 1258 1766 τῷ
1286 1707 1330 1747 Γ
1353 1700 1403 1747 τὸ
1431 1706 1479 1747 Β.
1514 1703 1550 1746 εἰ
1569 1699 1625 1762 δὴ
1649 1699 1701 1747 τὰ

287 1774 330 1814 Δ
366 1766 460 1814 ὑπὸ
488 1766 538 1813 τὸ
580 1772 624 1813 Γ
645 1769 754 1820 ἐστι,
786 1766 979 1827 φανερὸν
1009 1786 1074 1813 οτι
1104 1767 1185 1828 οὐχ
1210 1768 1394 1827 ὑπάρχει
1427 1766 1545 1831 αὐτῷ
1575 1765 1623 1812 τὸ
1654 1770 1703 1812 Β.

286 1839 377 1890 τοῖς
404 1832 443 1879 δ’
473 1831 563 1880 ὑπὸ
596 1833 646 1880 τὸ
676 1839 712 1879 Α
741 1851 805 1879 οτι
830 1852 879 1879 οι
876 1831 912 1893 ’χ
934 1832 1130 1893 ὑπάρχει,
1157 1833 1215 1879 οὐ
1238 1838 1378 1895 δῆλον
1398 1831 1469 1878 δια
1486 1836 1570 1878 τοῦ
1592 1836 1703 1879 συλ-

238 1903 514 1960 εολογισμοῦ.
557 1902 697 1945 καίτοι
728 1898 812 1959 οὐχ
840 1898 1021 1959 ὑπάρχει
1053 1904 1113 1964 τῷ
1145 1903 1200 1954 Ε,
1231 1902 1267 1946 εἰ
1303 1901 1416 1946 ἔστιν
1444 1896 1538 1946 ὑπὸ
1567 1896 1618 1944 τὸ
1652 1902 1701 1944 Α.

285 1964 397 2011 ἀλλὰ
432 1964 484 2011 τὸ
515 1967 592 2024 μὲν
623 1970 686 2029 τῷ
725 1969 773 2011 Γ
798 1967 950 2026 μηδενὶ
978 1964 1191 2025 ὑπάρχειν
1228 1964 1278 2010 τὸ
1311 1970 1348 2010 Β
1376 1964 1448 2011 διὰ
1478 1968 1564 2010 τοῦ
1593 1968 1701 2010 συλ-

284 2035 499 2092 λογισμοῦ
538 2032 767 2084 δέδεικται,
805 2029 855 2076 τὸ
895 2032 941 2076 δὲ
982 2035 1043 2075 τῶ
1072 2036 1109 2076 Α
1137 2029 1198 2092 μὴ
1228 2029 1436 2090 ὑπάρχειν
1470 2029 1702 2076 ἀναπόδει-

285 2115 389 2143 κτον
421 2099 627 2159 εἴληπται,
659 2095 760 2142 ὥστ’
789 2095 848 2142 οὕ
876 2095 948 2142 διὰ
975 2114 1050 2142 τον
1077 2096 1374 2158 συλλογισμὸν
1401 2097 1627 2155 συμβαίνει
1652 2094 1702 2142 τὸ

286 2167 325 2210 Β
355 2167 415 2228 τῷ
449 2167 490 2208 Ε
521 2161 580 2224 μὴ
617 2162 836 2245 ῑπάρχειν.
882 2163 950 2208 ἐπὶ
978 2164 1024 2208 δὲ
1051 2167 1137 2208 τῶν
1167 2163 1211 2208 ἐν
1244 2164 1358 2222 μέρει
1385 2167 1470 2207 τῶν
1501 2163 1577 2221 μὲν
1606 2160 1698 2208 ὑπὸ

236 2245 270 2274 35
285 2227 335 2276 τὸ
377 2230 665 2288 συμπέρασμα
700 2228 786 2275 οὐκ
826 2230 943 2274 ε’σται
973 2227 1024 2274 τὸ
1055 2228 1286 2289 αναγκαῖον
1318 2227 1402 2290 (ου
1434 2247 1517 2289 γαρ
1544 2229 1702 2287 γίνεται

283 2295 591 2356 συλλογισμός,
624 2294 729 2341 ὅταν
757 2293 872 2356 αὕτη
901 2298 1058 2356 ληφθῆ
1089 2296 1134 2341 ἐν
1167 2295 1323 2356 μέρει),
1354 2299 1440 2340 τῶν
1468 2293 1505 2339 δ’
1527 2292 1623 2339 ὑπὸ
1651 2291 1702 2339 τὸ

283 2363 421 2422 μέσον
459 2363 572 2408 ἕσται
602 2361 787 2413 παντων,
811 2358 936 2422 πλὴν
944 2359 1002 2406 οὐ
1020 2359 1092 2406 διὰ
1118 2359 1198 2406 τὸν
1221 2359 1548 2442 συλλογισμόν,
1546 2356 1639 2404 οἷον
1665 2360 1702 2405 εἰ

284 2427 335 2474 τὸ
369 2433 406 2474 Α
433 2429 558 2473 παντὶ
586 2431 649 2491 τῷ
682 2431 730 2482 Β,
769 2425 819 2472 τὸ
852 2429 898 2472 δε
916 2430 952 2472 Β
977 2428 1058 2472 τινὶ
1086 2431 1146 2491 τῷ
1182 2430 1243 2472 Γ·
1281 2431 1364 2472 τοῦ
1392 2444 1467 2484 μεν
1497 2423 1580 2485 γὰρ
1606 2423 1700 2471 ὑπὸ

285 2493 334 2540 τὸ
356 2498 401 2539 Γ
413 2494 614 2549 τεθέντος
633 2491 718 2539 οὐκ
736 2493 850 2538 ε’σται
872 2492 1180 2553 συλλογισμός,
1193 2511 1274 2538 του
1258 2491 1326 2537 δ’
1335 2490 1367 2537 ὑ
1371 2490 1428 2537 πὸ
1447 2490 1496 2537 τὸ
1515 2495 1551 2536 Β
1571 2492 1699 2547 ε’σται,

236 2578 271 2606 40
288 2557 382 2606 ἄλλ’
398 2578 456 2606 ov
478 2557 550 2605 διὰ
571 2557 650 2605 τὸν
671 2559 1048 2621 προγεγενημένον.
1086 2557 1246 2619 ὁμοίως
1266 2559 1312 2604 δε
1331 2555 1435 2604 κᾶπὶ
1454 2561 1539 2604 τῶν
1557 2555 1700 2603 ἄλλων

374 2669 1696 2731 extonam—1035..fimargrcn.-xa1]r1'¹n.—llvqfioevevzc'.

285 2736 330 2743 -
349 2718 390 2750 15
408 2730 444 2750 τε
466 2719 593 2751 corrB.
605 2719 702 2751 —22
724 2716 762 2751 ἐν
777 2693 848 2762 ἅλῳ
865 2718 915 2774 τῷ
928 2719 978 2750 bis
996 2730 1030 2752 η.
1051 2718 1147 2751 —24
1163 2716 1200 2752 ἐν
1219 2717 1302 2770 ὅλῳ
1308 2717 1357 2750 τῶ
1378 2719 1440 2752 Bu.
1458 2736 1503 2744 —
1521 2714 1696 2750 2631!th-

287 2780 327 2787 -—
353 2760 585 2806 συλλογισμὸς
602 2764 643 2796 A.
671 2782 712 2788 —
737 2764 781 2796 30
798 2751 877 2805 εἰ]“
864 2776 886 2798 ο
904 2774 941 2806 n,
963 2775 1049 2797 corr
1057 2763 1116 2796 A.-
1110 2779 1172 2791 --
1193 2764 1237 2799 36
1255 2775 1350 2807 αυτη
1373 2763 1411 2797 G
1592 2784 1596 2788 ›
