1826 3112
308 190 388 230 176
820 191 1221 225 ΑΝΑΛΤΤΙΚΩΝ

306 287 368 353 μὴ
395 286 627 349 ὑπάρχειν·
659 287 693 351 ἥ
713 305 756 334 τε
776 285 860 349 γάρ
883 287 1095 346 πρότασις
1117 284 1258 344 οὕτως
1273 285 1458 350 ἐλήφθη
1479 285 1509 350 ἡ
1534 285 1622 333 άπὸ
1651 291 1735 335 τοῦ

306 354 555 416 μείζονος”
526 372 680 413 ακρου,
693 355 764 399 καὶ
779 355 838 410 εἰς
856 353 906 400 τὸ
917 353 1136 400 ἀδύνατον
1157 371 1242 400 ουκ
1255 355 1366 399 ἔστιν
1377 352 1568 414 α’γαγεῖν·
1597 354 1635 399 εἰ
1653 351 1734 414 γὰρ

306 419 543 482 ὑποτεθείη
577 419 627 466 τὸ
648 424 684 466 Α
707 424 767 484 τῷ
793 424 836 466 Γ
849 422 930 466 τινὶ
954 418 1179 480 ὑπάρχειν,
1211 425 1342 465 κεῖται
1365 421 1410 465 δε
1431 421 1503 464 καὶ
1521 423 1582 484 τῷ
1604 422 1641 464 Β
1664 419 1732 465 ἐν-

307 487 509 547 δέχεσθαι
526 487 675 549 μηδενὶ
697 467 922 547 ὑπάρχειν,
945 484 1076 532 οὐδὲν
1094 487 1322 545 συμβαίνει
1337 483 1408 531 διὰ
1427 466 1597 531 τούτων
1617 483 1733 531 6615-

257 571 447 599 ειενατον.
478 550 552 598 ἐὰν
582 554 628 597 δὲ
661 550 772 612 πρὸς
794 557 855 617 τῷ
884 551 1131 598 ἐλάττονι”
1104 571 1224 616 ακρῳ
1252 555 1362 610 τεθη
1389 549 1437 596 τὰ
1460 549 1729 612 στερητικόν,

307 616 412 665 ὅταν
439 619 516 677 μὲν
543 618 794 678 ἐνδέχεσθαι
827 619 1038 681 σημαίνῃ,
1081 598 1377 678 συλλογισμὸς
1408 618 1520 662 ἔσται
1549 615 1622 662 δια
1651 620 1732 678 τῆς

307 683 614 746 ἄντιστροφῆς,
638 684 837 743 καθάπερ
859 686 905 731 ἐν
922 690 1013 741 τοῖς
1029 683 1250 743 πρότερον,
1285 681 1391 729 ὅταν
1414 684 1459 728 δὲ
1483 680 1544 745 μὴ
1569 683 1733 763 ἐνὸέχε-

308 756 430 807 σθαι,
446 769 532 796 ουκ
554 751 682 797 ἔσται.
707 749 807 797 0236'
827 770 932 797 οταν
944 750 1075 810 ἄμφω
1088 751 1164 809 μὲι
1180 753 1288 808 τεθῇ
1311 749 1602 810 στερητικά,μ
1573 746 1633 810 μὴ
1652 741 1735 807 ‘51³'6

309 815 585 877 ἐνδεχόμενον
612 816 661 863 τὸ
693 815 807 874 πρὸς
832 816 881 862 τὸ
915 818 1100 862 ε’λαττον.
1142 813 1238 873 ὅροι
1257 813 1295 860 6'
1322 815 1364 858 οὶ
1387 813 1525 870 αὐτοί,
1548 831 1629 858 του
1655 814 1734 872 μὲν

256 899 292 927 so
307 880 517 942 ὑπάρχειν
542 882 728 929 λευκόν·
742 886 884 945 ζῷον-
897 882 1017 941 χιών,
1047 884 1128 926 τοῦ
1156 883 1202 926 δὲ
1224 878 1283 942 μὴ
1306 878 1517 939 ὑπάρχειν
1537 878 1695 925 λευκόν
1708 906 1732 912 -

308 951 454 1013 ζῷον·
468 949 604 993 πίττα.

445 1013 538 1058 Τόν
549 1010 688 1059 αὐτὸν
698 1012 743 1059 δε
752 1012 919 1070 τρόπον
929 1010 1007 1067 ἕξει
1016 1009 1121 1057 κάπὶ
1132 1014 1220 1057 τοῖν
1231 1011 1275 1056 ἐν
1285 1010 1399 1069 μέρει
1413 1013 1731 1071 συλλογισμῶν.

308 1075 414 1124 ὅταν
430 1076 512 1139 γάρ
532 1072 563 1138 ᾗ
574 1077 624 1124 τὸ
637 1076 885 1162 στερητικὸν
897 1077 1145 1138 ἀναγκαῖον,
1163 1078 1236 1122 καὶ
1247 1074 1339 1122 τὸ)
1314 1077 1604 1135 συμπέρασμα
1618 1076 1734 1122 ε’σται

304 1148 387 1190 τοῦ
395 1143 456 1206 μὴ
466 1143 687 1204 ὑπάρχειν.
720 1142 813 1190 οἷον
823 1146 859 1190 εἰ
868 1142 919 1190 τό
930 1162 1006 1203 μεν
1016 1148 1053 1189 Α
1061 1144 1210 1226 μηδενὶ
1219 1146 1307 1188 τοῖν
1318 1146 1354 1187 Β
1368 1143 1387 1188 5
1393 1143 1575 1201 νδέχεται
1587 1139 1734 1199 υπάρ-

256 1229 291 1257 85
306 1209 479 1270 χειν,τό
494 1212 540 1256 δὲ
552 1214 588 1256 Β
602 1211 682 1256 τινὶ
699 1214 783 1256 τοῖν
804 1214 848 1255 Γ
861 1211 1070 1270 ἐνδέχεται
1089 1208 1324 1294 ὑπάρχειν,
1347 1207 1515 1270 ἀνάγκη
1527 1205 1579 1253 τό
1601 1211 1639 1252 A
1651 1208 1734 1253 τινὶ

304 1280 390 1322 τῶν
417 1275 534 1338 Γμὴ
555 1275 778 1335 ὑπάρχειν.
817 1277 854 1321 εἰ
882 1275 962 1336 γάρ
993 1277 1118 1321 παντὶ
1149 1273 1346 1333 ὑπάρχει,
1373 1278 1433 1338 τῷ
1458 1275 1503 1319 δὲ
1526 1277 1562 1318 Β
1581 1273 1733 1335 μηδενὶ

306 1342 529 1402 ἐνδέχεται,
543 1341 649 1388 0661:—
659 1340 710 1387 τὸ
725 1341 990 1406 Βούδενὶτῳ
973 1346 1039 1386 *A
1054 1321 1496 1400 ἑνδέχεταιὺπάρχειν.
1518 1336 1608 1384 οῗστ
1610 1337 1671 1384 ἐἰ
1682 1336 1732 1385 τὸ

305 1412 343 1454 Α
355 1410 479 1454 παντὶ
491 1427 550 1473 τ9ι
532 1406 807 1468 Γὺπάρχει,
831 1389 978 1454 οὐδενὶ
989 1412 1073 1453 τοῖν
1089 1405 1188 1452 Γτὸ
1203 1410 1238 1451 Β
1257 1406 1479 1465 ἐνδέχεται.
1509 1403 1600 1451 ἄλλ’
1619 1403 1731 1451 ὑπέ-

304 1474 422 1520 κειτό
438 1493 520 1520 τινι
533 1475 796 1534 ἐνδέχεσθαι.
822 1471 926 1519 ὅταν
946 1475 991 1519 δὲ
1011 1471 1060 1518 τὸ
1080 1474 1125 1519 ἐν
1143 1474 1260 1531 μέρει
1276 1469 1574 1531 καταφατικὸν
1599 1469 1731 1531 οἰναγ-

254 1558 289 1586 40
304 1545 430 1586 καῖον
448 1533 490 1599 ᾖ,
511 1539 562 1586 τὸ
586 1541 631 1586 ἐν
641 1559 700 1586 τω
712 1544 947 1602 στεοητικω
966 1536 1257 1602 συλλογισμῷ,
1270 1535 1364 1583 οἷον
1375 1556 1426 1583 το
1414 1535 1526 1591 ΒΓ
1548 1534 1638 1596 ἢτό
1651 1554 1729 1581 κα·-

263 1619 287 1652 b
305 1605 454 1652 θόλου
475 1607 522 1651 ἐν
541 1610 603 1668 τῷ
622 1610 904 1668 κατηγορικῷ,
923 1603 1017 1651 οἷον
1037 1603 1087 1650 τὸ
1109 1607 1207 1658 ΑΒ,
1235 1601 1322 1648 οιῗκ
1345 1604 1458 1649 ε’σται
1479 1607 1564 1648 τοῦ
1582 1601 1731 1662 ὑπάρ-

305 1690 394 1732 χειν
430 1670 736 1731 συλλογισμός.
786 1670 1005 1754 άπόὸειξις
1046 1669 1083 1716 6'
1118 1668 1147 1731 ἢ
1191 1667 1303 1729 αὐτὴ
1347 1666 1375 1730 ἣ
1422 1670 1495 1713 καὶ
1533 1668 1602 1713 ἐπὶ
1637 1671 1728 1713 τῶν

304 1737 531 1796 πρότερον.
576 1735 652 1783 ἒαν
681 1738 727 1782 ὁε
757 1735 810 1782 τό
844 1738 921 1795 μεν
926 1735 1160 1818 καθόλου
1190 1738 1299 1793 τεθῇ
1329 1731 1443 1791 πρὸς
1473 1732 1524 1779 τὸ
1557 1734 1730 1779 ελαττον

307 1821 468 1861 ακρον,
508 1800 541 1865 ἢ
577 1801 874 1861 καταφατικὸν
920 1799 950 1863 ἢ
1000 1799 1276 1863 στερητικόν,
1336 1799 1632 1859 ἐνδεχόμενον,
1675 1796 1728 1845 τὸ

271 1882 289 1910 ⁵
305 1867 344 1915 6’
375 1869 420 1915 έν
457 1869 572 1928 μέρει
609 1867 863 1928 άναγκαῒον,
894 1865 980 1912 οὐκ
1021 1869 1135 1913 εσται
1170 1867 1478 1926 συλλογισμός.
1548 1882 1646 1924 οροι
1685 1865 1733 1910 δε

303 1939 387 1981 τοῦ
397 1953 475 1993 μεν
483 1932 694 1994 ὑπάρχειν
705 1933 789 1988 ἐξ’
761 1934 956 1994 ανάγκης
967 1936 1081 1996 ζῷον
1092 1960 1112 1967 -
1127 1932 1320 1977 λευκόν-
1332 1930 1580 2013 ι’ἔνθρφπος,
1591 1948 1674 1976 του
1655 1931 1732 1976 δε

303 1998 364 2062 μὴ
390 2000 641 2059 ἐνδέχεσθαι
657 1997 1016 2081 ζῷον-λευκόν·
1030 1997 1207 2057 ἱμάτιον.
1245 1995 1350 2043 ὅταν
1378 1995 1417 2042 6'
1439 1995 1673 2056 α’ναγκαῖον
1702 1987 1732 2055 ᾖ

305 2063 359 2113 τό
380 2067 601 2122 καθόλου,
622 2063 672 2111 τὸ
692 2063 730 2111 6'
743 2065 788 2111 ἐν
799 2065 915 2124 μέρει
931 2061 1215 2124 ἐνδεχόμενον,
1237 2066 1493 2123 στερητικοῦ
1511 2080 1587 2120 μεν
1605 2060 1731 2117 ὄντος

305 2136 393 2178 τοῦ
405 2131 609 2178 καθόλου
620 2131 701 2177 τοῦ
713 2149 789 2189 μεν
799 2129 1008 2189 ὑπάρχειν
1023 2128 1117 2189 ὅροι
1132 2133 1246 2193 ζῷον
1256 2156 1278 2163 —-
1287 2127 1447 2174 λευκόν
1456 2156 1477 2162 -
1489 2124 1638 2185 κόραξ,
1647 2130 1731 2173 τοῦ

256 2216 290 2244 10
308 2198 354 2244 δε
382 2196 444 2260 μὴ
473 2196 684 2258 υπάρχειν
708 2200 858 2261 ζ9ῖον-
871 2195 1063 2242 λευκόν-
1076 2197 1226 2250 πίττα,
1257 2197 1562 2254 καταφατικοῦ
1580 2194 1625 2239 δε
1647 2195 1732 2238 τοῦ

303 2265 383 2324 μεν
415 2262 627 2323 ὑπάρχειν
656 2244 803 2327 ζῷόν-
814 2261 1006 2309 λευκόν·
1018 2261 1203 2317 κύκνος,
1234 2264 1317 2306 τοῦ
1339 2261 1384 2306 δε
1404 2258 1464 2322 μὴ
1484 2259 1731 2318 ἐνδέχεσθαι

305 2333 453 2396 ζῷον-
465 2330 661 2377 λευκόν-
672 2329 792 2390 χιι-όν.
826 2327 925 2376 ούὸ’
940 2326 1044 2375 ὅταν
1059 2326 1298 2389 ἄδιόριστοι
1309 2329 1548 2388 ληφθῶσιν
1561 2326 1605 2370 αἱ
1617 2338 1731 2386 προ-

393 2467 435 2499 21
454 2464 478 2506 ἦ
496 2477 551 2498 om
572 2476 605 2498 n.
621 2484 660 2490 —
675 2466 719 2499 22
739 2461 940 2507 ἀπαγαγεῖν
959 2464 1013 2506 Cf.
1028 2482 1073 2489 —
1096 2463 1153 2506 εἰ]
1171 2459 1234 2496 ἐάν
1251 2463 1334 2502 uf.
1361 2478 1401 2484 -
1426 2460 1470 2492 23
1489 2458 1577 2502 τινὶ]
1598 2458 1728 2502 μηδενὶ

304 2511 497 2551 ARCdfnu.
521 2529 567 2536 --
596 2510 675 2553 καὶ]
705 2508 766 2543 καὶ
796 2508 837 2542 τὸ
869 2522 892 2542 α
923 2521 1001 2540 corr
1023 2510 1062 2541 B.
1092 2525 1132 2532 —
1166 2508 1209 2540 24
1236 2504 1362 2547 μηδενὶ
1389 2503 1599 2558 ἐνδέχεσθαι
1618 2503 1728 2536 «1.—

304 2555 348 2587 29
367 2553 459 2596 πρὸς
475 2555 526 2600 τῷ
541 2556 574 2587 d.
601 2573 637 2579 —-
667 2556 710 2588 83
730 2566 819 2588 οταν
836 2566 901 2592 μεν
916 2554 984 2595 ’γὰρ
1008 2554 1067 2585 Cn.
1093 2570 1138 2577 —
1161 2551 1204 2584 34
1223 2550 1272 2593 τῷ
1291 2550 1327 2582 C.
1342 2568 1383 2573 -
1406 2549 1430 2592 β
1446 2545 1585 2590 ἀνάγκη
1602 2545 1729 2592 ὑπάρ-

328 2600 432 2632 εινᾶ.
457 2618 502 2625 -
525 2599 636 2645 35τῷ
656 2600 716 2632 Cn.
742 2618 782 2624 —-
817 2599 860 2632 36
881 2596 992 2632 &del
1014 2599 1050 2630 A.
1078 2615 1116 2622 -—
1151 2583 1489 2639 δῖτῷαρτοῐηά.
1512 2609 1558 2617 —-
1586 2592 1727 2624 39ante

303 2609 396 2678 ἔταν
416 2644 485 2676 add
506 2645 573 2687 αβγ
590 2656 623 2677 u.
648 2662 694 2669 —
717 2645 760 2676 40
780 2641 821 2676 τὸ
843 2644 910 2686 β..
925 2640 1028 2676 ,οἷον
1045 2653 1099 2674 om
1115 2642 1158 2674 A.

391 2687 480 2720 ὅσω
503 2686 557 2744 ἐν]
579 2687 620 2723 τὸ
642 2686 680 2722 ἐν
698 2688 753 2721 dn.
769 2707 814 2712 -
835 2689 857 2719 2
875 2686 937 2720 καὶ
954 2699 1009 2719 om
1030 2687 1066 2720 C.
1079 2705 1119 2712 —
1145 2685 1165 2717 4
1157 2679 1208 2738 ἢ
1225 2679 1435 2727 στερητικὸν
1451 2676 1476 2725 ἢ
1492 2680 1526 2714 d.
1538 2698 1581 2704 —
1604 2675 1727 2725 52:952

304 2731 356 2777 τῷ
371 2731 547 2776 migma*
522 2745 621 2779 ακρῳ
643 2740 721 2766 ante
740 2730 808 2768 οὐκ
830 2732 885 2765 adi
905 2732 1024 2765 BCnu.
1047 2750 1092 2757 —
1116 2730 1136 2763 9
1153 2739 1237 2773 agot
1257 2739 1313 2761 om
1334 2727 1372 2761 G.
