1760 3112
289 218 342 255 6⁰
681 219 879 254 Scholia
900 217 941 251 in
964 217 1141 264 Analyt.
1166 222 1330 262 poster.

290 309 394 348 τικόν
418 323 510 358 φησι
534 313 572 348 τί
597 313 744 359 πρῶτον
775 313 938 358 ἐκίνησεν
957 312 1008 354 ὥς
1032 310 1209 359 ἀκινήτου
1232 316 1299 360 τῆς
1314 313 1405 360 ῧλης
1429 312 1541 360 οὔσης
1561 316 1624 352 καὶ
1640 315 1702 351 άν-

290 366 484 414 ενεργήτου
500 366 587 403 καθ’
605 367 741 412 ἑαυτὴν
759 362 785 414 ᾖ
806 365 875 412 ὕλη
902 366 976 404 ἐστὶ
997 369 1169 414 δεομένης
1189 369 1230 406 δὲ
1247 371 1315 406 τοῦ
1340 372 1538 413 κινοῦντος.
1582 372 1701 416 Marg.

288 421 415 469 πρώτη
444 420 468 468 ἦ
495 421 615 468 εἰδική
643 435 682 457 τε
711 422 774 457 καὶ
799 420 962 469 ὀριστική
1078 424 1231 471 δευτέρα
1254 424 1279 470 ἡ
1309 422 1417 471 ’ὑλική
1533 426 1638 474 ἑτέρα
1662 427 1703 463 δὲ

290 478 354 513 καὶ
383 479 485 524 τρίτη
516 477 540 522 ἦ
564 477 737 523 ποιητικὴ
765 474 812 523 ἣν
835 479 898 514 καὶ
923 478 962 514 ἐν
984 477 1107 520 ἄλλοις
1134 478 1251 526 ἀρχὴν
1275 479 1447 525 κινήσεως
1470 482 1533 517 καὶ
1561 480 1652 519 ὅθεν
1678 482 1703 529 ἧ

289 534 428 578 κίνησις
453 532 561 568 ἔθετο
659 533 811 579 τετάρτη
842 533 882 569 δὲ
906 533 930 579 ἡ
959 534 1078 579 τελικὴ
1103 535 1167 570 καὶ
1203 530 1247 570 οὗ
1271 534 1387 572 ἕνεκα.
1425 537 1590 572 Riccard.

197 586 242 620 94
255 599 275 620 a
381 587 520 631 δόξειεν
537 585 584 623 ἂν
604 588 686 635 περὶ
701 589 775 623 τῶν
795 587 1008 634 προτάσεων
1023 591 1132 625 τοῦτο
1150 588 1336 634 λέγεσθαι,
1370 590 1591 639 οἰκειότερον
1606 591 1639 629 δ’
1656 590 1704 629 ἂν

229 632 275 666 24
292 644 348 688 εἴη
364 644 528 690 περὶτοῦ
544 643 657 688 μέσον
676 646 846 679 νοεῖσθαι
869 669 899 679 ..
914 669 923 679 .
947 645 1030 689 περὶ
1056 640 1103 680 οὖ
1119 644 1158 680 δὲ
1179 644 1325 690 λέγομεν
1348 643 1406 681 ὅτι
1427 644 1566 692 οἷνάγκη
1593 651 1703 685 τοῦδε

290 696 398 739 ὄντος
427 696 522 734 εἶναι
549 697 592 734 τὸ
622 699 860 745 συμπέρασμα
886 698 929 734 τὰ
961 699 1071 744 μέσον
1085 700 1199 742 ἐστίν,
1224 698 1245 736 ὃ
1261 702 1319 736 δεῖ
1330 701 1372 737 ἓν
1391 699 1485 737 εἶναι
1502 703 1566 738 καὶ
1580 700 1703 748 άμφο-

286 753 396 801 τέρας
416 751 524 789 ἑνοῦν
538 751 584 789 δι’
601 753 738 790 ἑαυτοῦ
757 754 824 795 τὰς
839 752 1043 800 προτάσεις.
1087 757 1206 801 Marg.

378 810 442 845 καὶ
460 810 542 855 περὶ
559 808 625 853 μὲν
638 810 707 845 τοῦ
731 808 917 856 ὀριστικοῦ
932 810 995 845 καὶ
1014 810 1151 845 εἰδικοῦ
1168 810 1303 852 αἰτίου,
1316 812 1397 852 πῶς
1413 808 1595 857 ἐνδέχεται
1609 810 1702 848 αὐτὸ

289 865 328 900 ἐν
344 864 533 907 άποδείξει
558 864 813 910 λαμβάνεσθαι
830 864 952 910 μέσον,
976 862 1176 910 έῤῥέθη,”
1154 878 1253 906 οπως
1272 865 1312 900 δὲ
1330 866 1393 902 καὶ
1417 866 1466 902 τὰ
1486 866 1595 902 λοιπὰ
1613 871 1703 912 λαμ-

289 919 439 965 βάνεται
457 920 568 964 δῆλον
584 922 675 966 (leg.
695 921 819 964 δηλοῖ)
841 920 1014 955 ἐντεῦθεν
1038 918 1172 955 ἕκαστα
1193 919 1507 991 προχειριζόμενος
1523 922 1586 958 καὶ
1600 935 1704 969 πρω-

289 987 355 1010 τον
371 975 412 1010 τὰ
432 972 569 1010 ὑλικόν.
614 976 781 1009 mecm-d.

196 1027 239 1060 94
256 1038 276 1060 a
378 1027 449 1065 κὸὶν
473 1027 601 1065 υλικόν
626 1029 790 1075 ἐθέμεθα
813 1030 936 1065 αἴτιον
958 1026 1029 1074 τὴν
1057 1028 1223 1074 ημίσειαν
1245 1031 1320 1067 τῶν
1351 1031 1421 1067 δύο
1451 1029 1597 1078 ὀρθῶν,
1627 1030 1703 1068 ἀλλ’

229 1071 310 1105 34''
290 1084 384 1121 ἔοικέ
414 1098 492 1125 πως
519 1085 583 1120 καὶ
604 1087 655 1131 τῷ
678 1083 867 1131 ὁριστικςὸ·
897 1099 920 1130 η
945 1084 1014 1149 γὰρ
1037 1083 1180 1130 ἡμίσεια
1206 1087 1314 1121 δυοῖν
1335 1082 1491 1132 ὀρθαῖν,
1512 1085 1596 1132 ἤτοι
1614 1087 1656 1123 τὸ
1674 1091 1703 1123 Β

286 1139 424 1178 ταύτόν
447 1141 522 1176 ἐστι
547 1142 599 1187 τῷ
627 1141 663 1176 τί
681 1154 729 1186 ην
753 1139 848 1176 εἶναι
864 1140 927 1176 καὶ
949 1141 1001 1188 τῷ
1025 1139 1170 1188 ὁρισμῷ
1184 1142 1254 1177 τοῦ
1272 1144 1313 1187 Γ,
1329 1139 1499 1187 δηλονότι
1516 1143 1582 1189 τῆς
1599 1141 1639 1180 ἐν
1652 1144 1703 1191 τῷ

285 1195 495 1243 ἡμικυκλίῳ.
541 1197 594 1230 ld.
1273 1226 1276 1229 .

375 1253 426 1299 τῷ
452 1251 643 1296 ληφθέντι,
661 1250 762 1295 φησί,
778 1249 873 1297 μέσῳ
890 1249 929 1286 ἐν
952 1253 1000 1297 τῇ
1023 1250 1241 1298 προκειμένῃ
1267 1249 1454 1296 ἀποδείξει
1470 1252 1608 1291 ταύτόν
1628 1253 1703 1290 ἔστι

285 1307 349 1344 καὶ
365 1307 384 1344 ὁ
406 1304 565 1353 ὁρισμός.
612 1306 674 1342 διά
689 1307 726 1341 τί
733 1320 744 1349 ,·
769 1305 865 1342 διότι
879 1306 919 1342 ἕν
942 1306 1014 1342 ἐστι
1036 1308 1111 1342 τῶν
1127 1309 1195 1342 τοῦ
1213 1305 1303 1354 ὅρου
1320 1309 1606 1354 σημαινομένων.
1653 1311 1703 1346 εἴ·

287 1377 396 1410 ρηται
416 1361 596 1408 πρότερον
618 1361 660 1398 τὸ
687 1363 874 1405 σημαίνειν
898 1360 965 1396 τὸν
986 1361 1094 1405 λόγον
1118 1361 1256 1399 ταύτὸν
1274 1365 1326 1410 τῷ
1345 1362 1499 1408 ὀνόματι
1600 1363 1637 1410 ἤ,
1653 1364 1703 1406 αῖς

286 1417 306 1455 ό
327 1416 501 1463 ἐξηγητὴς
521 1417 625 1460 λέγει,
644 1417 707 1452 καὶ
728 1415 999 1461 ἐκληφθήσεται
1014 1418 1151 1458 διττοῒς
1171 1420 1262 1465 (leg.
1281 1420 1427 1463 διττῶς)
1452 1419 1492 1455 τὰ
1510 1421 1619 1456 τοῦτο
1641 1431 1702 1466 ση-

285 1474 427 1519 μαίνειν
442 1472 508 1508 τὸν
525 1471 645 1516 λόγον,
670 1469 694 1516 ἢ
707 1470 777 1517 γὰρ
791 1470 857 1507 τὸν
875 1469 982 1516 λόγον
998 1473 1063 1516 τῆς
1079 1470 1199 1518 ὀρθῆς
1222 1476 1333 1510 τοῦτο
1354 1475 1542 1519 σημαίνειν
1557 1474 1599 1510 τὸ
1621 1476 1702 1517 ἴσας

289 1528 386 1566 εἶναι
409 1530 476 1573 τῆς
493 1530 582 1573 (leg.
606 1527 692 1571 τὰς)
710 1526 841 1572 ἐφεξῆς
857 1523 883 1571 ἢ
909 1529 1017 1562 τοῦτο
1034 1530 1221 1572 σημαίνειν
1237 1529 1303 1565 τὸν
1322 1528 1567 1575 συλλογισμόν,
1585 1529 1701 1576 ἤγουν

287 1585 470 1632 παριστάν
492 1583 560 1618 τὸν
581 1580 734 1627 ὁρισμὸν
748 1583 813 1626 τῆς
833 1580 964 1628 ὀρθῆς.
1009 1584 1129 1629 Marg.

192 1637 270 1674 9412
376 1639 527 1679 ἐλλιπῶς
554 1639 665 1673 τοῦτο
693 1638 846 1683 εἴρηται.
902 1637 975 1674 ἔδει
999 1635 1069 1683 γὰρ
1097 1641 1338 1684 προσκεῖσθαι
1362 1639 1404 1675 τὸ
1437 1639 1512 1676 ἔστι
1546 1643 1703 1678 τοιαῦτα

247 1682 382 1731 8.οἴον
426 1696 546 1739 Max-g.

193 1749 272 1784 94b
379 1747 488 1784 οὐδὲν
514 1747 684 1794 διαφέρει
706 1747 741 1783 εἰ
761 1747 824 1782 καί
845 1758 940 1783 τισιν
955 1747 1072 1783 έκεῖνο
1097 1748 1233 1791 μᾶλλον
1249 1747 1352 1791 ἔδοξε
1367 1748 1564 1795 προσήκειν
1580 1764 1630 1798 τω
1646 1764 1702 1788 τε-

227 1794 273 1827 12
288 1806 376 1853 λικῷ
392 1805 497 1849 αἰτίῳ
513 1803 693 1848 λέγεσθαι.
734 1803 902 1837 Riccard.

193 1860 285 1895 941».
375 1858 395 1896 ό
423 1860 586 1900 Νικαίας
611 1859 723 1904 φησὶν
753 1855 812 1894 ότι
837 1871 886 1898 ως
912 1855 1029 1893 τόπον
1056 1860 1369 1904 προσυλλογισμοῦ
1390 1858 1565 1905 λαμβάνει
1591 1858 1632 1896 τὸ
1650 1860 1700 1906 μὴ

130 1951 146 1959 ,,
194 1904 269 1937 13
286 1914 518 1957 ἐπιπολάζειν
536 1913 582 1949 τὰ
602 1915 710 1949 σιτία.
756 1914 875 1958 Marg.

192 1969 269 2003 94b
373 1971 485 2006 τοῦτο
518 1969 558 2004 δε
587 1969 629 2004 τὸ
655 1969 706 2013 μὴ
722 1966 964 2008 ἐπιπολάζειν,
996 1966 1101 2010 φημί,
1125 1966 1174 2002 τὰ
1198 1968 1297 2003 σιτία
1329 1967 1469 2013 δηλαδὴ
1490 1967 1531 2004 τὸ
1559 1974 1587 2005 Β
1604 1969 1701 2006 ἐστὶν
1748 1998 1750 2001 -

225 2013 317 2047 19”
285 2037 406 2071 ωσπερ
426 2023 596 2071 ἄντικρὺς
613 2022 759 2070 ὁρισμὸς
771 2023 838 2058 τοῦ
847 2021 996 2068 πρώτου
1012 2019 1127 2067 ἄκρου
1145 2023 1210 2067 τῆς
1228 2022 1322 2058 κατὰ
1339 2022 1407 2068 τὴν
1422 2023 1536 2068 πέψιν
1550 2024 1699 2069 ὑγιείας.

284 2081 451 2116 Riccard.

188 2132 269 2170 941)
376 2138 410 2172 εἰ
434 2135 474 2171 δε
503 2134 600 2179 λέγοι
618 2147 686 2177 τις,
714 2131 789 2168 ἀλλ’
812 2128 880 2176 οὐχ
900 2128 920 2166 ὃ
939 2127 1185 2177 προύθέμεθα
1200 2132 1410 2177 δείκνυμεν·
1455 2132 1521 2169 τὸν
1540 2133 1606 2178 μὲν
1629 2148 1698 2181 γαρ

223 2179 267 2210 22
284 2194 352 2228 τοῦ
371 2188 547 2236 ἡμετέρου
573 2190 683 2234 λόγου
702 2187 840 2224 σκοπὸν
860 2186 954 2222 εἶναι
978 2186 1089 2232 μεσον
1104 2183 1193 2232 όρον
1220 2185 1257 2222 ἐν
1276 2187 1459 2230 ἀποδείξει
1476 2187 1543 2234 τὴν
1558 2189 1699 2235 τελικὴν

285 2249 410 2283 αἰτίαν
432 2248 555 2292 λαβεῖν
578 2246 641 2280 καὶ
662 2244 704 2280 τὸ
733 2257 776 2280 ου
801 2242 918 2285 ενεκα,
944 2241 1111 2286 δηλονότι
1134 2242 1202 2287 τὴν
1227 2240 1378 2286 υγίειαν,
1405 2242 1501 2288 ἡμᾶς
1517 2244 1557 2280 δὲ
1573 2247 1640 2281 νῦν
1655 2244 1697 2281 τό

282 2303 334 2349 μὴ
363 2301 592 2343 ἐπιπολάζειν
614 2298 660 2335 τὰ
682 2300 779 2335 σιτία
796 2297 906 2344 μέσον
933 2294 1093 2343 λαβεῖν
1078 2294 1179 2343 όρον,
1206 2297 1296 2343 ὅπερ
1317 2297 1414 2333 ἐστὶν
1431 2297 1534 2334 ἕνεκά
1552 2312 1618 2335 του
1635 2300 1699 2335 καὶ

284 2357 454 2394 αἰτιατόν
480 2356 543 2392 καὶ
571 2354 739 2399 συνάγειν
766 2354 835 2398 τὴν
856 2353 997 2397 ’ὑγίειαν
1019 2351 1113 2388 κατὰ
1139 2354 1210 2387 τοῦ
1233 2350 1307 2388 ἀπὸ
1324 2354 1475 2388 δείπνου
1492 2354 1697 2400 περιπάτου

282 2413 345 2448 καὶ
372 2412 435 2448 διὰ
453 2413 566 2447 τοῦτο
591 2407 832 2455 ἁμαρτάνειν,
862 2407 1024 2444 άκουέτω
1048 2407 1098 2448 ὥς
1117 2405 1189 2452 ἄρα
1209 2407 1277 2453 χρὴ
1300 2409 1591 2454 μεταλαμβάνειν
1610 2410 1699 2451 τούς

282 2468 414 2513 λόγους
437 2468 504 2503 τοῦ
521 2465 761 2510 συλλογισμοῦ
785 2488 794 2498 .
806 2488 814 2497 .
829 2489 837 2498 .
860 2465 911 2511 τῷ
925 2463 1115 2510 Σωκράτει
1134 2463 1236 2508 χρεία
1251 2464 1321 2497 τοῦ
1333 2462 1525 2507 ὑγιαίνειν,
1548 2459 1576 2512 ᾦ
1595 2466 1698 2512 χρεία

282 2526 351 2559 τοῦ
374 2523 555 2568 ὑγιαίνειν
581 2523 640 2557 δεῖ
666 2522 801 2556 τοῦτον
825 2516 899 2554 άπὸ
931 2520 1081 2554 δείπνου
1108 2521 1331 2564 περιπατεῖν.
1376 2518 1451 2554 ἐκεῖ
1467 2519 1532 2564 μὲν
1554 2519 1623 2566 γὰρ
1636 2520 1697 2556 ἐπὶ

283 2579 357 2612 τῶν
384 2579 586 2623 ποιητικῶν
610 2576 740 2612 αἰτιῶν
764 2600 773 2609 .
788 2599 817 2609 ..
840 2575 1006 2610 ἐνταῦθα
1029 2573 1070 2609 δὲ
1094 2571 1118 2618 ἢ
1146 2572 1206 2608 ἐπὶ
1227 2574 1301 2609 τῶν
1324 2576 1473 2609 τελικαῖν
1487 2575 1615 2610 αἰτιῶν
1640 2577 1700 2611 δεῖ

282 2634 429 2678 πρῶτον
454 2632 625 2678 γενέσθαι
650 2629 691 2667 τὸ
720 2634 751 2667 Γ
768 2627 809 2666 τό
832 2629 982 2675 ἔσχατον
1005 2629 1075 2671 καὶ,
1093 2627 1270 2665 αἰτιατόν.
1316 2630 1480 2665 Riccard.
1507 2634 1541 2666 et
1564 2631 1695 2666 similia

282 2688 407 2723 Prodr.
