1826 3112
268 202 322 240 9⁰
793 201 1173 234 ΚΑΤΗΓΟΡΙΑΙ.

271 296 415 354 οὐδέν,
444 295 529 343 ὅσα
548 298 660 343 ἐστὶν
675 296 820 344 οὐσία.
871 294 977 344 ω’στε
1004 295 1089 344 οὐκ
1109 315 1162 343 αν
1181 295 1460 357 ἐπιδέχοιτο
1434 315 1464 359 η
1482 294 1614 343 οὐσία
1632 294 1682 342 τὸ

269 367 434 424 μᾶλλον
451 365 524 409 καὶ
543 357 682 426 ἧττον.

223 448 257 476 10
403 429 605 475 Μάλιστα
627 430 673 474 δὲ
694 429 808 473 ἴδιον
825 431 903 489 τῆς
922 426 1078 485 οὐσίας
1097 431 1221 475 δοκεῖ
1237 424 1345 474 εἶναι
1362 425 1413 475 τὸ
1430 424 1593 473 ταύτὸν
1611 426 1686 471 καὶ

267 495 315 540 ἓν
340 493 515 559 οἷριθμῶ
538 493 588 540 ὃν
606 498 692 539 τῶν
712 493 912 540 ἐναντίων
931 490 1039 540 εἶναι
1070 492 1276 549 δεκτικόν,
1305 491 1399 539 οἷον
1415 493 1482 539 ἐπὶ
1500 493 1577 552 μὲν
1597 509 1686 538 των

271 559 414 606 αλλων
454 577 538 606 ουκ
581 557 635 605 άν
670 560 758 619 ἔχοι
792 577 856 616 τις
883 557 933 606 τὸ
968 565 1148 606 τοιοῦτο
1183 565 1472 620 προενεγκεῖν,
1517 555 1602 605 ὅσοι
1626 557 1686 620 μή

272 627 379 671 εἰσιν
411 624 574 681 οὐσίαι,
607 623 633 671 ὃ
656 625 704 670 ὲν
731 623 905 708 αριθμῷ
932 623 984 672 δν
1003 630 1088 672 τῶν
1115 626 1315 673 ἐναντίων
1342 624 1534 671 δεκτικόν
1559 625 1686 680 ἐστιν,

273 689 366 737 οἷον
382 689 432 736 τὸ
455 695 617 751 χρῶμα,
644 688 670 737 ὅ
690 692 842 737 ἐστιν“
824 709 869 737 εν
888 693 962 737 καὶ
991 690 1151 739 ταύτὸν
1169 696 1230 756 τῷ
1249 690 1436 775 ἀριθμῷ,
1466 689 1552 737 οὐκ
1571 690 1687 736 ἔσται

221 774 254 801 1⁵
272 755 436 838 λευκὸν
456 758 531 802 καὶ
558 758 712 817 μέλαν,
754 755 899 803 οὐδ’
871 775 901 819 η
924 755 1035 819 αύτὴ
1053 738 1210 818 πρᾶξις
1223 759 1297 803 καὶ
1316 758 1392 816 μία
1424 761 1485 820 τῶ
1513 754 1687 820 ἀριθμῷ

273 821 359 869 οὐκ
396 823 514 868 ε’σται
558 822 712 885 φαύλη
756 824 829 868 καὶ
869 824 1111 869 σπουδαία·
1176 822 1386 879 ὡσαύτως
1424 824 1471 868 δὲ
1510 823 1584 867 καὶ
1620 821 1688 867 ἐπὶ

271 906 361 934 των
387 887 551 944 ἄλλων,
598 886 683 935 ὅσα
711 888 770 948 μή
800 889 908 934 εἰσιν
937 887 1100 934 ου’σίαι.
1169 886 1198 950 ἡ
1231 889 1278 934 δέ
1309 906 1355 948 γε
1385 886 1519 933 οὐσία
1541 887 1589 933 ἓν
1615 887 1688 932 καὶ

272 951 434 1000 ταύτόν
461 952 637 1039 ἀριθμῷ
666 952 717 1000 ὂν
746 952 940 1000 δεκτικὸν
968 972 1057 1000 των
1082 954 1282 1001 ἐναντίων
1299 953 1425 1009 ἐστίν,
1453 949 1591 999 οἷον
1569 970 1595 998 ο
1625 953 1690 1009 τὶς

273 1017 530 1079 ανθρωπος,
572 1018 631 1075 εἷς
653 1020 726 1064 καὶ
758 1017 783 1064 6
805 1017 938 1076 αὐτὸς
968 1017 1051 1076 ω’ν,
1092 1018 1164 1065 ὁτὲ
1182 1020 1260 1079 μὲν
1277 1017 1434 1075 λευκὸς
1452 1017 1520 1065 ὁτὲ
1541 1019 1588 1064 δὲ
1610 1018 1687 1078 μέ-

222 1105 257 1132 20
273 1088 351 1141 λας
393 1086 577 1145 γίνεται,
621 1086 695 1130 ’καὶ
735 1083 903 1144 θερμὸς
941 1086 1014 1130 καὶ
1049 1085 1248 1146 ψυχρός,
1292 1086 1366 1131 καὶ
1404 1088 1581 1145 φαῦλος
1616 1084 1690 1130 καὶ

272 1154 529 1206 σπουδαῖος
593 1150 661 1196 ἐπὶ
692 1151 739 1196 δὲ
766 1168 852 1196 των
873 1148 1015 1197 αλλων
1039 1149 1226 1208 ου’δενὸς
1246 1152 1443 1212 φαίνεται
1469 1148 1520 1196 τὸ
1538 1153 1689 1196 τοιοῦ-

270 1234 368 1272 τον,
404 1217 441 1261 εἰ
468 1215 528 1277 μή
559 1233 624 1273 τις
653 1216 860 1262 ἐνίσταιτο
890 1215 966 1263 τὸν
991 1218 1124 1278 λόγον
1141 1218 1214 1263 καὶ
1237 1215 1320 1279 τὴν
1349 1214 1485 1271 δόξαν
1507 1216 1691 1276 φάσκων

271 1299 359 1328 των
387 1281 597 1328 τοιούτων
636 1278 741 1328 εἶναι
773 1281 953 1328 δεκτικά.
1023 1281 1049 1328 6
1081 1283 1163 1343 γὰρ
1193 1301 1252 1329 av
1242 1280 1328 1339 ’τὸς
1357 1283 1487 1343 λόγος
1519 1280 1691 1344 α’ληθὴς

272 1348 346 1393 καὶ
367 1346 540 1410 ψευδὴς
564 1345 670 1394 εἶναι
693 1351 833 1405 δοκεῖ,
868 1346 962 1394 οἷον
991 1349 1029 1394 εἰ
1054 1347 1229 1410 ἀληθὴς
1255 1350 1321 1416 είη
1342 1346 1367 1394 6
1389 1347 1520 1409 λόγος
1535 1345 1588 1393 τὸ
1607 1365 1690 1393 κα-

224 1432 259 1460 25
273 1415 452 1476 θῆσθαί
470 1431 578 1470 τινα,
602 1412 867 1469 αναστάντος
887 1412 1029 1460 αὐτοῦ
1041 1413 1066 1460 6
1082 1413 1217 1471 αὐτὸς
1229 1416 1364 1470 οὗτος
1384 1411 1693 1475 λόγος’ψευδὴς

275 1481 403 1525 ἔσται.
469 1478 683 1536 ωσαύτως
712 1481 759 1525 δὲ
788 1480 863 1525 καὶ
895 1480 963 1525 ἐπὶ
990 1484 1068 1542 τῆς
1088 1479 1238 1543 δόξης·
1273 1482 1310 1526 εἰ
1327 1479 1409 1541 γάρ
1430 1497 1495 1536 τις
1512 1479 1692 1541 άληθῶς

276 1544 410 1602 δοξάζ
409 1562 451 1590 οι
459 1544 510 1591 τὸ
519 1546 755 1608 καθῆσθαί
763 1562 870 1601 τινα,
891 1544 1155 1603 ἀναστάντος
1168 1545 1310 1593 αὐτοῦ
1317 1549 1494 1602 ψευδῶς
1505 1544 1691 1602 δοξάσει,

274 1609 355 1671 τὴν
379 1609 524 1673 αὐτὴν
544 1612 649 1671 ἔχων
667 1612 764 1671 περὶ
781 1610 923 1658 αὐτοῦ
941 1610 1084 1667 δόξαν.
1153 1613 1191 1659 εἰ
1210 1613 1258 1659 δέ
1274 1630 1338 1668 τις
1360 1613 1433 1658 καὶ
1450 1615 1582 1658 τοῦτο
1602 1625 1692 1658 πα-

275 1677 522 1737 ραδέχοιτο,
564 1675 674 1723 ἄλλα
707 1694 766 1722 τω
793 1695 838 1738 γε
865 1676 1012 1742 τρόπω
1040 1679 1247 1738 διαφέρει.
1314 1676 1366 1723 τὰ
1399 1695 1477 1737 μεν
1511 1695 1596 1738 γαρ
1624 1677 1692 1723 ἐπὶ

225 1758 260 1786 80
274 1760 363 1789 των
381 1741 551 1789 ου’σιων
571 1741 683 1790 αὐτὰ
708 1723 1025 1803 μεταβάλλοντα
1045 1742 1217 1790 δεκτικά
1249 1761 1335 1789 των
1362 1743 1562 1790 ἐναντίων
1582 1743 1690 1789 ἐστί·

363 1929 387 1962 8
404 1926 524 1970 οὐδέν]
543 1926 659 1962 οὐθέν
675 1929 717 1971 A,
745 1925 874 1962 ου’δὲ“”
853 1941 892 1963 εν
909 1939 946 1973 g,
971 1941 1027 1961 om
1047 1940 1088 1972 pr
1106 1930 1139 1971 d,
1172 1925 1281 1962 ουδὲν
1297 1927 1396 1963 ἔσται
1412 1941 1446 1962 η.
1470 1947 1513 1956 -
1543 1929 1566 1972 ἦ
1584 1926 1693 1965 οὕσία

300 1985 318 2005 r
336 1985 390 2006 om
409 1983 447 2016 g
471 1990 517 1997 .-.
556 1973 576 2005 9
597 1973 658 2007 καὶ
685 1970 726 2006 τὸ
750 1967 864 2015 ἦττον
887 1973 1101 2028 Cufghabde.
1124 1991 1169 1997 —
1211 1980 1288 2015 post
1307 1967 1417 2016 ἦττον
1434 1974 1532 2005 addit
1548 1986 1590 2007 π.
1624 1987 1693 2009 ουκ

294 2027 350 2052 στι
374 2016 413 2050 δὲ
441 2012 527 2049 ουδὲ
547 2017 656 2051 τοῦτο
684 2017 780 2050 ἴδιον
806 2018 871 2059 τῆς
890 2016 1017 2056 ον’σίας
1035 2014 1077 2050 τὸ
1096 2013 1144 2060 μὴ
1171 2015 1403 2071 ἐπιδέχεσθαι
1420 2013 1535 2061 αυτὴν
1549 2016 1590 2053 τὸ
1596 2020 1692 2076 μᾶλ-

275 2063 339 2096 λον
365 2059 429 2095 καὶ
452 2054 575 2103 ἦττον.
620 2061 682 2094 καὶ
709 2058 778 2105 γὰρ
804 2060 846 2095 τὸ
868 2060 985 2096 ποσὸν
1007 2059 1073 2095 οὐκ
1103 2059 1304 2104 ἐπιδέχεται
1329 2059 1369 2096 τὸ
1385 2062 1522 2106 μᾶλλον
1546 2063 1607 2097 καὶ
1624 2059 1693 2107 ἧτ-

274 2119 351 2140 τον.
374 2124 418 2130 —
444 2107 485 2138 10
504 2105 607 2139 δοκεῖ
621 2113 699 2138 ante
718 2106 815 2139 ἴδιον
837 2107 893 2139 Ce.
918 2125 960 2131 --
988 2108 1028 2139 12
1043 2103 1124 2149 ου’κ]
1148 2105 1300 2146 ου’δενᾶς
1315 2118 1417 2150 uaeg.
1444 2124 1484 2130 —
1509 2105 1550 2141 τὸ
1567 2109 1693 2143 τοιοῦ-

276 2150 334 2193 το]
353 2150 461 2183 τοῦτο
480 2160 515 2203 q,
542 2162 596 2182 om
622 2151 650 2183 C
667 2157 701 2182 et
729 2162 771 2204 pr
793 2151 879 2182 Bdn.
907 2169 945 2174 —
980 2151 1151 2184 τοιοῦτον
1175 2152 1210 2184 h.
1237 2170 1275 2176 --
1301 2155 1554 2196 προσενεγκεῖν
1571 2164 1623 2186 ue.
1649 2172 1692 2178 —

279 2197 321 2229 13
344 2192 440 2228 ἐστιν
457 2191 563 2228 οὐσία
585 2195 671 2238 Cng.
683 2213 724 2219 —
751 2206 795 2228 ον
813 2207 865 2227 om
880 2206 907 2228 e.
917 2212 962 2219 ——
979 2193 1145 2229 δεκτικὸν
1163 2196 1234 2228 τῶν
1257 2194 1430 2230 ἐναντίων
1446 2208 1507 2240 ng.
1522 2215 1562 2221 —
1587 2198 1627 2230 14
1642 2197 1694 2242 τῷ

278 2251 334 2272 om
359 2240 418 2272 Cn.
444 2258 482 2263 —
511 2237 584 2273 ἐστι
604 2240 676 2281 Ces,
695 2238 835 2282 λέγεται
853 2251 886 2272 τι.
903 2257 948 2263 —-
975 2241 1016 2272 15
1038 2237 1122 2273 ουθ’
1141 2241 1219 2272 Ceh
1237 2258 1278 2265 —
1303 2241 1354 2286 τῷ
1373 2241 1444 2273 fort
1461 2253 1502 2294 pr
1521 2242 1624 2275 omh.
1649 2260 1692 2266 —

280 2285 320 2317 16
338 2281 409 2337 ,οὐκ
429 2283 485 2315 del
500 2295 533 2316 η.
559 2302 601 2308 -
633 2283 708 2317 ἐστι
727 2295 760 2315 τι.
787 2301 832 2308 -
862 2279 935 2316 17
922 2279 1006 2316 ὅσαι
1022 2285 1086 2316 Ad.
1113 2304 1155 2309 —
1188 2274 1351 2327 ἕστινῂι.
1374 2303 1419 2310 —
1443 2282 1549 2319 ουσία
1563 2297 1624 2329 ng.
1648 2303 1693 2311 —

276 2324 415 2362 ταύτὸν
438 2326 531 2360 καὶ“
515 2340 553 2362 εν
572 2339 599 2361 e.
616 2347 656 2353 -
685 2328 726 2360 18
724 2323 906 2381 οἷςιθμῴ]
926 2328 976 2373 τῷ
998 2326 1211 2373 01²9.efg.—-
1236 2327 1378 2372 δεκτικὴ
1403 2330 1463 2363 Ch.
1481 2347 1522 2354 ·-—
1547 2331 1591 2362 20
1607 2332 1692 2374 θερ-

276 2373 344 2415 μός
370 2384 408 2427 γε
436 2371 498 2405 καὶ
525 2384 558 2406 π.
582 2391 626 2397 -
659 2371 803 2426 φαυλος
824 2384 864 2406 τε
886 2361 1024 2415 γίνεται
1055 2374 1114 2407 καὶ
1147 2374 1225 2406 Cela.
1249 2391 1295 2398 —
1332 2375 1371 2405 21
1398 2369 1495 2407 οὕδα
1495 2374 1571 2417 μῶς
1594 2385 1622 2407 ε.
1647 2393 1692 2399 -

277 2418 322 2449 22
345 2414 395 2459 μὴ
423 2429 469 2449 αν
497 2428 552 2455 τις
571 2428 618 2461 g,
681 2413 700 2460 ὴ
681 2412 799 2461 ηόἱρα
829 2428 883 2454 τις
917 2418 994 2450 Ceh.
1026 2435 1071 2442 —-
1111 2415 1295 2451 ἐνίσταται
1321 2418 1414 2459 Ceh,
1447 2430 1469 2450 n
1495 2420 1617 2450 incert.
1647 2436 1693 2443 —-

278 2462 321 2494 23
354 2459 545 2503 τοιούτων]
588 2429 762 2495 ἐναντίων
793 2461 944 2510 Cdcfhn‚
976 2459 1156 2495 τοιούτων
1193 2461 1366 2496 ἐναντίων
1392 2473 1429 2506 3·
1461 2481 1507 2488 -
1549 2461 1694 2507 ἀληθής

278 2517 317 2538 τε
334 2505 395 2538 και
420 2506 561 2548 Cnuefh.
575 2524 620 2529 —-
635 2506 678 2539 24
696 2506 800 2539 δοκεῖ
814 2503 908 2539 εἶναι
932 2507 1058 2550 Ceung
1075 2526 1114 2532 —
1135 2504 1194 2551 τὸ]
1215 2507 1283 2541 τοῦ
1298 2517 1336 2550 g,
1357 2518 1412 2539 om
1432 2508 1476 2541 Ce
1495 2514 1530 2539 et
1544 2519 1585 2549 pr
1603 2508 1637 2540 h.
1650 2526 1692 2532 —

278 2550 323 2582 25
340 2543 446 2588 οὗτος
468 2562 522 2583 om
545 2551 647 2583 Ceha.
672 2567 716 2575 —
747 2548 852 2593 λόγος
868 2557 948 2592 post
967 2548 1110 2594 ψευδὴς
1129 2552 1208 2594 Cela,
1230 2563 1284 2584 om
1306 2562 1362 2584 πα
1388 2570 1430 2576 -
1461 2552 1505 2585 26
1523 2549 1569 2584 αν
1585 2561 1624 2595 g.
1648 2569 1690 2575 --

280 2591 416 2646 ἄληθες
431 2605 471 2637 g.
481 2612 524 2619 —
543 2595 588 2627 27
594 2593 748 2650 δοξάζῃ
765 2606 803 2639 g,
819 2593 962 2636 δοξάζει
978 2606 1004 2637 c,
1025 2577 1234 2640 prm—16]
1250 2595 1316 2630 τοῦ
1328 2606 1377 2651 g.
1390 2595 1582 2637 -ψεῦδος
1600 2596 1637 2628 C.
1649 2613 1688 2619 —-

280 2636 441 2681 δοξάσει]
472 2637 490 2673 ὁ
514 2635 628 2691 αυτὸς
654 2652 764 2679 ουτος
790 2638 932 2681 δοξάζει
957 2641 1014 2673 nh.
1049 2659 1094 2665 —
1142 2641 1188 2674 28
1211 2638 1293 2683 τὴν]
1318 2638 1336 2673 6
1361 2639 1429 2682 τὴν
1454 2650 1492 2684 g.
1519 2658 1561 2665 -
1601 2637 1691 2682 ἔχων

282 2693 350 2760 οἵ]
361 2694 390 2715 e.
412 2679 525 2759 -ὴδὴ
546 2694 579 2715 η.
605 2702 650 2709 -
672 2685 717 2718 29
733 2683 927 2729 παρέχοιτο
947 2696 975 2718 e.
997 2703 1042 2710 --
1065 2686 1109 2720 30
1123 2686 1198 2721 τῶν
1212 2683 1331 2720 ἐναντ.
1356 2682 1502 2719 δεκτικα
1515 2683 1581 2718 εἰσι
1598 2694 1639 2727 g·
1647 2701 1690 2708 --

281 2737 297 2760 ε
315 2726 350 2761 σι’
370 2738 447 2760 corr
