1734 3100
172 198 251 238 456
687 199 937 245 Analytica
968 199 1142 243 priora.

224 299 438 345 memorat,
473 296 722 348 syllogismos
759 294 865 337 κατὰ
901 294 1133 347 μετάληψιν
1158 296 1285 336 dictos
1309 296 1373 336 vel
1397 293 1502 337 κατὰ
1527 297 1649 338 ποιό-

225 370 347 409 τητοεἸ
409 360 514 408 Quid
552 359 606 396 sit
631 357 856 411 μετάληψις
882 360 1137 411 explicuimus
1164 358 1213 397 ad
1240 360 1407 399 41a39:
1435 360 1651 411 syllogismi

226 425 358 461 autem
385 420 491 461 κατὰ
516 419 719 474 ποιότητα
745 427 813 461 aut
838 423 956 461 iidem
986 427 1077 461 sunt
1103 425 1220 472 atque
1247 423 1311 474 qui
1337 423 1522 462 dicuntur
1546 420 1652 463 κατὰ

228 483 460 535 μετάληψιν
494 487 562 523 aut
589 497 637 523 ex
663 497 825 524 numero
854 498 1017 533 eorum,
1043 485 1134 535 quia
1162 484 1264 535 quod
1295 485 1527 524 Aristoteles
1557 485 1654 524 dicit

214 559 282 585 ys.
314 549 363 585 18
389 548 438 586 ad
459 550 646 598 utrosque
662 548 843 599 pertinet.
899 548 1008 587 Nihil
1035 547 1132 586 clari
1158 547 1211 585 de
1235 547 1283 585 iis
1311 548 1471 586 tradunt
1497 554 1652 587 veteres

226 608 377 660 intpp.;
410 610 568 648 videtur
594 615 725 649 autem
755 610 1003 662 syllogismus
1031 610 1274 657 „secundum
1303 609 1556 660 qualitatem''
1584 622 1653 660 ap-

225 671 367 721 pellari
405 684 481 722 quo
518 672 666 722 aliquid
697 673 892 723 colligitur
931 672 982 710 de
1019 672 1141 723 gradu
1170 672 1365 722 qualitatis
1392 671 1554 710 alicuius
1582 671 1653 710 rei.

226 731 329 772 Nam
365 734 606 785 Philoponus
655 735 796 780 (schol.
835 735 1004 780 178b9)
1049 746 1117 772 eos
1156 734 1401 784 syllogismos
1437 733 1654 784 appellatos

230 807 320 834 esse
355 796 452 835 dicit
486 794 594 836 κατὰ
627 796 850 848 ποιότητα,
891 794 984 835 ὅσοι
1011 793 1056 834 ἐκ
1082 797 1161 834 τοῦ
1189 795 1349 844 μᾶλλον
1376 793 1656 846 ἐπιχειροῦσιν

227 854 256 908 ἢ
284 855 330 898 ἐκ
364 860 444 899 τοῦ
480 851 608 911 ἧττον
643 857 670 910 ἢ
709 858 755 899 ἐκ
791 861 870 898 τοῦ
908 855 1073 907 ὁμοίου.
1135 857 1294 895 Falsum
1324 861 1433 895 certe
1460 856 1655 906 estquod

228 921 325 960 dicit
359 922 448 960 Zell
480 925 538 972 (p.
566 923 644 959 266
671 925 794 970 not.),
831 920 993 960 eosdem
1020 920 1267 971 syllogismos
1297 919 1412 957 etiam
1441 919 1656 969 appellatos

229 995 319 1021 esse
335 982 441 1022 κατὰ
460 983 720 1034 πρόσληψιν;
743 987 880 1034 aperte
898 983 1001 1020 enim
1022 981 1254 1020 contradicit
1268 981 1507 1032 Philoponus
1530 982 1654 1020 schol.

227 1045 387 1094 178117,
415 1046 484 1096 qui
509 1059 532 1084 a
559 1045 708 1084 Stoicis
734 1044 973 1096 πρόσληψιν
992 1044 1132 1082 eodem
1161 1055 1278 1081 sensu
1305 1043 1450 1081 dictam
1477 1055 1567 1082 esse
1593 1056 1656 1082 re-

228 1105 310 1146 fert
347 1121 423 1158 quo
460 1107 691 1159 μετάληψιν
727 1121 750 1146 a
775 1106 1059 1158 Peripateticis.
1122 1105 1232 1154 Quos
1259 1105 1557 1156 Theophrastus
1584 1119 1655 1157 ap-

229 1170 434 1221 pellaverit
455 1164 764 1222 συλλογισμοὺς
782 1168 889 1209 κατὰ
905 1168 1142 1221 πρόσληψιν
1161 1168 1378 1206 videbimus
1397 1167 1445 1206 ad
1459 1170 1510 1206 58
1522 1168 1593 1207 bs.
1606 1189 1658 1197 —

227 1232 304 1271 His
322 1234 442 1284 igitur
470 1234 719 1285 syllogismis,
747 1233 802 1271 ait
827 1232 1077 1279 Aristoteles,
1104 1232 1139 1269 si
1167 1230 1368 1280 quaeritur
1393 1230 1548 1274 medius
1573 1236 1657 1269 ter-

228 1296 381 1345 minus,
418 1298 596 1346 quaestio
634 1296 773 1335 eadem
810 1297 959 1334 ratione
984 1293 1224 1332 instituenda
1251 1297 1314 1331 est
1338 1296 1457 1342 atque
1482 1293 1523 1331 in
1550 1297 1658 1332 cate-

229 1358 392 1412 goricis:
429 1372 517 1398 nam
555 1359 776 1409 categorice
812 1357 928 1396 etiam
961 1358 999 1396 in
1024 1357 1087 1395 his
1115 1356 1317 1406 profertur
1343 1355 1495 1394 medius
1522 1356 1658 1394 termi-

230 1432 328 1471 ιιιιε,
368 1422 561 1472 siquidem
597 1422 775 1471 quaestio
813 1433 889 1459 non
927 1420 1090 1459 vertitur
1119 1415 1167 1458 ἐν
1201 1419 1291 1465 τοῖς
1318 1416 1359 1466 ἐξ
1385 1416 1526 1470 ἀρχῆς,
1554 1419 1594 1458 h.
1622 1423 1657 1458 e.

230 1494 309 1522 non
330 1484 437 1523 iniis
465 1496 568 1534 quae
594 1496 681 1522 cum
710 1483 936 1522 conditione
963 1483 1159 1521 enuntiata
1182 1486 1287 1529 sunt,
1314 1482 1386 1520 sed
1413 1481 1454 1519 in
1480 1481 1530 1519 iis
1558 1493 1658 1532 quae

230 1550 395 1597 accepta
425 1551 515 1585 sunt
543 1550 586 1584 et
610 1558 795 1584 concessa
821 1549 1004 1596 tanquam
1030 1544 1327 1583 fundamentum
1355 1543 1571 1594 syllogismi
1592 1540 1659 1588 (ἐν

230 1609 320 1655 τοῖς
345 1605 668 1659 ὑποκειμένοις).
695 1629 748 1637 ·--
783 1607 841 1646 De
873 1608 923 1645 iis
951 1606 1201 1657 syllogismis,
1230 1618 1396 1656 quorum
1424 1609 1465 1644 et
1492 1610 1659 1657 utraque

230 1672 450 1722 propositio
485 1675 526 1709 et
559 1670 758 1709 conclusio
793 1681 881 1707 cum
913 1668 1134 1707 conditione
1160 1669 1378 1719 profertur,
1405 1679 1483 1706 non
1510 1669 1659 1719 cogita-

230 1733 336 1772 visse
365 1733 527 1782 >videtur
564 1732 827 1771 Aristoteles:
864 1731 1076 1770 ostendunt
1111 1734 1221 1769 certe
1258 1742 1357 1780 quae
1396 1730 1493 1768 dicit
1523 1742 1580 1768 vs.
1607 1732 1660 1768 20

231 1808 308 1847 quo
345 1799 526 1846 tempore
564 1795 664 1833 haec
701 1794 861 1844 scripsit
894 1806 983 1831 eum
1019 1793 1191 1832 nondum
1227 1792 1321 1831 satis
1348 1792 1596 1842 inquisivisse
1620 1793 1660 1832 in

229 1862 409 1896 naturam
436 1858 753 1909 syllogismorum
779 1855 1140 1906 hypotheticorum.

178 1920 331 1958 45b21
359 1919 505 1971 Tangit
543 1919 659 1957 aliam
694 1917 952 1958 concludendi
977 1917 1196 1964 rationem,
1233 1929 1309 1966 qua
1335 1917 1498 1956 alterum
1527 1917 1577 1956 de
1603 1917 1659 1956 al-

228 1986 316 2023 tero
352 1982 532 2020 universo
567 1979 787 2030 praedicari
822 1978 1018 2027 colligitur
1052 1977 1092 2016 in
1129 1978 1246 2016 tertia
1281 1979 1408 2029 figura
1435 1979 1660 2018 conditione

230 2044 401 2094 quadam
429 2045 613 2082 assumta.
677 2032 832 2080 Etenim
859 2041 895 2078 si
922 2041 1102 2091 ponimus
1132 2041 1175 2079 Γ
1184 2056 1245 2071 =
1267 2040 1335 2089 Η,
1373 2042 1661 2092 praedicabitur

231 2108 272 2146 A
307 2108 358 2145 de
394 2105 499 2144 omni
538 2105 580 2144 Γ
612 2109 653 2144 et
680 2105 721 2143 E
747 2105 797 2142 de
824 2105 929 2143 omni
958 2102 1015 2152 Γ,
1050 2103 1168 2150 unde,
1196 2103 1228 2141 si
1255 2103 1489 2142 assumimus
1518 2103 1560 2143 E
1583 2116 1659 2143 non

230 2169 453 2221 praedicari
488 2168 564 2207 nisi
601 2167 651 2206 de
687 2167 771 2206 solo
809 2166 976 2205 termino
1005 2165 1057 2204 H
1087 2166 1190 2212 (sive
1218 2166 1308 2214 Γ),
1345 2166 1529 2217 colligere
1564 2166 1660 2205 lice-

230 2232 289 2271 bit
317 2232 358 2270 A
388 2230 606 2283 praedicari
645 2231 695 2268 de
729 2229 834 2268 omni
861 2231 923 2268 E:
963 2242 1051 2268 nam
1090 2230 1179 2280 quia
1207 2229 1248 2267 E
1284 2229 1335 2267 de
1362 2229 1447 2268 solo
1476 2229 1527 2278 Γ,
1565 2241 1658 2268 con-

231 2295 409 2346 sequitur
437 2294 480 2332 Γ
502 2295 552 2332 de
580 2294 684 2332 omni
709 2293 770 2340 Ε,
799 2305 966 2343 quocum
996 2292 1031 2330 si
1058 2292 1305 2342 coniungitur
1331 2292 1371 2330 A
1399 2292 1448 2330 de
1476 2293 1579 2331 omni
1607 2291 1658 2341 Γ,

192 2355 195 2357 ’
229 2357 485 2407 consequitur
511 2357 552 2395 A
579 2356 630 2394 de
656 2356 762 2395 omni
787 2356 839 2395 E.
867 2376 920 2383 —
955 2354 1227 2405 Reprehendit
1254 2354 1516 2405 Philoponus,
1556 2355 1660 2404 quod

229 2432 306 2460 non
343 2420 489 2458 dixerit
523 2418 659 2471 μόνον
684 2432 742 2460 vs,
770 2419 834 2468 24,
862 2418 933 2456 sed
959 2417 1214 2468 reprehendit
1241 2417 1343 2468 quod
1371 2429 1447 2455 non
1475 2417 1570 2455 satis
1597 2417 1658 2456 in-

229 2483 403 2522 tellexit:
440 2483 587 2522 etenim
619 2483 653 2521 si
683 2481 735 2521 H
755 2486 818 2521 est
842 2481 1083 2532 ἄνθρωπος,
1111 2481 1153 2519 Ε
1177 2478 1433 2532 γελαστικόν,
1459 2480 1560 2518 bene
1586 2479 1659 2518 ha-

229 2546 327 2585 beut
353 2545 495 2584 omnia.
521 2566 574 2575 ·--
609 2544 761 2584 Deinde
798 2545 837 2583 si·
867 2548 929 2583 est
954 2544 997 2582 A
1007 2543 1131 2582 =H
1150 2547 1192 2582 et
1217 2544 1259 2583 E
1283 2543 1334 2581 de
1360 2543 1444 2581 solo
1471 2540 1524 2580 H
1543 2553 1658 2592 prae-

229 2609 404 2656 dicatur,
440 2609 544 2647 unde
582 2608 700 2647 etiam
740 2606 792 2646 H
810 2608 861 2646 de
898 2607 1003 2646 omni
1029 2607 1090 2656 E,
1129 2605 1383 2656 consequitur
1407 2604 1448 2643 A
1474 2605 1526 2644 de
1551 2604 1657 2645 nullo

232 2670 292 2709 E:
319 2683 407 2711 nam
441 2671 477 2710 A
501 2671 752 2723 praedicatur
777 2671 828 2710 de
854 2669 960 2709 nullo
987 2670 1031 2709 A
1057 2674 1099 2710 et
1123 2671 1166 2708 A
1192 2668 1288 2717 (Η)
1315 2669 1366 2707 de
1393 2668 1498 2708 omni
1524 2668 1577 2707 Ε.

182 2734 233 2773 45
247 2733 335 2773 b34
362 2731 429 2773 ἐπὶ
454 2733 540 2776 τῶν
565 2733 706 2775 ἄλλων
731 2732 1008 2787 κατηγοριῶν.
1072 2731 1262 2773 Similiter
1299 2743 1363 2772 res
1391 2743 1436 2772 se
1462 2732 1596 2779 habet,
1624 2730 1657 2770 si
