1838 3086
656 202 911 249 Analytica
940 201 1108 247 priora.
1331 235 1334 237 ,
1569 199 1651 240 389

187 303 328 345 inanis.
384 301 541 352 Quibus
569 302 764 355 expositis
793 303 941 342 clarum
970 306 1046 352 est,
1076 312 1146 341 cur
1172 297 1288 340 codd.
1305 296 1354 338 Gi
1380 310 1438 339 vs.
1465 299 1518 337 19
1545 299 1648 338 scri-

189 374 300 420 ptum
330 367 504 406 habeant
530 365 613 407 τινὶ
651 364 709 419 μὴ
745 365 964 419 ὑπάρχειν,
1004 366 1112 417 quod
1150 365 1267 415 longe
1293 366 1532 416 praestaret,
1572 362 1649 402 nisi

190 432 318 471 altera
345 431 464 471 lectio
493 435 534 470 et
563 432 895 484 ipsa'Aristotelis
924 432 963 469 in
994 430 1207 470 scribendo
1235 428 1472 481 negligentia
1501 431 1647 466 et'am-

186 496 381 548 biguitate
410 496 768 543 commendaretur,
809 508 885 546 qua
914 495 1194 547 particularem
1225 492 1542 546 propositionem
1570 491 1650 530 hoc

186 560 276 598 loco
305 573 391 599 eam
422 559 535 607 dixit,
578 572 679 610 quae
715 559 767 598 de
803 559 928 597 altera
956 566 1071 610 parte
1101 559 1278 597 affirmet
1306 557 1411 608 quod
1442 555 1494 595 de
1521 555 1650 595 altera

163 627 320 674 meget,
360 628 405 662 ut
443 623 610 661 eandem
648 622 736 660 fere
775 622 851 661 vim
888 622 1059 662 habeant
1099 620 1146 662 τὸ
1183 619 1268 662 τινὶ
1295 620 1504 672 ὑπάρχειν
1531 624 1572 659 et
1597 617 1647 659 τὸ

184 684 268 726 τινὶ
295 683 354 738 μὴ
380 684 600 738 ὑπάρχειν.
630 708 680 716 -
736 685 779 724 In
807 685 1152 737 demonstratione
1170 687 1379 739 pergimus
1404 698 1462 725 vs.
1475 687 1528 723 28
1555 682 1647 723 ἀλλ’

185 747 232 790 ἐκ
260 752 339 790 τοῦ
369 749 617 801 α’διορίστου
645 747 846 790 δεικτέον.
908 751 1015 800 Quia
1044 750 1086 790 M
1118 751 1168 789 de
1196 751 1328 801 aliquo
1356 749 1394 789 X
1422 748 1650 801 praedicari

186 815 348 864 dicitur,
386 828 463 854 non
504 816 631 854 solum
672 828 792 866 quum
830 815 882 854 de
920 815 1052 866 aliquo
1092 815 1252 866 quidem
1291 813 1560 865 praedicatur,
1597 813 1650 852 de

186 880 320 931 aliquo
348 892 426 917 non
455 880 722 930 praedicatur,
762 878 834 916 sed
863 879 982 917 etiam
1012 892 1133 929 qluim
1163 879 1214 917 de
1243 877 1349 916 omni
1378 876 1648 927 praedicatur,

186 948 228 982 et
255 943 346 993 quia
384 956 460 982 non
490 943 537 982 fit
574 942 845 994 syllogismus,
883 956 1002 994 quum
1033 942 1079 981 M
1109 943 1160 981 de
1189 942 1297 980 omni
1316 940 1362 980 VN
1391 944 1433 979 ct
1460 941 1512 980 de
1541 940 1649 979 omni

184 1007 223 1046 X
251 1008 519 1058 praedicatur,
556 1011 724 1058 apparet
752 1006 829 1045 non
858 1007 947 1045 fieri
976 1006 1266 1058 syllogismum,
1305 1005 1427 1045 etiam
1454 1017 1575 1056 quum
1602 1003 1648 1043 M

188 1071 239 1110 de
268 1072 375 1109 omni
405 1071 440 1109 N
469 1076 512 1109 et
538 1071 590 1109 de
619 1071 752 1121 aliquo
781 1070 818 1109 X
847 1071 1116 1123 praedicatur.
1571 1058 1574 1062 ⁴

131 1135 284 1175 271137
315 1135 506 1173 Dedimus
534 1133 636 1186 μηδ’
665 1131 793 1186 ἑτέρῳ
822 1148 894 1186 pro
921 1132 1151 1187 μηδετέρῳ.
1220 1133 1311 1173 Zell
1348 1133 1552 1186 vulgarem
1589 1132 1649 1170 le-

185 1199 359 1238 ctionem
386 1199 505 1237 vertit
542 1212 684 1248 „wenn
707 1200 854 1238 keiner
881 1212 957 1237 von
997 1199 1143 1239 beiden
1170 1198 1381 1249 allgemeiu
1410 1196 1504 1246 ist''‚
1542 1196 1650 1246 quod

188 1264 223 1302 si
251 1264 328 1302 sibi
357 1264 552 1302 voluisset
579 1264 836 1311 Aristoteles,
873 1267 985 1302 certe
1014 1264 1182 1302 dixisset
1214 1260 1241 1314 ἢ
1279 1259 1495 1314 μηδετέρῳ
1521 1257 1652 1300 παντὶ

186 1325 365 1379 ὑπάρχει
401 1325 428 1379 ἢ
465 1318 522 1380 μὴ
557 1326 747 1379 ὑπάρχει.
810 1327 969 1366 Etenim
1000 1341 1119 1378 quum
1151 1328 1332 1378 proxime
1362 1326 1652 1378 praecessisset

186 1389 214 1444 ἢ
250 1395 308 1443 τῷ
345 1390 423 1442 μὲν
463 1393 610 1438 (intell.
647 1390 827 1443 ὑπάρχει
863 1390 967 1436 τινί)
1004 1392 1064 1446 τῷ
1103 1389 1150 1431 δὲ
1189 1391 1247 1444 μή
1287 1391 1431 1437 (iutell.
1469 1387 1650 1441 ὑπάρχει

116 1502 123 1508 ,
186 1455 306 1506 τινί),
346 1458 396 1495 ad
425 1459 544 1495 verba
573 1454 599 1508 ἢ
628 1454 844 1511 μηδετέρῳ
871 1455 1001 1496 παντί
1037 1470 1114 1495 non
1144 1456 1293 1507 poterit
1321 1459 1456 1493 mente
1482 1453 1650 1504 intelligi

185 1519 365 1572 ὑπάρχει
391 1519 419 1573 ἢ
450 1518 508 1573 μὴ
537 1519 730 1573 ὑπάρχει,
758 1523 829 1560 sed
859 1522 956 1560 nihil
985 1522 1060 1559 nisi
1089 1518 1292 1571 ὑπάρχειε
1334 1532 1458 1569 quare
1486 1519 1520 1557 si
1549 1517 1649 1570 legi-

186 1598 276 1625 mus
315 1583 342 1638 ἢ
381 1583 775 1639 μηδετέρῳ παντί,
815 1586 894 1624 hoe
935 1586 998 1624 vix
1038 1585 1153 1623 aliter
1191 1584 1342 1641 poterit
1379 1583 1493 1621 reddi
1531 1594 1649 1633 quam

186 1651 315 1700 „oder
343 1663 458 1689 weuu
486 1651 623 1689 keiner
652 1663 731 1690 von¹
757 1651 903 1689 beiden
930 1649 1142 1700 allgemein
1171 1648 1372 1701 bejahend
1408 1647 1504 1696 ist'’‚
1542 1646 1649 1698 quod

187 1714 236 1753 ab
265 1708 342 1753 hoc
371 1714 459 1752 loco
489 1714 605 1765 plane
633 1715 802 1753 alienum
833 1718 917 1763 est,
947 1715 1039 1765 quia
1069 1726 1146 1752 non
1176 1713 1252 1751 nisi
1281 1713 1333 1750 de
1361 1710 1650 1762 coniugationi-

187 1778 263 1816 bus
311 1779 626 1829 propositionum
675 1778 973 1830 particularium
1011 1790 1144 1815 sermo
1182 1780 1268 1815 est:
1308 1788 1398 1814 nam
1435 1776 1470 1813 si
1507 1778 1650 1814 neutra

188 1842 336 1881 dicitur
372 1842 556 1880 universe
595 1841 820 1892 affirmare,
871 1842 950 1881 hoc
987 1846 1029 1880 et
1058 1842 1110 1880 de
1135 1842 1184 1880 iis
1213 1840 1340 1891 accipi
1369 1839 1519 1891 poterit
1547 1851 1650 1890 quae

187 1907 240 1945 de
267 1911 383 1957 parte
412 1906 474 1943 vel
503 1906 703 1944 affirmant
731 1907 792 1944 vel
824 1911 967 1958 negant
995 1908 1037 1944 et
1077 1906 1128 1944 de
1154 1906 1204 1944 iis
1233 1918 1335 1955 quae
1363 1905 1550 1942 universe
1578 1915 1649 1942 ne-

187 1974 294 2021 gant.
358 1969 498 2019 Quid?
540 1971 661 2020 quod,
697 1971 816 2008 etiam
856 1970 890 2007 si
928 1971 1017 2021 quis
1046 1972 1167 2009 verba
1196 1965 1413 2021 μηδετέρῳ
1439 1965 1570 2007 παντί
1593 1967 1650 2005 ita

187 2034 447 2085 interpretari
483 2034 590 2080 velit,
630 2039 675 2072 ut
714 2034 938 2085 significent
976 2040 1188 2086 utramque
1232 2033 1548 2086 propositionem
1577 2044 1649 2070 ne-

186 2103 343 2149 gantem
373 2098 423 2134 de
451 2103 580 2148 parte,
618 2111 668 2136 ne
697 2098 773 2137 hoc
801 2099 961 2148 quidem
992 2098 1088 2138 ferri
1119 2100 1281 2150 poterit,
1320 2111 1440 2148 quum
1479 2095 1649 2135 eandem

186 2161 506 2214 propositionum
555 2162 872 2211 coniugationem
912 2164 989 2201 iam
1032 2162 1318 2215 significaverit
1352 2161 1486 2199 verbis
1523 2157 1550 2212 ἢ
1589 2157 1649 2212 μὴ

189 2224 380 2276 ὑπάρχει,
408 2237 510 2274 quae
537 2230 857 2276 praecesserunt.
927 2227 1044 2276 Quod
1073 2228 1107 2265 si
1135 2233 1267 2265 autem
1298 2226 1467 2277 legimus
1493 2223 1520 2277 ἢ
1549 2223 1648 2277 μηδ’

188 2287 317 2343 ἑτέρῳ
345 2286 474 2328 παντί
502 2301 592 2327 cum
621 2290 708 2328 cod.
738 2291 896 2340 u‚'hoc
933 2291 1041 2330 idem
1081 2292 1171 2338 erit,
1214 2303 1260 2328 ac
1290 2290 1324 2328 si
1352 2290 1508 2328 diceret
1533 2288 1561 2342 ἢ
1589 2293 1649 2343 τῷ

188 2351 315 2407 ἑτέρῳ
344 2351 401 2406 μὴ
429 2351 578 2392 παντίε
607 2352 655 2393 τὸ
683 2351 740 2406 μὴ
768 2351 897 2394 παντὶ
923 2360 1058 2394 autem
1079 2355 1286 2394 Aristoteli
1311 2354 1418 2393 idem
1452 2357 1516 2393 est
1542 2354 1649 2407 quod

190 2418 240 2459 τὸ
275 2416 360 2459 τινὶ
395 2417 452 2470 μή
498 2422 553 2463 (v.
582 2432 684 2470 quae
722 2420 892 2459 diximus
930 2420 979 2458 ad
1016 2421 1199 2464 24a19),
1239 2423 1285 2457 ut
1322 2419 1442 2456 verba
1482 2416 1508 2470 ἢ
1547 2417 1647 2472 μηδ’

189 2479 321 2536 ἑτέρῳ
355 2482 484 2522 παντί
521 2483 626 2522 idem
666 2483 783 2535 plane
822 2484 1049 2535 significent
1090 2483 1194 2534 quod
1231 2486 1289 2534 τῷ
1330 2480 1375 2522 δὲ
1415 2482 1496 2535 μή,
1547 2498 1648 2536 quae

187 2549 370 2601 proxime
408 2552 729 2598 praecesserunt.
804 2547 1073 2587 Confirmatur
1111 2552 1246 2586 nostra
1283 2547 1507 2598 explicandi
1544 2550 1648 2589 ratio

189 2612 239 2651 iis
269 2625 371 2664 quae
399 2612 593 2650 habemus
623 2613 742 2650 29³8
769 2610 796 2664 ἢ
825 2610 849 2652 ὁ
876 2609 954 2664 μὲν
981 2609 1078 2657 τινί,
1109 2609 1133 2651 ὁ
1162 2609 1208 2651 δὲ
1234 2609 1292 2664 μὴ
1320 2610 1460 2661 παντί,
1501 2613 1646 2664 quibus

190 2677 323 2716 verbis
353 2677 445 2728 quin
473 2677 578 2715 idem
609 2677 858 2728 significetur
885 2678 937 2715 de
965 2677 1083 2715 tertia
1111 2676 1239 2728 figura
1267 2676 1373 2727 quod
1395 2682 1534 2716 nostro
1557 2678 1647 2718 loco

192 2740 244 2779 de
272 2741 449 2779 secunda
478 2740 610 2780 verbis
638 2738 665 2793 ἢ
694 2738 792 2791 μηδ’
820 2737 948 2792 ἑτέρῳ
975 2740 1119 2790 παντί,
1156 2740 1222 2779 vix
1262 2741 1336 2779 erit
1371 2741 1439 2791 qui
1466 2741 1645 2781 dubitet:

195 2804 336 2844 eadem
364 2806 468 2844 enim
498 2810 590 2844 suut
618 2810 660 2845 et
681 2819 782 2857 quae
803 2804 1054 2858 praecedunt
1072 2810 1114 2845 et
1131 2818 1233 2857 quae
1251 2810 1495 2857 sequuntur:
1522 2819 1647 2858 quare
