1760 3112
255 186 308 224 42
518 186 711 221 Scholia
733 186 778 219 in
801 185 902 219 libr.
927 184 980 218 «le
1002 183 1410 227 interpretatione.

332 277 546 327 ,ἅνθρωπος
568 278 711 321 δίκαιός
733 279 841 314 ἐστιν.
1042 275 1240 322 ἅνθρωπος
1262 279 1403 319 δίκαιος
1428 276 1496 313 ουίι
1519 277 1615 313 ἔστιν

259 333 338 380 (ἐπὶ
361 336 471 371 πλέον
493 337 560 381 τῆς
582 334 699 379 ἁπλῆς
721 332 783 368 καὶ
805 333 873 378 τῆς
897 331 935 368 ἐκ
989 334 1068 378 (ἐπὶ
1081 333 1191 368 πλέον
1200 334 1265 378 τῆς
1276 334 1483 380 στερητικῆς
1499 331 1667 377 καταφά-

471 389 719 434 μεταθέσεως)
1036 399 1124 428 σεως
1141 387 1203 423 καὶ
1222 389 1287 433 τῆς
1303 388 1342 423 ἐκ
1365 387 1626 432 μεταθέσεως).

308 442 508 491 ἅνθρωπος
531 443 660 484 ἄδικος
682 442 750 478 οὐκ
773 441 878 478 ἔστιν.
1094 439 1294 489 ἅνθρωπος
1317 439 1446 482 ἄδικός
1470 442 1565 478 ἐστιν

301 499 380 542 (ἐπὶ
402 499 512 535 πλέον
534 501 599 544 τῆς
623 497 740 543 ἁπλῆς
760 497 891 542 μόνης)
990 498 1062 541 (ἐπ’
1095 497 1244 533 ἔλαττον
1270 499 1335 542 τῆς
1367 497 1484 542 ἁπλῆς
1513 497 1576 532 καὶ
1605 497 1672 541 τῆς

259 551 457 599 ἄνθρωπος
487 554 534 590 ου’
555 555 696 594 δίκαιος
733 553 802 588 ου’κ
832 551 937 588 ἔστιν.
1090 552 1129 588 ἐκ
1151 552 1380 597 μεταθέσεως
1402 551 1585 597 [μόνης]).

1054 606 1252 654 ἅνθρωπος
1275 606 1320 643 ου’
1343 605 1485 647 δίκαιός
1505 608 1614 642 ἐστιν.

350 664 584 707 (Monendum
607 666 659 697 est
681 666 802 697 autem
824 662 859 696 in
890 662 1001 706 priori
1033 664 1125 697 serie
1153 675 1196 698 ea
1227 674 1316 707 quae
1345 663 1443 696 uncis
1469 656 1673 697 inclusimus

260 718 307 752 ad
329 718 585 761 propositiones
608 718 734 752 referri
759 728 848 761 quae
870 721 1078 761 sequuntur,
1113 718 1149 752 in
1172 721 1285 753 altera
1306 730 1394 753 vero
1417 719 1464 752 ad
1489 729 1550 752 eas
1583 728 1673 760 quae

259 774 545 817 praecesserunt)
570 797 579 806 .
595 797 603 806 .
617 797 625 805 .
652 769 695 807 ὃν
725 774 852 807 τοίνυν
881 770 989 815 λόγον
1011 771 1083 816 ἔχει
1106 770 1129 816 ἦ
1161 772 1349 819 στερητικὴ
1373 771 1561 817 άπόφασις
1581 771 1674 817 πρὸς

259 826 327 872 τὴν
351 825 473 872 ἁπλῆν
495 826 716 872 κατάφασιν,
742 824 861 872 ὥσπερ
885 824 929 862 ὃν
951 825 1060 871 λόγον
1082 825 1153 871 ἔχει
1176 825 1223 862 τὰ
1245 829 1330 873 τρία
1351 827 1444 873 πρὸς
1464 825 1506 862 τὰ
1533 827 1589 868 ἕν,
1613 824 1675 862 οῧ-

259 896 311 917 τω
334 883 397 918 καὶ
419 880 467 918 τὰ
492 882 561 918 δύο
585 881 679 929 πρὸς
700 881 741 917 τὸ
763 881 806 917 ἓν
827 878 921 916 κατὰ
944 880 986 915 τὸ
1012 881 1071 916 ἐπὶ
1094 881 1204 917 πλέον
1228 906 1237 915 .
1251 906 1260 915 .
1274 907 1283 916 .
1312 882 1374 917 καὶ
1404 881 1479 917 ἔστι
1505 880 1547 916 τὸ
1572 881 1675 925 λεγό-

260 950 372 982 μενον
404 939 594 981 τοιοῦτον,
627 935 685 973 ὅτι
717 933 759 971 ὃν
791 936 858 981 μὲν
889 935 997 979 λόγον
1028 935 1173 980 ἔχουσιν
1205 937 1245 971 αἱ
1268 937 1473 983 στερητικαὶ
1495 935 1588 982 πρὸς
1609 934 1676 976 τὰς

261 991 397 1036 ἁπλᾶς,
439 991 506 1027 τὸν
545 990 661 1027 αὐτὸν
695 990 803 1035 λόγον
834 990 956 1035 ἔχουσι
985 991 1048 1026 καὶ
1079 992 1119 1025 αὶ
1149 991 1188 1027 ἐκ
1220 991 1449 1036 μεταθέσεως
1482 989 1576 1036 πρὸς
1608 989 1676 1030 τὰς

263 1044 382 1086 ἁπλᾶς
412 1069 466 1081 ...
498 1046 522 1090 ἡ
554 1045 620 1090 μὲν
647 1046 781 1091 κυρίως
813 1044 981 1080 ἐνταῦθα
1011 1044 1200 1090 ἀπόφασις
1229 1048 1367 1090 γίνεται
1388 1046 1584 1091 τιθεμένου
1607 1046 1676 1081 τοῦ

264 1099 307 1138 ου’
332 1101 529 1148 ἀρνητικοῦ
551 1102 683 1147 μορίου
706 1100 800 1147 πρὸς
821 1099 863 1136 τὸ
888 1100 995 1136 ἔστιν.
1040 1102 1148 1135 haur.

172 1165 247 1200 191)
353 1158 474 1192 ἰστέον
506 1156 561 1192 ὅτι
585 1154 673 1192 ὅσον
697 1155 736 1191 ἐκ
758 1157 825 1201 τῆς
848 1155 1016 1202 φράσεως
1037 1157 1105 1191 τοῦ
1129 1156 1242 1202 ῥητοῦ
1265 1154 1399 1191 τούτου
1422 1154 1583 1202 πρότερά
1608 1156 1676 1191 εἰσι

203 1210 244 1242 31
262 1211 310 1246 τὰ
329 1210 538 1246 Ἀναλυτικὰ
561 1212 628 1256 τῆς
648 1210 839 1257 παρούσης
861 1212 1118 1256 πραγματείας.
1164 1213 1289 1255 Steph.

169 1276 248 1308 202
353 1263 470 1307 οὕτως
498 1266 564 1311 μὲν
593 1266 829 1313 Ἀριστοτέλης
858 1265 1012 1301 ἐπὶτῶν
1035 1265 1341 1311 παραδειγμάτων
1371 1262 1556 1308 ἀπέδειξε,
1587 1265 1678 1299 ποία
1734 1269 1739 1274 ’

203 1321 247 1354 30
263 1319 438 1367 πρότασις
459 1322 550 1369 ποίᾳ
574 1320 752 1367 προτάσει
775 1320 912 1363 ἕπεται,
937 1319 957 1356 ὁ
982 1320 1022 1356 δὲ
1046 1319 1213 1367 Πρόκλος
1234 1320 1399 1356 καθόλου
1416 1319 1581 1365 μέθοδόν
1595 1332 1679 1354 τινα

261 1378 328 1420 τῆς
350 1375 492 1411 τούτων
514 1374 690 1422 εὑρέσεως
712 1376 976 1422 παραδίδωσιν.
1023 1374 1046 1420 ἡ
1071 1375 1111 1410 δὲ
1133 1374 1296 1419 μέθοδός
1320 1374 1393 1410 ἐστι
1416 1375 1581 1419 τοιαύτη.
1612 1373 1678 1410 ἐὰν

260 1432 439 1477 προταθῇ
459 1444 514 1471 τις
535 1429 722 1478 πρότασις,
747 1429 912 1474 φύλαξον
940 1430 1006 1466 τὸν
1030 1428 1145 1465 αὐτὸν
1167 1429 1408 1474 ’ὑποκείμενον
1431 1431 1494 1465 καὶ
1518 1431 1560 1465 τὸ
1585 1428 1676 1464 αὐτὸ

260 1486 388 1530 ποσόν,
414 1486 571 1529 ἄλλαξον
594 1485 634 1521 δὲ
657 1483 699 1521 τὸ
727 1484 854 1530 [αὐτὸ]
878 1484 987 1520 ποιὸν
1011 1486 1073 1520 καὶ
1095 1484 1161 1520 τὸν
1182 1483 1519 1531 κατηγορούμενον,
1550 1484 1613 1520 καὶ
1635 1483 1678 1519 τὸ

261 1540 328 1586 μὲν
339 1541 448 1576 ποιὸν
470 1538 598 1582 οὕτως.
621 1539 686 1575 ἐὰν
705 1539 728 1585 ἠ
747 1543 967 1586 προτεθεῖσα
982 1539 1159 1587 πρότασις
1170 1539 1403 1584 καταφατικὴ
1419 1534 1446 1586 ᾖ
1462 1540 1557 1584 (ἐστι’
1569 1541 1678 1582 cod),

260 1597 417 1641 ποίησον
433 1594 551 1641 αὐτὴν
570 1594 818 1640 άποφατικήν,
838 1596 899 1630 καὶ
913 1596 1075 1639 ἔμπαλιν,
1093 1594 1158 1630 ἐὰν
1169 1592 1382 1641 άποφατικὴ
1397 1589 1424 1641 ᾔ
1442 1595 1557 1639 (ἐστίν
1568 1596 1679 1638 ooth),

261 1652 418 1697 ποίησον
443 1648 560 1696 αὐτὴν
590 1650 861 1695 καταφατικήν,
885 1648 951 1686 τόν
975 1649 1014 1686 δὲ
1037 1649 1355 1696 κατηγορούμενον
1385 1648 1525 1696 άμείβει
1549 1647 1680 1694 οὕτως,

264 1705 331 1742 ἐὰν
349 1706 549 1753 ὦρισμένον
572 1701 598 1752 ᾖ
616 1705 710 1750 (ἔστί
724 1707 822 1749 cod.)
847 1707 965 1741 ποιῶν
989 1704 1105 1742 αὐτὸν
1129 1703 1311 1752 άόριστον,
1334 1706 1397 1740 καὶ
1420 1706 1462 1740 τὸ
1487 1703 1679 1750 ἀνάπαλιν,

266 1761 331 1797 ἐὰν
355 1760 539 1808 άόριστον,
564 1760 773 1806 οὖρισμένον.
819 1762 873 1794 Id.

171 1822 250 1855 2012
356 1816 477 1853 ἰστέον
506 1816 546 1852 δὲ
580 1814 639 1851 ὅτι
671 1813 740 1860 τὴν
777 1814 1008 1860 διαλεκτικὴν
1032 1813 1206 1860 ἐροότησιν
1229 1815 1408 1861 πρότασιν
1430 1817 1533 1849 καλεῖ
1554 1813 1574 1850 ὁ
1595 1811 1681 1859 Ἀρι-

205 1867 249 1899 23
267 1873 433 1917 στοτέλης
457 1872 519 1908 καὶ
542 1869 561 1907 ὁ
585 1869 830 1917 Ἀλέξανδρος,
853 1869 872 1905 ὁ
896 1870 1023 1915 μέντοι
1045 1868 1241 1917 Ἰάμβλιχος
1265 1869 1475 1914 ἀντίφασιν.
1520 1870 1681 1915 Magent.

266 1928 331 1962 fol.
354 1927 400 1960 13
416 1928 453 1961 b.

173 1986 251 2019 2012
354 1981 422 2016 οὐκ
452 1979 548 2015 ἔστιν
578 1979 602 2023 ἡ
635 1980 726 2026 πρὸς
754 1979 799 2014 τὰ
829 1978 944 2026 πολλοὶ4
976 1980 1094 2013 ταῦτα
1117 1978 1309 2025 ἀπόκρισις
1329 1981 1413 2023 μία,
1446 1978 1523 2014 ἐπεὶ
1547 1977 1634 2014 οὐδὲ
1655 1977 1680 2022 ἡ

207 2030 251 2064 26
268 2034 451 2082 ἐρώτησις.
500 2033 544 2069 οὐ
578 2034 647 2080 γὰρ
679 2033 858 2070 δύνανται
888 2035 1070 2078 συμβῆναι
1094 2036 1145 2074 εἰς
1176 2033 1329 2078 ἄλληλα,
1360 2034 1444 2080 περὶ
1467 2028 1518 2067 ὦν
1541 2034 1683 2079 εἴρηται

266 2091 306 2127 ἐν
327 2094 405 2131 τοῖς
429 2093 615 2129 Τοπικοῖς.
663 2089 702 2124 ἐν
723 2089 792 2134 γὰρ
823 2091 901 2128 τοῖς
926 2091 1166 2132 Σοφιστικοῒς
1188 2089 1363 2134 Ἐλέγχοις
1395 2087 1562 2124 διδάσκει
1595 2088 1679 2134 περὶ

267 2146 422 2182 τούτων.
468 2143 606 2184 τόπους
629 2144 697 2189 γὰρ
721 2142 957 2188 σοφιστικοῦς
980 2143 1091 2179 ἐκεῖσε
1116 2143 1381 2189 διδασκόμεθα.
1427 2145 1540 2179 Marc.

173 2203 214 2234 21
234 2211 253 2232 a
359 2198 579 2246 διαφέρουσι
602 2198 642 2234 δὲ
675 2200 732 2244 (οἱ
753 2198 903 2245 τρόποι)
936 2200 1009 2233 τῶν
1038 2199 1311 2245 προειρημένων
1333 2198 1441 2243 ὖλιὸν,
1465 2196 1524 2234 ὅτι
1548 2197 1625 2233 ἐκεῖ
1644 2198 1683 2232 αἱ

209 2244 252 2277 34
268 2253 355 2292 ὕλαι
377 2255 594 2300 αὐτομάτως
615 2255 928 2298 συνανεφαίνοντο
952 2258 1033 2294 ταῖς
1055 2254 1252 2300 προτάσεσι
1276 2254 1402 2299 καὶμὴ
1423 2253 1683 2299 ἐξηγγέλλοντο,

269 2311 435 2348 ἐνταῦθα
458 2309 499 2346 δὲ
520 2312 688 2346 τίθενται
710 2310 773 2345 καὶ
794 2313 872 2349 τοῖς
895 2308 1051 2355 ῥήμασιν
1074 2307 1212 2349 αὐτοῖς.
1257 2311 1364 2344 Laur.

175 2367 216 2400 21
230 2366 253 2398 b
359 2364 438 2401 ἐπεὶ
457 2364 495 2400 δὲ
511 2364 553 2400 τὸ
578 2364 737 2400 δυνατὸν
760 2364 854 2400 ἔστιν
879 2362 939 2398 ὅτε
955 2364 1016 2399 καὶ
1033 2363 1082 2404 αἱς
1099 2363 1300 2409 ἀναγκαῖον
1315 2363 1548 2409 λαμβάνεται,
1571 2363 1682 2397 τοῦτο

211 2411 254 2443 14
271 2417 339 2457 οὖν
362 2422 486 2466 φησίν,
505 2419 564 2455 ὅτι
587 2418 630 2455 τὸ
657 2419 818 2455 δυνατὸν
840 2416 883 2454 τὸ
907 2419 966 2454 ἐπὶ
989 2421 1057 2454 τοῦ
1082 2418 1315 2464 ἐνδεχομένου
1333 2417 1608 2464 λαμβανόμενον
1623 2418 1683 2453 έν-

270 2476 414 2521 δέχεται
436 2477 497 2511 καὶ
521 2474 616 2511 εἶναι
641 2475 702 2509 καὶ
725 2473 774 2519 μὴ
799 2472 905 2509 εἶναι.
952 2476 1045 2520 Reg.

176 2532 254 2565 22b
358 2531 601 2578 χωρισθέντος
622 2531 690 2565 τοῦ
712 2531 871 2576 βαδίζειν
894 2528 940 2565 ου’
962 2531 1157 2576 φθείρεται
1180 2528 1222 2565 τὸ
1246 2526 1479 2576 βαδιστικόν,
1508 2528 1619 2564 τοῦτο
1643 2527 1684 2562 δὲ

211 2576 255 2609 36
271 2589 433 2622 καλεῖται
458 2586 495 2630 ἐξ
515 2585 732 2625 ’ὑποθέσεως
757 2583 970 2629 ἀναγκαῖον.
1017 2585 1144 2630 steph.

179 2642 257 2676 23a
364 2639 648 2684 ,,οὐδ’--εῖδος”
670 2639 754 2676 ἀντὶ
776 2642 845 2675 τοῦ
870 2636 949 2676 οὐδ’
973 2637 1060 2676 ὅσαι
1082 2638 1255 2684 δυνάμεις
1277 2637 1440 2682 λέγονται
1464 2637 1524 2673 ἐπὶ
1547 2637 1622 2673 τῶν
1644 2636 1683 2672 ἐν

235 2686 257 2720 6
273 2695 406 2742 γενέσει
427 2696 490 2732 καὶ
513 2697 656 2743 φθορᾷ.
701 2696 861 2741 Mogent.
885 2695 948 2730 fol.
972 2695 1061 2729 1711.
