<?xml version="1.0" encoding="UTF-8"?>
<!DOCTYPE html PUBLIC "-//W3C//DTD XHTML 1.0 Transitional//EN"
    "http://www.w3.org/TR/xhtml1/DTD/xhtml1-transitional.dtd">
<html xmlns="http://www.w3.org/1999/xhtml" xml:lang="en" lang="en">
 <head>
  <title>
</title>
<meta http-equiv="Content-Type" content="text/html;charset=utf-8" />
  <meta name='ocr-system' content='tesseract 3.04.00' />
  <meta name='ocr-capabilities' content='ocr_page ocr_carea ocr_par ocr_line ocrx_word'/>
</head>
<body>
  <div class='ocr_page' id='page_1' title='image "aristotelisorgan01arisuoft_0052.png"; bbox 0 0 1722 3126; ppageno 0'>
   <div class='ocr_carea' id='block_1_1' title="bbox 237 199 1338 245">
    <p class='ocr_par' dir='ltr' id='par_1_1' title="bbox 237 199 1338 245">
     <span class='ocr_line' id='line_1_1' title="bbox 237 199 1338 245; baseline 0.001 -12"><span class='ocrx_word' id='word_1_1' title='bbox 237 200 291 239; x_wconf 81' lang='lat'><em>18</em></span> <span class='ocrx_word' id='word_1_2' title='bbox 560 201 622 234; x_wconf 81' lang='lat' dir='ltr'><em>De</em></span> <span class='ocrx_word' id='word_1_3' title='bbox 653 199 897 234; x_wconf 75' lang='lat' dir='ltr'><strong>codicibus</strong></span> <span class='ocrx_word' id='word_1_4' title='bbox 925 199 1115 244; x_wconf 75' lang='lat' dir='ltr'><strong>graecis</strong></span> <span class='ocrx_word' id='word_1_5' title='bbox 1147 199 1338 245; x_wconf 73' lang='lat' dir='ltr'><strong>organi.</strong></span> 
     </span>
    </p>
   </div>
   <div class='ocr_carea' id='block_1_2' title="bbox 242 291 1710 2768">
    <p class='ocr_par' dir='ltr' id='par_1_2' title="bbox 242 291 1658 671">
     <span class='ocr_line' id='line_1_2' title="bbox 242 291 1653 340; baseline -0.001 -10"><span class='ocrx_word' id='word_1_6' title='bbox 242 306 361 340; x_wconf 76' lang='lat' dir='ltr'><strong>pauca</strong></span> <span class='ocrx_word' id='word_1_7' title='bbox 381 295 510 338; x_wconf 81' lang='lat' dir='ltr'><strong>inveni,</strong></span> <span class='ocrx_word' id='word_1_8' title='bbox 533 306 626 340; x_wconf 82' lang='lat' dir='ltr'>quae</span> <span class='ocrx_word' id='word_1_9' title='bbox 651 295 850 329; x_wconf 80' lang='lat' dir='ltr'><strong>describere</strong></span> <span class='ocrx_word' id='word_1_10' title='bbox 871 306 941 330; x_wconf 83' lang='lat' dir='ltr'><em>non</em></span> <span class='ocrx_word' id='word_1_11' title='bbox 963 295 1151 339; x_wconf 77' lang='lat' dir='ltr'><strong>poeniteat,</strong></span> <span class='ocrx_word' id='word_1_12' title='bbox 1173 306 1240 329; x_wconf 88' lang='lat' dir='ltr'><em>non</em></span> <span class='ocrx_word' id='word_1_13' title='bbox 1256 291 1380 330; x_wconf 77' lang='lat' dir='ltr'>niulta.</span> <span class='ocrx_word' id='word_1_14' title='bbox 1404 294 1653 329; x_wconf 75' lang='lat' dir='ltr'><strong>F01.61—⁷o:</strong></span> 
     </span>
     <span class='ocr_line' id='line_1_3' title="bbox 243 350 1657 395; baseline -0.002 -9"><span class='ocrx_word' id='word_1_15' title='bbox 243 352 374 386; x_wconf 75' lang='lat' dir='ltr'>Brevis</span> <span class='ocrx_word' id='word_1_16' title='bbox 405 351 578 395; x_wconf 76' lang='lat' dir='ltr'><strong>expositio</strong></span> <span class='ocrx_word' id='word_1_17' title='bbox 601 351 685 385; x_wconf 88' lang='lat' dir='ltr'><strong>libri</strong></span> <span class='ocrx_word' id='word_1_18' title='bbox 707 351 751 383; x_wconf 79' lang='lat' dir='ltr'><em>de</em></span> <span class='ocrx_word' id='word_1_19' title='bbox 774 351 859 394; x_wconf 82' lang='lat' dir='ltr'><strong>intp.</strong></span> <span class='ocrx_word' id='word_1_20' title='bbox 917 352 1120 394; x_wconf 84' lang='lat' dir='ltr'>Sequuntur</span> <span class='ocrx_word' id='word_1_21' title='bbox 1142 362 1257 394; x_wconf 77' lang='lat' dir='ltr'><strong>pauca</strong></span> <span class='ocrx_word' id='word_1_22' title='bbox 1280 352 1454 394; x_wconf 79' lang='lat' dir='ltr'>quaedam</span> <span class='ocrx_word' id='word_1_23' title='bbox 1479 351 1522 384; x_wconf 81' lang='lat' dir='ltr'><em>dc</em></span> <span class='ocrx_word' id='word_1_24' title='bbox 1545 350 1657 383; x_wconf 75' lang='lat' dir='ltr'><strong>trihu·</strong></span> 
     </span>
     <span class='ocr_line' id='line_1_4' title="bbox 243 402 1655 452; baseline -0.003 -11"><span class='ocrx_word' id='word_1_25' title='bbox 243 407 373 452; x_wconf 80' lang='lat' dir='ltr'>figuris</span> <span class='ocrx_word' id='word_1_26' title='bbox 402 406 603 451; x_wconf 78' lang='lat' dir='ltr'><strong>syllogismi</strong></span> <span class='ocrx_word' id='word_1_27' title='bbox 632 410 667 439; x_wconf 80' lang='lat' dir='ltr'><em>ct</em></span> <span class='ocrx_word' id='word_1_28' title='bbox 698 406 790 439; x_wconf 78' lang='lat' dir='ltr'>duae</span> <span class='ocrx_word' id='word_1_29' title='bbox 820 406 934 439; x_wconf 77' lang='lat' dir='ltr'><strong>ferme</strong></span> <span class='ocrx_word' id='word_1_30' title='bbox 958 406 1111 450; x_wconf 80' lang='lat' dir='ltr'>paginae</span> <span class='ocrx_word' id='word_1_31' title='bbox 1133 406 1216 451; x_wconf 81' lang='grc' dir='ltr'><em>περὶ</em></span> <span class='ocrx_word' id='word_1_32' title='bbox 1239 402 1411 450; x_wconf 73' lang='grc' dir='ltr'><em>εὐπορίας</em></span> <span class='ocrx_word' id='word_1_33' title='bbox 1433 405 1655 449; x_wconf 80' lang='grc' dir='ltr'><em>προτάσεων.</em></span> 
     </span>
     <span class='ocr_line' id='line_1_5' title="bbox 242 460 1657 496; baseline -0.003 0"><span class='ocrx_word' id='word_1_34' title='bbox 242 463 321 496; x_wconf 76' lang='grc' dir='ltr'><em>Γοι.</em></span> <span class='ocrx_word' id='word_1_35' title='bbox 338 461 505 494; x_wconf 78' lang='lat'><strong>70-802</strong></span> <span class='ocrx_word' id='word_1_36' title='bbox 529 462 720 494; x_wconf 77' lang='lat' dir='ltr'><em>Methodus</em></span> <span class='ocrx_word' id='word_1_37' title='bbox 743 461 928 494; x_wconf 79' lang='lat' dir='ltr'><strong>dialectica</strong></span> <span class='ocrx_word' id='word_1_38' title='bbox 952 462 1091 494; x_wconf 81' lang='lat' dir='ltr'><strong>loannis</strong></span> <span class='ocrx_word' id='word_1_39' title='bbox 1115 461 1204 494; x_wconf 77' lang='lat' dir='ltr'>1tali.</span> <span class='ocrx_word' id='word_1_40' title='bbox 1251 463 1343 494; x_wconf 83' lang='lat' dir='ltr'><strong>lnest</strong></span> <span class='ocrx_word' id='word_1_41' title='bbox 1365 462 1473 494; x_wconf 84' lang='lat' dir='ltr'><strong>ctiam</strong></span> <span class='ocrx_word' id='word_1_42' title='bbox 1491 460 1525 493; x_wconf 87' lang='lat' dir='ltr'><em>in</em></span> <span class='ocrx_word' id='word_1_43' title='bbox 1543 461 1657 494; x_wconf 78' lang='lat' dir='ltr'><strong>Marc.</strong></span> 
     </span>
     <span class='ocr_line' id='line_1_6' title="bbox 244 514 1658 559; baseline -0.004 -7"><span class='ocrx_word' id='word_1_44' title='bbox 244 517 312 552; x_wconf 82' lang='lat'><em>265</em></span> <span class='ocrx_word' id='word_1_45' title='bbox 333 517 398 550; x_wconf 84' lang='lat' dir='ltr'><strong>fol.</strong></span> <span class='ocrx_word' id='word_1_46' title='bbox 424 516 490 550; x_wconf 82' lang='lat'><em>166</em></span> <span class='ocrx_word' id='word_1_47' title='bbox 515 521 549 549; x_wconf 85' lang='lat' dir='ltr'><em>et</em></span> <span class='ocrx_word' id='word_1_48' title='bbox 572 517 684 549; x_wconf 79' lang='lat' dir='ltr'><strong>Marc.</strong></span> <span class='ocrx_word' id='word_1_49' title='bbox 708 515 796 558; x_wconf 79' lang='lat'><strong>519,</strong></span> <span class='ocrx_word' id='word_1_50' title='bbox 820 515 854 549; x_wconf 85' lang='lat' dir='ltr'><em>in</em></span> <span class='ocrx_word' id='word_1_51' title='bbox 878 527 945 559; x_wconf 90' lang='lat' dir='ltr'><em>quo</em></span> <span class='ocrx_word' id='word_1_52' title='bbox 968 517 1089 550; x_wconf 83' lang='lat' dir='ltr'>titulus</span> <span class='ocrx_word' id='word_1_53' title='bbox 1113 521 1165 550; x_wconf 83' lang='lat' dir='ltr'><em>est</em></span> <span class='ocrx_word' id='word_1_54' title='bbox 1185 514 1345 559; x_wconf 84' lang='grc' dir='ltr'><em>’Έφοδος</em></span> <span class='ocrx_word' id='word_1_55' title='bbox 1371 514 1568 559; x_wconf 85' lang='grc' dir='ltr'><em>συνοπτικὴ</em></span> <span class='ocrx_word' id='word_1_56' title='bbox 1594 516 1658 557; x_wconf 83' lang='grc' dir='ltr'><em>τῆς</em></span> 
     </span>
     <span class='ocr_line' id='line_1_7' title="bbox 245 568 1658 615; baseline -0.002 -8"><span class='ocrx_word' id='word_1_57' title='bbox 245 573 471 614; x_wconf 77' lang='grc' dir='ltr'><strong><em>διαλεκτικῆς</em></strong></span> <span class='ocrx_word' id='word_1_58' title='bbox 510 569 698 605; x_wconf 84' lang='grc' dir='ltr'><em>ἐκτεθεῖσα</em></span> <span class='ocrx_word' id='word_1_59' title='bbox 735 570 835 615; x_wconf 87' lang='grc' dir='ltr'><em>παρὰ</em></span> <span class='ocrx_word' id='word_1_60' title='bbox 865 568 1036 605; x_wconf 87' lang='grc' dir='ltr'><em>Ἰωάννου</em></span> <span class='ocrx_word' id='word_1_61' title='bbox 1067 570 1212 605; x_wconf 78' lang='grc' dir='ltr'><em>ὑπάτου</em></span> <span class='ocrx_word' id='word_1_62' title='bbox 1246 572 1318 605; x_wconf 77' lang='grc' dir='ltr'><em>τῶν</em></span> <span class='ocrx_word' id='word_1_63' title='bbox 1349 570 1563 614; x_wconf 86' lang='grc' dir='ltr'><em>φιλοσόφων</em></span> <span class='ocrx_word' id='word_1_64' title='bbox 1592 570 1658 604; x_wconf 75' lang='grc' dir='ltr'><em>τοῦ</em></span> 
     </span>
     <span class='ocr_line' id='line_1_8' title="bbox 244 623 1318 671; baseline -0.003 -9"><span class='ocrx_word' id='word_1_65' title='bbox 244 626 382 663; x_wconf 83' lang='grc' dir='ltr'><em>Ἰταλοῦ</em></span> <span class='ocrx_word' id='word_1_66' title='bbox 407 626 497 671; x_wconf 83' lang='grc' dir='ltr'><em>πρὸς</em></span> <span class='ocrx_word' id='word_1_67' title='bbox 520 624 584 660; x_wconf 83' lang='grc' dir='ltr'><em>τὸν</em></span> <span class='ocrx_word' id='word_1_68' title='bbox 608 624 757 670; x_wconf 82' lang='grc' dir='ltr'><strong><em>βασιλέα</em></strong></span> <span class='ocrx_word' id='word_1_69' title='bbox 779 623 1002 670; x_wconf 76' lang='grc' dir='ltr'><em>Ἀνδρόνικον</em></span> <span class='ocrx_word' id='word_1_70' title='bbox 1026 627 1091 661; x_wconf 88' lang='grc' dir='ltr'><em>τὸν</em></span> <span class='ocrx_word' id='word_1_71' title='bbox 1115 625 1318 670; x_wconf 84' lang='grc' dir='ltr'><em>Κομνηνόν.</em></span> 
     </span>
    </p>

    <p class='ocr_par' dir='ltr' id='par_1_3' title="bbox 245 677 1663 1277">
     <span class='ocr_line' id='line_1_9' title="bbox 333 677 1659 726; baseline -0.002 -9"><span class='ocrx_word' id='word_1_72' title='bbox 333 682 408 717; x_wconf 81' lang='grc' dir='ltr'><em>Καὶ</em></span> <span class='ocrx_word' id='word_1_73' title='bbox 424 680 550 726; x_wconf 84' lang='grc' dir='ltr'><em>πρώην</em></span> <span class='ocrx_word' id='word_1_74' title='bbox 568 681 644 724; x_wconf 85' lang='grc' dir='ltr'><em>μέν,</em></span> <span class='ocrx_word' id='word_1_75' title='bbox 669 677 697 715; x_wconf 71' lang='grc' dir='ltr'><em>οἷ</em></span> <span class='ocrx_word' id='word_1_76' title='bbox 715 681 882 725; x_wconf 82' lang='grc' dir='ltr'><em>κράτιστε</em></span> <span class='ocrx_word' id='word_1_77' title='bbox 906 683 1063 725; x_wconf 76' lang='grc' dir='ltr'><em>βασιλεῦ,</em></span> <span class='ocrx_word' id='word_1_78' title='bbox 1086 681 1328 726; x_wconf 81' lang='grc' dir='ltr'><em>παροτρύνειν</em></span> <span class='ocrx_word' id='word_1_79' title='bbox 1352 679 1447 725; x_wconf 79' lang='grc' dir='ltr'><em>ἡμᾶς</em></span> <span class='ocrx_word' id='word_1_80' title='bbox 1463 679 1530 715; x_wconf 88' lang='grc' dir='ltr'><em>ου’κ</em></span> <span class='ocrx_word' id='word_1_81' title='bbox 1547 679 1659 714; x_wconf 84' lang='grc' dir='ltr'><em>ἐπαύ-</em></span> 
     </span>
     <span class='ocr_line' id='line_1_10' title="bbox 247 733 1658 782; baseline -0.004 -9"><span class='ocrx_word' id='word_1_82' title='bbox 247 749 298 774; x_wconf 90' lang='grc' dir='ltr'><em>σω</em></span> <span class='ocrx_word' id='word_1_83' title='bbox 323 737 407 782; x_wconf 87' lang='grc' dir='ltr'><em>περὶ</em></span> <span class='ocrx_word' id='word_1_84' title='bbox 430 735 595 780; x_wconf 77' lang='grc' dir='ltr'><em>μεγάλων</em></span> <span class='ocrx_word' id='word_1_85' title='bbox 621 735 884 780; x_wconf 75' lang='grc' dir='ltr'><em>διαλεγόμενος,</em></span> <span class='ocrx_word' id='word_1_86' title='bbox 910 739 1027 781; x_wconf 75' lang='grc' dir='ltr'><em>ζητῶν</em></span> <span class='ocrx_word' id='word_1_87' title='bbox 1050 738 1132 782; x_wconf 83' lang='grc' dir='ltr'><em>περὶ</em></span> <span class='ocrx_word' id='word_1_88' title='bbox 1156 733 1207 771; x_wconf 74' lang='grc' dir='ltr'><em>ὧν</em></span> <span class='ocrx_word' id='word_1_89' title='bbox 1231 741 1308 777; x_wconf 89' lang='grc' dir='ltr'><em>τοῖς</em></span> <span class='ocrx_word' id='word_1_90' title='bbox 1330 736 1399 782; x_wconf 82' lang='grc' dir='ltr'><em>πρὸ</em></span> <span class='ocrx_word' id='word_1_91' title='bbox 1420 735 1524 780; x_wconf 79' lang='grc' dir='ltr'><em>ἡμῶν</em></span> <span class='ocrx_word' id='word_1_92' title='bbox 1541 734 1604 769; x_wconf 86' lang='grc' dir='ltr'><em>διά</em></span> <span class='ocrx_word' id='word_1_93' title='bbox 1620 746 1658 769; x_wconf 91' lang='grc' dir='ltr'><em>τε</em></span> 
     </span>
     <span class='ocr_line' id='line_1_11' title="bbox 245 790 1659 837; baseline -0.004 -8"><span class='ocrx_word' id='word_1_94' title='bbox 245 791 287 829; x_wconf 84' lang='grc' dir='ltr'><em>τὸ</em></span> <span class='ocrx_word' id='word_1_95' title='bbox 313 793 467 837; x_wconf 78' lang='grc' dir='ltr'><strong><em>δυσχερῆ</em></strong></span> <span class='ocrx_word' id='word_1_96' title='bbox 490 790 584 826; x_wconf 84' lang='grc' dir='ltr'><em>εἶναι</em></span> <span class='ocrx_word' id='word_1_97' title='bbox 607 792 669 826; x_wconf 84' lang='grc' dir='ltr'><em>καὶ</em></span> <span class='ocrx_word' id='word_1_98' title='bbox 693 795 770 831; x_wconf 90' lang='grc' dir='ltr'><em>τοῖς</em></span> <span class='ocrx_word' id='word_1_99' title='bbox 792 795 937 832; x_wconf 90' lang='grc' dir='ltr'><em>πολλοῖς</em></span> <span class='ocrx_word' id='word_1_100' title='bbox 961 791 1169 836; x_wconf 77' lang='grc' dir='ltr'><em>άδιεξίτητα</em></span> <span class='ocrx_word' id='word_1_101' title='bbox 1192 792 1431 835; x_wconf 78' lang='grc' dir='ltr'><em>σεσιωπηται,</em></span> <span class='ocrx_word' id='word_1_102' title='bbox 1464 792 1549 830; x_wconf 80' lang='grc' dir='ltr'><em>ἴσως</em></span> <span class='ocrx_word' id='word_1_103' title='bbox 1571 790 1659 832; x_wconf 78' lang='grc' dir='ltr'><em>λέγω</em></span> 
     </span>
     <span class='ocr_line' id='line_1_12' title="bbox 246 843 1660 893; baseline -0.004 -9"><span class='ocrx_word' id='word_1_104' title='bbox 246 848 292 893; x_wconf 85' lang='grc' dir='ltr'><em>δὴ</em></span> <span class='ocrx_word' id='word_1_105' title='bbox 305 849 387 893; x_wconf 82' lang='grc' dir='ltr'><em>περὶ</em></span> <span class='ocrx_word' id='word_1_106' title='bbox 400 845 632 886; x_wconf 75' lang='grc' dir='ltr'><em>ἀναστάσεως</em></span> <span class='ocrx_word' id='word_1_107' title='bbox 650 847 711 882; x_wconf 80' lang='grc' dir='ltr'><em>καὶ</em></span> <span class='ocrx_word' id='word_1_108' title='bbox 726 849 802 886; x_wconf 78' lang='grc' dir='ltr'><em>πῶς</em></span> <span class='ocrx_word' id='word_1_109' title='bbox 816 846 896 881; x_wconf 81' lang='grc' dir='ltr'><em>οἷόν</em></span> <span class='ocrx_word' id='word_1_110' title='bbox 908 860 944 881; x_wconf 92' lang='grc' dir='ltr'><em>τε</em></span> <span class='ocrx_word' id='word_1_111' title='bbox 962 845 1053 891; x_wconf 73' lang='grc' dir='ltr'><em>μετὰ</em></span> <span class='ocrx_word' id='word_1_112' title='bbox 1069 848 1224 881; x_wconf 85' lang='grc' dir='ltr'><em>τουτωνὶ</em></span> <span class='ocrx_word' id='word_1_113' title='bbox 1244 847 1327 885; x_wconf 85' lang='grc' dir='ltr'><em>τούς</em></span> <span class='ocrx_word' id='word_1_114' title='bbox 1347 847 1553 884; x_wconf 79' lang='grc' dir='ltr'><em>τεθνεῶτας</em></span> <span class='ocrx_word' id='word_1_115' title='bbox 1573 843 1660 878; x_wconf 84' lang='grc' dir='ltr'><em>άνα-</em></span> 
     </span>
     <span class='ocr_line' id='line_1_13' title="bbox 245 899 1662 948; baseline -0.003 -9"><span class='ocrx_word' id='word_1_116' title='bbox 245 905 377 948; x_wconf 86' lang='grc' dir='ltr'><em>στῆναι</em></span> <span class='ocrx_word' id='word_1_117' title='bbox 399 903 474 937; x_wconf 75' lang='grc' dir='ltr'><em>τῶν</em></span> <span class='ocrx_word' id='word_1_118' title='bbox 497 901 692 946; x_wconf 83' lang='grc' dir='ltr'><em>σωμάτων,</em></span> <span class='ocrx_word' id='word_1_119' title='bbox 717 902 783 946; x_wconf 77' lang='grc' dir='ltr'><em>οὐχ</em></span> <span class='ocrx_word' id='word_1_120' title='bbox 806 899 950 945; x_wconf 79' lang='grc' dir='ltr'><em>ἥκιστα,</em></span> <span class='ocrx_word' id='word_1_121' title='bbox 977 903 1011 936; x_wconf 88' lang='grc' dir='ltr'><em>εἰ</em></span> <span class='ocrx_word' id='word_1_122' title='bbox 1032 902 1091 936; x_wconf 84' lang='grc' dir='ltr'><em>καὶ</em></span> <span class='ocrx_word' id='word_1_123' title='bbox 1117 902 1183 936; x_wconf 81' lang='grc' dir='ltr'><em>νῦν</em></span> <span class='ocrx_word' id='word_1_124' title='bbox 1206 903 1288 947; x_wconf 80' lang='grc' dir='ltr'><em>περὶ</em></span> <span class='ocrx_word' id='word_1_125' title='bbox 1305 902 1531 942; x_wconf 79' lang='grc' dir='ltr'><em>διαλεκτικῆς</em></span> <span class='ocrx_word' id='word_1_126' title='bbox 1547 901 1603 940; x_wconf 88' lang='grc' dir='ltr'><em>τίς</em></span> <span class='ocrx_word' id='word_1_127' title='bbox 1623 911 1662 935; x_wconf 83' lang='grc' dir='ltr'><em>τε</em></span> 
     </span>
     <span class='ocr_line' id='line_1_14' title="bbox 248 954 1660 1004; baseline -0.004 -10"><span class='ocrx_word' id='word_1_128' title='bbox 248 957 268 994; x_wconf 76' lang='grc' dir='ltr'><strong><em>ὁ</em></strong></span> <span class='ocrx_word' id='word_1_129' title='bbox 300 958 435 1004; x_wconf 77' lang='grc' dir='ltr'><em>τρόπος</em></span> <span class='ocrx_word' id='word_1_130' title='bbox 468 954 584 1000; x_wconf 73' lang='grc' dir='ltr'><em>αὐτῆς</em></span> <span class='ocrx_word' id='word_1_131' title='bbox 619 957 681 990; x_wconf 81' lang='grc' dir='ltr'><em>καὶ</em></span> <span class='ocrx_word' id='word_1_132' title='bbox 715 958 752 991; x_wconf 85' lang='grc' dir='ltr'><em>τί</em></span> <span class='ocrx_word' id='word_1_133' title='bbox 773 954 815 990; x_wconf 80' lang='grc' dir='ltr'><em>τὸ</em></span> <span class='ocrx_word' id='word_1_134' title='bbox 841 955 979 998; x_wconf 80' lang='grc' dir='ltr'><em>ταύτης</em></span> <span class='ocrx_word' id='word_1_135' title='bbox 1001 955 1243 1000; x_wconf 76' lang='grc' dir='ltr'><em>ὑποκείμενον</em></span> <span class='ocrx_word' id='word_1_136' title='bbox 1267 957 1328 991; x_wconf 74' lang='grc' dir='ltr'><em>καὶ</em></span> <span class='ocrx_word' id='word_1_137' title='bbox 1352 958 1445 996; x_wconf 88' lang='grc' dir='ltr'><em>τίνες</em></span> <span class='ocrx_word' id='word_1_138' title='bbox 1468 957 1504 990; x_wconf 76' lang='grc' dir='ltr'><em>οἱ</em></span> <span class='ocrx_word' id='word_1_139' title='bbox 1528 954 1660 1000; x_wconf 87' lang='grc' dir='ltr'><em>τρόποι</em></span> 
     </span>
     <span class='ocr_line' id='line_1_15' title="bbox 246 1008 1662 1058; baseline -0.002 -11"><span class='ocrx_word' id='word_1_140' title='bbox 246 1011 316 1058; x_wconf 65' lang='grc' dir='ltr'><em>ἀφ’</em></span> <span class='ocrx_word' id='word_1_141' title='bbox 342 1008 394 1047; x_wconf 74' lang='grc' dir='ltr'><em>ὧν</em></span> <span class='ocrx_word' id='word_1_142' title='bbox 418 1013 455 1046; x_wconf 78' lang='grc' dir='ltr'><em>οἱ</em></span> <span class='ocrx_word' id='word_1_143' title='bbox 478 1013 718 1055; x_wconf 86' lang='grc' dir='ltr'><em>συλλογισμοί,</em></span> <span class='ocrx_word' id='word_1_144' title='bbox 745 1011 798 1046; x_wconf 77' lang='grc' dir='ltr'><em>ἔτι</em></span> <span class='ocrx_word' id='word_1_145' title='bbox 820 1010 862 1045; x_wconf 84' lang='grc' dir='ltr'><em>τὸ</em></span> <span class='ocrx_word' id='word_1_146' title='bbox 888 1012 966 1050; x_wconf 79' lang='grc' dir='ltr'><em>πῶς</em></span> <span class='ocrx_word' id='word_1_147' title='bbox 982 1013 1039 1046; x_wconf 86' lang='grc' dir='ltr'><em>δεῖ</em></span> <span class='ocrx_word' id='word_1_148' title='bbox 1056 1012 1194 1056; x_wconf 72' lang='grc' dir='ltr'><em>ἐρωτᾶν</em></span> <span class='ocrx_word' id='word_1_149' title='bbox 1211 1012 1272 1045; x_wconf 84' lang='grc' dir='ltr'><em>καὶ</em></span> <span class='ocrx_word' id='word_1_150' title='bbox 1291 1011 1557 1056; x_wconf 72' lang='grc' dir='ltr'><em>ἀποκρίνεσθαι</em></span> <span class='ocrx_word' id='word_1_151' title='bbox 1575 1010 1662 1050; x_wconf 76' lang='grc' dir='ltr'><em>τούς</em></span> 
     </span>
     <span class='ocr_line' id='line_1_16' title="bbox 245 1064 1662 1115; baseline -0.004 -10"><span class='ocrx_word' id='word_1_152' title='bbox 245 1066 618 1115; x_wconf 76' lang='grc' dir='ltr'><em>προσδιαλεγομένους</em></span> <span class='ocrx_word' id='word_1_153' title='bbox 641 1064 685 1100; x_wconf 76' lang='grc' dir='ltr'><em>οὔ</em></span> <span class='ocrx_word' id='word_1_154' title='bbox 707 1066 845 1111; x_wconf 74' lang='grc' dir='ltr'><em>μικρῶν</em></span> <span class='ocrx_word' id='word_1_155' title='bbox 868 1064 985 1101; x_wconf 83' lang='grc' dir='ltr'><em>ὄντων</em></span> <span class='ocrx_word' id='word_1_156' title='bbox 1009 1065 1095 1101; x_wconf 79' lang='grc' dir='ltr'><em>ον’δὲ</em></span> <span class='ocrx_word' id='word_1_157' title='bbox 1118 1065 1276 1109; x_wconf 75' lang='grc' dir='ltr'><em>τούτων,</em></span> <span class='ocrx_word' id='word_1_158' title='bbox 1307 1068 1343 1101; x_wconf 86' lang='grc' dir='ltr'><em>εἰ</em></span> <span class='ocrx_word' id='word_1_159' title='bbox 1361 1066 1412 1110; x_wconf 88' lang='grc' dir='ltr'><em>μή</em></span> <span class='ocrx_word' id='word_1_160' title='bbox 1435 1080 1469 1100; x_wconf 91' lang='grc' dir='ltr'><em>τι</em></span> <span class='ocrx_word' id='word_1_161' title='bbox 1491 1066 1553 1100; x_wconf 84' lang='grc' dir='ltr'><em>καὶ</em></span> <span class='ocrx_word' id='word_1_162' title='bbox 1576 1068 1662 1100; x_wconf 90' lang='grc' dir='ltr'><em>πολ-</em></span> 
     </span>
     <span class='ocr_line' id='line_1_17' title="bbox 246 1117 1661 1168; baseline -0.003 -10"><span class='ocrx_word' id='word_1_163' title='bbox 246 1125 311 1168; x_wconf 85' lang='grc' dir='ltr'><em>λῆς</em></span> <span class='ocrx_word' id='word_1_164' title='bbox 340 1121 521 1167; x_wconf 81' lang='grc' dir='ltr'><em>δεομένων</em></span> <span class='ocrx_word' id='word_1_165' title='bbox 553 1122 614 1156; x_wconf 87' lang='grc' dir='ltr'><em>καὶ</em></span> <span class='ocrx_word' id='word_1_166' title='bbox 645 1121 800 1165; x_wconf 76' lang='grc' dir='ltr'><em>μεγάλης</em></span> <span class='ocrx_word' id='word_1_167' title='bbox 824 1120 1036 1164; x_wconf 77' lang='grc' dir='ltr'><em>ἐξετάσεως,</em></span> <span class='ocrx_word' id='word_1_168' title='bbox 1068 1119 1159 1156; x_wconf 75' lang='grc' dir='ltr'><em>ὅθεν</em></span> <span class='ocrx_word' id='word_1_169' title='bbox 1183 1120 1242 1156; x_wconf 86' lang='grc' dir='ltr'><em>ἐπὶ</em></span> <span class='ocrx_word' id='word_1_170' title='bbox 1264 1122 1322 1156; x_wconf 81' lang='grc' dir='ltr'><em>σοὶ</em></span> <span class='ocrx_word' id='word_1_171' title='bbox 1346 1120 1411 1156; x_wconf 71' lang='grc' dir='ltr'><em>οὐκ</em></span> <span class='ocrx_word' id='word_1_172' title='bbox 1436 1118 1482 1155; x_wconf 65' lang='grc' dir='ltr'><em>ἄν</em></span> <span class='ocrx_word' id='word_1_173' title='bbox 1508 1117 1552 1164; x_wconf 88' lang='grc' dir='ltr'><em>ἦν</em></span> <span class='ocrx_word' id='word_1_174' title='bbox 1576 1119 1661 1155; x_wconf 76' lang='grc' dir='ltr'><em>ἄτο-</em></span> 
     </span>
     <span class='ocr_line' id='line_1_18' title="bbox 247 1172 1663 1221; baseline -0.004 -6"><span class='ocrx_word' id='word_1_175' title='bbox 247 1192 320 1215; x_wconf 84' lang='grc' dir='ltr'><em>πον</em></span> <span class='ocrx_word' id='word_1_176' title='bbox 351 1177 498 1216; x_wconf 81' lang='grc' dir='ltr'><em>τούτοις</em></span> <span class='ocrx_word' id='word_1_177' title='bbox 530 1176 687 1220; x_wconf 80' lang='grc' dir='ltr'><em>(τουτωῒ</em></span> <span class='ocrx_word' id='word_1_178' title='bbox 715 1177 801 1219; x_wconf 86' lang='lat' dir='ltr'>ms.)</span> <span class='ocrx_word' id='word_1_179' title='bbox 831 1177 991 1221; x_wconf 83' lang='grc' dir='ltr'><em>χρῆσθαι</em></span> <span class='ocrx_word' id='word_1_180' title='bbox 1024 1179 1100 1215; x_wconf 88' lang='grc' dir='ltr'><em>τοῖς</em></span> <span class='ocrx_word' id='word_1_181' title='bbox 1134 1177 1232 1211; x_wconf 80' lang='grc' dir='ltr'><em>ἔπεσι</em></span> <span class='ocrx_word' id='word_1_182' title='bbox 1261 1176 1310 1221; x_wconf 85' lang='grc' dir='ltr'><em>μὴ</em></span> <span class='ocrx_word' id='word_1_183' title='bbox 1337 1172 1441 1212; x_wconf 79' lang='grc' dir='ltr'><em>οὖσιν</em></span> <span class='ocrx_word' id='word_1_184' title='bbox 1465 1176 1663 1221; x_wconf 81' lang='grc' dir='ltr'><em>ἑλληνικοῖς</em></span> 
     </span>
     <span class='ocr_line' id='line_1_19' title="bbox 248 1229 1399 1277; baseline -0.003 -8"><span class='ocrx_word' id='word_1_185' title='bbox 248 1234 313 1271; x_wconf 83' lang='grc' dir='ltr'><em>καὶ</em></span> <span class='ocrx_word' id='word_1_186' title='bbox 334 1237 411 1273; x_wconf 92' lang='grc' dir='ltr'><em>τοῖς</em></span> <span class='ocrx_word' id='word_1_187' title='bbox 435 1229 614 1277; x_wconf 73' lang='grc' dir='ltr'><em>εὖσεβὲσιν</em></span> <span class='ocrx_word' id='word_1_188' title='bbox 639 1230 818 1271; x_wconf 81' lang='grc' dir='ltr'><em>ἐναντίοις</em></span> <span class='ocrx_word' id='word_1_189' title='bbox 843 1230 1020 1275; x_wconf 84' lang='grc' dir='ltr'><em>δόγμασιν</em></span> <span class='ocrx_word' id='word_1_190' title='bbox 1044 1232 1189 1276; x_wconf 81' lang='lat' dir='ltr'><strong>(Odyss.</strong></span> <span class='ocrx_word' id='word_1_191' title='bbox 1215 1233 1304 1275; x_wconf 81' lang='lat' dir='ltr'>XIV,</span> <span class='ocrx_word' id='word_1_192' title='bbox 1326 1233 1399 1275; x_wconf 80' lang='lat'><strong>53)-</strong></span> 
     </span>
    </p>

    <p class='ocr_par' dir='ltr' id='par_1_4' title="bbox 249 1284 1636 1440">
     <span class='ocr_line' id='line_1_20' title="bbox 295 1284 1257 1330; baseline -0.004 -6"><span class='ocrx_word' id='word_1_193' title='bbox 295 1288 386 1329; x_wconf 81' lang='grc' dir='ltr'><em>Ζεύς</em></span> <span class='ocrx_word' id='word_1_194' title='bbox 409 1300 465 1322; x_wconf 89' lang='grc' dir='ltr'><em>τοι</em></span> <span class='ocrx_word' id='word_1_195' title='bbox 487 1287 591 1330; x_wconf 89' lang='grc' dir='ltr'><em>δοιή,</em></span> <span class='ocrx_word' id='word_1_196' title='bbox 617 1287 727 1329; x_wconf 82' lang='grc' dir='ltr'><em>ξεῖνε,</em></span> <span class='ocrx_word' id='word_1_197' title='bbox 751 1287 812 1320; x_wconf 86' lang='grc' dir='ltr'><em>καὶ</em></span> <span class='ocrx_word' id='word_1_198' title='bbox 836 1286 1024 1320; x_wconf 81' lang='grc' dir='ltr'><em>οἷθάνατοι</em></span> <span class='ocrx_word' id='word_1_199' title='bbox 1047 1288 1131 1320; x_wconf 81' lang='grc' dir='ltr'><em>θεοὶ</em></span> <span class='ocrx_word' id='word_1_200' title='bbox 1155 1284 1257 1321; x_wconf 76' lang='grc' dir='ltr'><em>ἄλλοι</em></span> 
     </span>
     <span class='ocr_line' id='line_1_21' title="bbox 294 1338 1636 1387; baseline -0.004 -8"><span class='ocrx_word' id='word_1_201' title='bbox 294 1343 316 1379; x_wconf 79' lang='grc' dir='ltr'>ὅ</span> <span class='ocrx_word' id='word_1_202' title='bbox 338 1357 374 1378; x_wconf 91' lang='grc' dir='ltr'><em>τι</em></span> <span class='ocrx_word' id='word_1_203' title='bbox 396 1342 536 1387; x_wconf 86' lang='grc' dir='ltr'><em>μάλιστ’</em></span> <span class='ocrx_word' id='word_1_204' title='bbox 562 1340 709 1383; x_wconf 82' lang='grc' dir='ltr'><em>ἐθέλεις,</em></span> <span class='ocrx_word' id='word_1_205' title='bbox 734 1338 790 1376; x_wconf 74' lang='grc' dir='ltr'><em>ὅτι</em></span> <span class='ocrx_word' id='word_1_206' title='bbox 813 1353 856 1383; x_wconf 90' lang='grc' dir='ltr'><em>με</em></span> <span class='ocrx_word' id='word_1_207' title='bbox 880 1341 1062 1386; x_wconf 84' lang='grc' dir='ltr'><em>πρόφρων</em></span> <span class='ocrx_word' id='word_1_208' title='bbox 1082 1340 1275 1386; x_wconf 82' lang='grc' dir='ltr'><em>ἐπεγείρεις</em></span> <span class='ocrx_word' id='word_1_209' title='bbox 1297 1339 1467 1385; x_wconf 79' lang='grc' dir='ltr'><em>(ὑπέδεξο</em></span> <span class='ocrx_word' id='word_1_210' title='bbox 1492 1341 1636 1385; x_wconf 76' lang='lat' dir='ltr'><strong>odyss.)</strong></span> 
     </span>
     <span class='ocr_line' id='line_1_22' title="bbox 249 1394 1211 1440; baseline -0.007 -5"><span class='ocrx_word' id='word_1_211' title='bbox 249 1399 310 1435; x_wconf 76' lang='grc' dir='ltr'><em>ἐπὶ</em></span> <span class='ocrx_word' id='word_1_212' title='bbox 332 1397 374 1433; x_wconf 85' lang='grc' dir='ltr'><em>τὸ</em></span> <span class='ocrx_word' id='word_1_213' title='bbox 398 1399 554 1440; x_wconf 79' lang='grc' dir='ltr'><em>θεωρεῖν</em></span> <span class='ocrx_word' id='word_1_214' title='bbox 577 1409 613 1431; x_wconf 87' lang='grc' dir='ltr'><em>τι</em></span> <span class='ocrx_word' id='word_1_215' title='bbox 636 1398 710 1430; x_wconf 77' lang='grc' dir='ltr'><em>τῶν</em></span> <span class='ocrx_word' id='word_1_216' title='bbox 732 1394 899 1439; x_wconf 78' lang='grc' dir='ltr'><em>μεγάλων</em></span> <span class='ocrx_word' id='word_1_217' title='bbox 923 1397 984 1430; x_wconf 83' lang='grc' dir='ltr'><em>καὶ</em></span> <span class='ocrx_word' id='word_1_218' title='bbox 1010 1394 1211 1440; x_wconf 82' lang='grc' dir='ltr'><em>ω’φελίμων.</em></span> 
     </span>
    </p>

    <p class='ocr_par' dir='ltr' id='par_1_5' title="bbox 248 1446 1710 2489">
     <span class='ocr_line' id='line_1_23' title="bbox 340 1446 1664 1497; baseline -0.005 -8"><span class='ocrx_word' id='word_1_219' title='bbox 340 1451 420 1497; x_wconf 80' lang='grc' dir='ltr'><em>Τὴν</em></span> <span class='ocrx_word' id='word_1_220' title='bbox 452 1449 679 1494; x_wconf 84' lang='grc' dir='ltr'><em>διαλεκτικὴν</em></span> <span class='ocrx_word' id='word_1_221' title='bbox 711 1451 746 1485; x_wconf 76' lang='grc' dir='ltr'><em>οἱ</em></span> <span class='ocrx_word' id='word_1_222' title='bbox 769 1451 922 1485; x_wconf 84' lang='grc' dir='ltr'><em>παλαιοὶ</em></span> <span class='ocrx_word' id='word_1_223' title='bbox 947 1451 1201 1495; x_wconf 73' lang='grc' dir='ltr'><em>ἀποδεικτικῆς</em></span> <span class='ocrx_word' id='word_1_224' title='bbox 1233 1450 1345 1496; x_wconf 84' lang='grc' dir='ltr'><em>μέσην</em></span> <span class='ocrx_word' id='word_1_225' title='bbox 1379 1446 1494 1485; x_wconf 82' lang='grc' dir='ltr'><em>οὖσαν</em></span> <span class='ocrx_word' id='word_1_226' title='bbox 1518 1450 1580 1484; x_wconf 82' lang='grc' dir='ltr'><em>καὶ</em></span> <span class='ocrx_word' id='word_1_227' title='bbox 1605 1450 1664 1484; x_wconf 90' lang='grc' dir='ltr'><em>τέ-</em></span> 
     </span>
     <span class='ocr_line' id='line_1_24' title="bbox 249 1503 1664 1555; baseline -0.004 -10"><span class='ocrx_word' id='word_1_228' title='bbox 249 1522 337 1555; x_wconf 86' lang='grc' dir='ltr'><em>χνης</em></span> <span class='ocrx_word' id='word_1_229' title='bbox 370 1508 584 1552; x_wconf 79' lang='grc' dir='ltr'><em>σοφιστικῆς</em></span> <span class='ocrx_word' id='word_1_230' title='bbox 615 1505 765 1546; x_wconf 82' lang='grc' dir='ltr'><em>εἰκότως</em></span> <span class='ocrx_word' id='word_1_231' title='bbox 794 1505 951 1548; x_wconf 82' lang='grc' dir='ltr'><em>(εἰκότος</em></span> <span class='ocrx_word' id='word_1_232' title='bbox 971 1508 1055 1549; x_wconf 83' lang='lat' dir='ltr'><strong>ms.)</strong></span> <span class='ocrx_word' id='word_1_233' title='bbox 1075 1505 1213 1551; x_wconf 78' lang='grc' dir='ltr'><em>ταύτην</em></span> <span class='ocrx_word' id='word_1_234' title='bbox 1239 1505 1396 1550; x_wconf 81' lang='grc' dir='ltr'><em>δύναμιν</em></span> <span class='ocrx_word' id='word_1_235' title='bbox 1421 1504 1592 1540; x_wconf 81' lang='grc' dir='ltr'><em>ἐκάλεσαν</em></span> <span class='ocrx_word' id='word_1_236' title='bbox 1616 1503 1664 1544; x_wconf 71' lang='grc' dir='ltr'><em>ὣς</em></span> 
     </span>
     <span class='ocr_line' id='line_1_25' title="bbox 248 1558 1661 1610; baseline -0.004 -10"><span class='ocrx_word' id='word_1_237' title='bbox 248 1566 324 1600; x_wconf 73' lang='grc' dir='ltr'><em>τῶν</em></span> <span class='ocrx_word' id='word_1_238' title='bbox 354 1562 478 1610; x_wconf 82' lang='grc' dir='ltr'><em>ἄκρων</em></span> <span class='ocrx_word' id='word_1_239' title='bbox 507 1560 727 1605; x_wconf 82' lang='grc' dir='ltr'><em>μετέχουσαν</em></span> <span class='ocrx_word' id='word_1_240' title='bbox 749 1562 809 1596; x_wconf 87' lang='grc' dir='ltr'><em>καὶ</em></span> <span class='ocrx_word' id='word_1_241' title='bbox 833 1561 874 1596; x_wconf 88' lang='grc' dir='ltr'><em>τὸ</em></span> <span class='ocrx_word' id='word_1_242' title='bbox 909 1560 998 1596; x_wconf 73' lang='grc' dir='ltr'><em>αὐτὸ</em></span> <span class='ocrx_word' id='word_1_243' title='bbox 1032 1561 1238 1606; x_wconf 85' lang='grc' dir='ltr'><em>δυναμένην</em></span> <span class='ocrx_word' id='word_1_244' title='bbox 1271 1560 1551 1603; x_wconf 77' lang='grc' dir='ltr'><em>κατασκευάζειν</em></span> <span class='ocrx_word' id='word_1_245' title='bbox 1585 1558 1661 1603; x_wconf 78' lang='grc' dir='ltr'><em>ἅμα</em></span> 
     </span>
     <span class='ocr_line' id='line_1_26' title="bbox 250 1614 1664 1662; baseline -0.005 -6"><span class='ocrx_word' id='word_1_246' title='bbox 250 1620 315 1656; x_wconf 86' lang='grc' dir='ltr'><em>καὶ</em></span> <span class='ocrx_word' id='word_1_247' title='bbox 345 1618 616 1660; x_wconf 78' lang='grc' dir='ltr'><em>άνασκευάζειν.</em></span> <span class='ocrx_word' id='word_1_248' title='bbox 659 1616 746 1660; x_wconf 83' lang='grc' dir='ltr'><em>λέγω</em></span> <span class='ocrx_word' id='word_1_249' title='bbox 769 1615 808 1650; x_wconf 77' lang='grc' dir='ltr'><em>δὲ</em></span> <span class='ocrx_word' id='word_1_250' title='bbox 832 1614 926 1662; x_wconf 78' lang='grc' dir='ltr'><em>ἄκρα</em></span> <span class='ocrx_word' id='word_1_251' title='bbox 949 1617 1017 1661; x_wconf 79' lang='grc' dir='ltr'><em>τὴν</em></span> <span class='ocrx_word' id='word_1_252' title='bbox 1042 1614 1301 1661; x_wconf 79' lang='grc' dir='ltr'><em>άποδεικτικὴν</em></span> <span class='ocrx_word' id='word_1_253' title='bbox 1324 1617 1385 1651; x_wconf 81' lang='grc' dir='ltr'><em>καὶ</em></span> <span class='ocrx_word' id='word_1_254' title='bbox 1409 1616 1478 1660; x_wconf 84' lang='grc' dir='ltr'><em>τὴν</em></span> <span class='ocrx_word' id='word_1_255' title='bbox 1501 1627 1664 1659; x_wconf 86' lang='grc' dir='ltr'><em>σοφιστι-</em></span> 
     </span>
     <span class='ocr_line' id='line_1_27' title="bbox 249 1667 1664 1720; baseline -0.004 -11"><span class='ocrx_word' id='word_1_256' title='bbox 249 1675 341 1720; x_wconf 80' lang='grc' dir='ltr'><em>κήν,</em></span> <span class='ocrx_word' id='word_1_257' title='bbox 371 1672 419 1714; x_wconf 73' lang='grc' dir='ltr'><em>αἱς</em></span> <span class='ocrx_word' id='word_1_258' title='bbox 450 1673 518 1717; x_wconf 83' lang='grc' dir='ltr'><em>τὴν</em></span> <span class='ocrx_word' id='word_1_259' title='bbox 548 1670 613 1716; x_wconf 71' lang='grc' dir='ltr'><em>μὲν</em></span> <span class='ocrx_word' id='word_1_260' title='bbox 646 1670 684 1706; x_wconf 85' lang='grc' dir='ltr'><em>ἐκ</em></span> <span class='ocrx_word' id='word_1_261' title='bbox 716 1669 869 1717; x_wconf 77' lang='grc' dir='ltr'><em>πρώτων</em></span> <span class='ocrx_word' id='word_1_262' title='bbox 898 1672 960 1707; x_wconf 84' lang='grc' dir='ltr'><em>καὶ</em></span> <span class='ocrx_word' id='word_1_263' title='bbox 991 1670 1143 1716; x_wconf 73' lang='grc' dir='ltr'><em>ἀληθῶν</em></span> <span class='ocrx_word' id='word_1_264' title='bbox 1175 1667 1308 1714; x_wconf 71' lang='grc' dir='ltr'><em>οὖσαν,</em></span> <span class='ocrx_word' id='word_1_265' title='bbox 1339 1670 1406 1715; x_wconf 85' lang='grc' dir='ltr'><em>τὴν</em></span> <span class='ocrx_word' id='word_1_266' title='bbox 1430 1670 1469 1706; x_wconf 74' lang='grc' dir='ltr'><em>δὲ</em></span> <span class='ocrx_word' id='word_1_267' title='bbox 1492 1670 1530 1706; x_wconf 76' lang='grc' dir='ltr'><em>ἔκ</em></span> <span class='ocrx_word' id='word_1_268' title='bbox 1554 1683 1664 1705; x_wconf 88' lang='grc' dir='ltr'><em>τινων</em></span> 
     </span>
     <span class='ocr_line' id='line_1_28' title="bbox 252 1724 1665 1776; baseline -0.004 -11"><span class='ocrx_word' id='word_1_269' title='bbox 252 1730 473 1776; x_wconf 83' lang='grc' dir='ltr'><em>φανταστῶν</em></span> <span class='ocrx_word' id='word_1_270' title='bbox 495 1728 583 1767; x_wconf 85' lang='grc' dir='ltr'><em>τοὺς</em></span> <span class='ocrx_word' id='word_1_271' title='bbox 605 1727 735 1771; x_wconf 77' lang='grc' dir='ltr'><em>λόγους</em></span> <span class='ocrx_word' id='word_1_272' title='bbox 757 1727 979 1771; x_wconf 83' lang='grc' dir='ltr'><em>ποιουμένην</em></span> <span class='ocrx_word' id='word_1_273' title='bbox 993 1753 1004 1768; x_wconf 85' lang='grc'><em>,</em></span> <span class='ocrx_word' id='word_1_274' title='bbox 1028 1724 1094 1767; x_wconf 70' lang='grc' dir='ltr'><em>οὓς</em></span> <span class='ocrx_word' id='word_1_275' title='bbox 1116 1726 1162 1771; x_wconf 89' lang='grc' dir='ltr'><em>δὴ</em></span> <span class='ocrx_word' id='word_1_276' title='bbox 1188 1730 1264 1771; x_wconf 87' lang='grc' dir='ltr'><em>(δεῖ</em></span> <span class='ocrx_word' id='word_1_277' title='bbox 1284 1728 1369 1770; x_wconf 76' lang='grc' dir='ltr'><em>ωε.)</em></span> <span class='ocrx_word' id='word_1_278' title='bbox 1393 1726 1451 1761; x_wconf 80' lang='grc' dir='ltr'><em>ἐπὶ</em></span> <span class='ocrx_word' id='word_1_279' title='bbox 1474 1726 1605 1770; x_wconf 81' lang='grc' dir='ltr'><em>μέρους</em></span> <span class='ocrx_word' id='word_1_280' title='bbox 1627 1737 1665 1760; x_wconf 84' lang='grc' dir='ltr'><em>τε</em></span> 
     </span>
     <span class='ocr_line' id='line_1_29' title="bbox 252 1777 1664 1829; baseline -0.005 -7"><span class='ocrx_word' id='word_1_281' title='bbox 252 1787 315 1822; x_wconf 82' lang='grc' dir='ltr'><em>καὶ</em></span> <span class='ocrx_word' id='word_1_282' title='bbox 339 1786 490 1829; x_wconf 78' lang='grc' dir='ltr'><em>ψευδεῖς</em></span> <span class='ocrx_word' id='word_1_283' title='bbox 514 1781 607 1818; x_wconf 82' lang='grc' dir='ltr'><em>εἶναι</em></span> <span class='ocrx_word' id='word_1_284' title='bbox 639 1781 871 1827; x_wconf 79' lang='grc' dir='ltr'><em>συμβέβηκεν.</em></span> <span class='ocrx_word' id='word_1_285' title='bbox 913 1779 962 1822; x_wconf 72' lang='grc' dir='ltr'><em>αἱς</em></span> <span class='ocrx_word' id='word_1_286' title='bbox 985 1777 1052 1816; x_wconf 83' lang='grc' dir='ltr'><em>οὖν</em></span> <span class='ocrx_word' id='word_1_287' title='bbox 1074 1780 1116 1817; x_wconf 86' lang='grc' dir='ltr'><em>τὸ</em></span> <span class='ocrx_word' id='word_1_288' title='bbox 1142 1780 1276 1826; x_wconf 76' lang='grc' dir='ltr'><em>άληθὲς</em></span> <span class='ocrx_word' id='word_1_289' title='bbox 1298 1782 1360 1816; x_wconf 84' lang='grc' dir='ltr'><em>καὶ</em></span> <span class='ocrx_word' id='word_1_290' title='bbox 1382 1780 1424 1816; x_wconf 86' lang='grc' dir='ltr'><em>τὸ</em></span> <span class='ocrx_word' id='word_1_291' title='bbox 1449 1783 1587 1825; x_wconf 85' lang='grc' dir='ltr'><em>ψεῦδος</em></span> <span class='ocrx_word' id='word_1_292' title='bbox 1611 1781 1664 1815; x_wconf 82' lang='grc' dir='ltr'><em>ἐν-</em></span> 
     </span>
     <span class='ocr_line' id='line_1_30' title="bbox 254 1834 1666 1884; baseline -0.005 -7"><span class='ocrx_word' id='word_1_293' title='bbox 254 1843 382 1884; x_wconf 79' lang='grc' dir='ltr'><em>αντία,</em></span> <span class='ocrx_word' id='word_1_294' title='bbox 415 1837 462 1875; x_wconf 79' lang='grc' dir='ltr'><em>τὰ</em></span> <span class='ocrx_word' id='word_1_295' title='bbox 495 1837 527 1873; x_wconf 86' lang='grc' dir='ltr'><em>δ’</em></span> <span class='ocrx_word' id='word_1_296' title='bbox 551 1837 698 1872; x_wconf 82' lang='grc' dir='ltr'><em>ἐναντία</em></span> <span class='ocrx_word' id='word_1_297' title='bbox 721 1836 837 1883; x_wconf 77' lang='grc' dir='ltr'><em>ἄκρα,</em></span> <span class='ocrx_word' id='word_1_298' title='bbox 862 1834 960 1871; x_wconf 74' lang='grc' dir='ltr'><em>οὕτω</em></span> <span class='ocrx_word' id='word_1_299' title='bbox 987 1837 1057 1881; x_wconf 84' lang='grc' dir='ltr'><em>τήν</em></span> <span class='ocrx_word' id='word_1_300' title='bbox 1081 1835 1343 1880; x_wconf 75' lang='grc' dir='ltr'><em>άποδεικτικὴν</em></span> <span class='ocrx_word' id='word_1_301' title='bbox 1366 1838 1426 1872; x_wconf 81' lang='grc' dir='ltr'><em>καὶ</em></span> <span class='ocrx_word' id='word_1_302' title='bbox 1451 1834 1666 1880; x_wconf 82' lang='grc' dir='ltr'><em>σοφιστικὴν</em></span> 
     </span>
     <span class='ocr_line' id='line_1_31' title="bbox 253 1887 1666 1942; baseline -0.004 -11"><span class='ocrx_word' id='word_1_303' title='bbox 253 1894 350 1942; x_wconf 75' lang='grc' dir='ltr'><em>ἄκρα</em></span> <span class='ocrx_word' id='word_1_304' title='bbox 383 1892 576 1938; x_wconf 73' lang='grc' dir='ltr'><em>τυγχάνειν</em></span> <span class='ocrx_word' id='word_1_305' title='bbox 598 1892 915 1937; x_wconf 80' lang='grc' dir='ltr'><em>ὑπολαμβάνομεν.</em></span> <span class='ocrx_word' id='word_1_306' title='bbox 948 1892 1091 1927; x_wconf 74' lang='grc' dir='ltr'><em>τούτων</em></span> <span class='ocrx_word' id='word_1_307' title='bbox 1113 1891 1159 1937; x_wconf 78' lang='grc' dir='ltr'><em>δὴ</em></span> <span class='ocrx_word' id='word_1_308' title='bbox 1185 1887 1253 1928; x_wconf 74' lang='grc' dir='ltr'><em>οὖν</em></span> <span class='ocrx_word' id='word_1_309' title='bbox 1276 1893 1350 1927; x_wconf 74' lang='grc' dir='ltr'><em>τῶν</em></span> <span class='ocrx_word' id='word_1_310' title='bbox 1372 1892 1575 1936; x_wconf 87' lang='grc' dir='ltr'><em>δυνάμεων,</em></span> <span class='ocrx_word' id='word_1_311' title='bbox 1600 1893 1666 1935; x_wconf 82' lang='grc' dir='ltr'><em>τῆς</em></span> 
     </span>
     <span class='ocr_line' id='line_1_32' title="bbox 251 1946 1666 1996; baseline -0.004 -10"><span class='ocrx_word' id='word_1_312' title='bbox 251 1951 320 1996; x_wconf 72' lang='grc' dir='ltr'><em>μὲν</em></span> <span class='ocrx_word' id='word_1_313' title='bbox 348 1950 433 1994; x_wconf 78' lang='grc' dir='ltr'><em>περὶ</em></span> <span class='ocrx_word' id='word_1_314' title='bbox 466 1946 669 1984; x_wconf 77' lang='grc' dir='ltr'><em>ἄπταιστον</em></span> <span class='ocrx_word' id='word_1_315' title='bbox 698 1946 941 1991; x_wconf 77' lang='grc' dir='ltr'><em>’ὑποκείμενον</em></span> <span class='ocrx_word' id='word_1_316' title='bbox 963 1947 1250 1991; x_wconf 80' lang='grc' dir='ltr'><em>καταγενομένης</em></span> <span class='ocrx_word' id='word_1_317' title='bbox 1281 1948 1346 1991; x_wconf 75' lang='grc' dir='ltr'><em>τῆς</em></span> <span class='ocrx_word' id='word_1_318' title='bbox 1378 1946 1418 1981; x_wconf 75' lang='grc' dir='ltr'><em>δὲ</em></span> <span class='ocrx_word' id='word_1_319' title='bbox 1451 1948 1533 1992; x_wconf 86' lang='grc' dir='ltr'><em>περὶ</em></span> <span class='ocrx_word' id='word_1_320' title='bbox 1555 1960 1666 1982; x_wconf 89' lang='grc' dir='ltr'><em>πται-</em></span> 
     </span>
     <span class='ocr_line' id='line_1_33' title="bbox 253 1999 1664 2048; baseline -0.004 -6"><span class='ocrx_word' id='word_1_321' title='bbox 253 2004 361 2048; x_wconf 87' lang='grc' dir='ltr'><em>στόν,</em></span> <span class='ocrx_word' id='word_1_322' title='bbox 393 2004 457 2040; x_wconf 78' lang='grc' dir='ltr'><em>καὶ</em></span> <span class='ocrx_word' id='word_1_323' title='bbox 487 2004 553 2047; x_wconf 87' lang='grc' dir='ltr'><em>τῆς</em></span> <span class='ocrx_word' id='word_1_324' title='bbox 575 2002 640 2047; x_wconf 74' lang='grc' dir='ltr'><em>μὲν</em></span> <span class='ocrx_word' id='word_1_325' title='bbox 663 2002 747 2046; x_wconf 78' lang='grc' dir='ltr'><em>περὶ</em></span> <span class='ocrx_word' id='word_1_326' title='bbox 780 2000 990 2046; x_wconf 74' lang='grc' dir='ltr'><em>ἀναγκαίων</em></span> <span class='ocrx_word' id='word_1_327' title='bbox 1012 2003 1074 2037; x_wconf 80' lang='grc' dir='ltr'><em>καὶ</em></span> <span class='ocrx_word' id='word_1_328' title='bbox 1098 2001 1155 2038; x_wconf 79' lang='grc' dir='ltr'><em>άεὶ</em></span> <span class='ocrx_word' id='word_1_329' title='bbox 1179 2000 1297 2038; x_wconf 79' lang='grc' dir='ltr'><em>ὄντων</em></span> <span class='ocrx_word' id='word_1_330' title='bbox 1319 1999 1391 2046; x_wconf 71' lang='grc' dir='ltr'><em>(ὦν</em></span> <span class='ocrx_word' id='word_1_331' title='bbox 1414 2004 1497 2046; x_wconf 80' lang='lat' dir='ltr'><em>ms)</em></span> <span class='ocrx_word' id='word_1_332' title='bbox 1535 2003 1600 2046; x_wconf 87' lang='grc' dir='ltr'><em>τῆς</em></span> <span class='ocrx_word' id='word_1_333' title='bbox 1626 2001 1664 2036; x_wconf 80' lang='grc' dir='ltr'><em>δὲ</em></span> 
     </span>
     <span class='ocr_line' id='line_1_34' title="bbox 252 2055 1663 2108; baseline -0.006 -10"><span class='ocrx_word' id='word_1_334' title='bbox 252 2062 336 2108; x_wconf 79' lang='grc' dir='ltr'><em>περὶ</em></span> <span class='ocrx_word' id='word_1_335' title='bbox 360 2058 602 2104; x_wconf 78' lang='grc' dir='ltr'><em>ἐνδεχομένων</em></span> <span class='ocrx_word' id='word_1_336' title='bbox 627 2055 880 2102; x_wconf 79' lang='grc' dir='ltr'><em>(ἐνδεχόμενον</em></span> <span class='ocrx_word' id='word_1_337' title='bbox 903 2059 1001 2102; x_wconf 79' lang='lat' dir='ltr'><strong>ms.)·</strong></span> <span class='ocrx_word' id='word_1_338' title='bbox 1033 2059 1096 2093; x_wconf 89' lang='grc' dir='ltr'><em>καί</em></span> <span class='ocrx_word' id='word_1_339' title='bbox 1117 2070 1206 2093; x_wconf 86' lang='grc' dir='ltr'><em>ποτε</em></span> <span class='ocrx_word' id='word_1_340' title='bbox 1220 2057 1288 2102; x_wconf 81' lang='grc' dir='ltr'><em>τὴν</em></span> <span class='ocrx_word' id='word_1_341' title='bbox 1298 2057 1410 2102; x_wconf 85' lang='grc' dir='ltr'><em>μέσην</em></span> <span class='ocrx_word' id='word_1_342' title='bbox 1424 2057 1444 2102; x_wconf 74' lang='grc' dir='ltr'><em>ἡ</em></span> <span class='ocrx_word' id='word_1_343' title='bbox 1459 2057 1663 2101; x_wconf 85' lang='grc' dir='ltr'><em>διαλεκτικὴ</em></span> 
     </span>
     <span class='ocr_line' id='line_1_35' title="bbox 252 2111 1665 2160; baseline -0.003 -9"><span class='ocrx_word' id='word_1_344' title='bbox 252 2116 358 2160; x_wconf 81' lang='grc' dir='ltr'><em>τάξιν</em></span> <span class='ocrx_word' id='word_1_345' title='bbox 382 2116 508 2159; x_wconf 83' lang='grc' dir='ltr'><em>εἴληχε·</em></span> <span class='ocrx_word' id='word_1_346' title='bbox 544 2113 606 2148; x_wconf 80' lang='grc' dir='ltr'><em>καὶ</em></span> <span class='ocrx_word' id='word_1_347' title='bbox 629 2112 698 2158; x_wconf 77' lang='grc' dir='ltr'><em>γὰρ</em></span> <span class='ocrx_word' id='word_1_348' title='bbox 721 2114 806 2159; x_wconf 82' lang='grc' dir='ltr'><em>περὶ</em></span> <span class='ocrx_word' id='word_1_349' title='bbox 830 2115 903 2147; x_wconf 79' lang='grc' dir='ltr'><em>ταῖν</em></span> <span class='ocrx_word' id='word_1_350' title='bbox 928 2111 1135 2156; x_wconf 72' lang='grc' dir='ltr'><em>ἀναγκαίων</em></span> <span class='ocrx_word' id='word_1_351' title='bbox 1158 2113 1220 2148; x_wconf 84' lang='grc' dir='ltr'><em>καὶ</em></span> <span class='ocrx_word' id='word_1_352' title='bbox 1243 2112 1486 2157; x_wconf 75' lang='grc' dir='ltr'><em>ἐνδεχομένων</em></span> <span class='ocrx_word' id='word_1_353' title='bbox 1510 2113 1665 2154; x_wconf 84' lang='grc' dir='ltr'><em>διαλέξε-</em></span> 
     </span>
     <span class='ocr_line' id='line_1_36' title="bbox 252 2165 1710 2214; baseline -0.003 -7"><span class='ocrx_word' id='word_1_354' title='bbox 252 2185 327 2212; x_wconf 87' lang='grc' dir='ltr'><em>ται,</em></span> <span class='ocrx_word' id='word_1_355' title='bbox 351 2165 404 2206; x_wconf 77' lang='grc' dir='ltr'><em>αἷν</em></span> <span class='ocrx_word' id='word_1_356' title='bbox 423 2168 469 2205; x_wconf 82' lang='grc' dir='ltr'><em>τὰ</em></span> <span class='ocrx_word' id='word_1_357' title='bbox 486 2168 551 2213; x_wconf 76' lang='grc' dir='ltr'><em>μὲν</em></span> <span class='ocrx_word' id='word_1_358' title='bbox 575 2165 834 2210; x_wconf 74' lang='grc' dir='ltr'><em>οἷνασκευάζειν</em></span> <span class='ocrx_word' id='word_1_359' title='bbox 857 2170 1028 2214; x_wconf 81' lang='grc' dir='ltr'><em>πειρᾶται</em></span> <span class='ocrx_word' id='word_1_360' title='bbox 1046 2168 1167 2211; x_wconf 82' lang='grc' dir='ltr'><em>μόνως</em></span> <span class='ocrx_word' id='word_1_361' title='bbox 1189 2165 1215 2213; x_wconf 75' lang='grc' dir='ltr'><em>ἢ</em></span> <span class='ocrx_word' id='word_1_362' title='bbox 1228 2168 1519 2210; x_wconf 77' lang='grc' dir='ltr'><em>κατασκευάζειν.</em></span> <span class='ocrx_word' id='word_1_363' title='bbox 1543 2168 1668 2204; x_wconf 79' lang='grc' dir='ltr'><em>ἔπειτα</em></span> <span class='ocrx_word' id='word_1_364' title='bbox 1707 2179 1710 2183; x_wconf 90' lang='grc'>·</span> 
     </span>
     <span class='ocr_line' id='line_1_37' title="bbox 251 2221 1666 2270; baseline -0.004 -7"><span class='ocrx_word' id='word_1_365' title='bbox 251 2227 376 2263; x_wconf 82' lang='grc' dir='ltr'><em>πάντα</em></span> <span class='ocrx_word' id='word_1_366' title='bbox 399 2224 522 2270; x_wconf 81' lang='grc' dir='ltr'><em>άληθῆ</em></span> <span class='ocrx_word' id='word_1_367' title='bbox 545 2221 804 2264; x_wconf 84' lang='grc' dir='ltr'><em>άνασκευάζειν</em></span> <span class='ocrx_word' id='word_1_368' title='bbox 828 2222 1015 2259; x_wconf 81' lang='grc' dir='ltr'><em>άδύνατον</em></span> <span class='ocrx_word' id='word_1_369' title='bbox 1039 2221 1061 2268; x_wconf 77' lang='grc' dir='ltr'><em>ἢ</em></span> <span class='ocrx_word' id='word_1_370' title='bbox 1085 2222 1130 2258; x_wconf 81' lang='grc' dir='ltr'><em>τὰ</em></span> <span class='ocrx_word' id='word_1_371' title='bbox 1154 2223 1277 2259; x_wconf 84' lang='grc' dir='ltr'><em>πάντα</em></span> <span class='ocrx_word' id='word_1_372' title='bbox 1299 2225 1422 2268; x_wconf 79' lang='grc' dir='ltr'><em>ψευδῆ</em></span> <span class='ocrx_word' id='word_1_373' title='bbox 1443 2223 1666 2259; x_wconf 79' lang='grc' dir='ltr'><em>κατασκευά-</em></span> 
     </span>
     <span class='ocr_line' id='line_1_38' title="bbox 253 2276 1666 2325; baseline -0.002 -8"><span class='ocrx_word' id='word_1_374' title='bbox 253 2284 346 2325; x_wconf 86' lang='grc' dir='ltr'><em>ζειν,</em></span> <span class='ocrx_word' id='word_1_375' title='bbox 377 2281 424 2317; x_wconf 77' lang='grc' dir='ltr'><em>τὰ</em></span> <span class='ocrx_word' id='word_1_376' title='bbox 457 2278 497 2315; x_wconf 75' lang='grc' dir='ltr'><em>δὲ</em></span> <span class='ocrx_word' id='word_1_377' title='bbox 527 2278 670 2313; x_wconf 80' lang='grc' dir='ltr'><em>τοῦτων</em></span> <span class='ocrx_word' id='word_1_378' title='bbox 703 2276 794 2313; x_wconf 79' lang='grc' dir='ltr'><em>ὅντα</em></span> <span class='ocrx_word' id='word_1_379' title='bbox 822 2277 956 2323; x_wconf 74' lang='grc' dir='ltr'><em>μεταξὺ</em></span> <span class='ocrx_word' id='word_1_380' title='bbox 988 2280 1050 2314; x_wconf 84' lang='grc' dir='ltr'><em>καὶ</em></span> <span class='ocrx_word' id='word_1_381' title='bbox 1081 2279 1362 2321; x_wconf 81' lang='grc' dir='ltr'><em>κατασκευάζειν</em></span> <span class='ocrx_word' id='word_1_382' title='bbox 1385 2277 1461 2322; x_wconf 78' lang='grc' dir='ltr'><em>ὅίμα</em></span> <span class='ocrx_word' id='word_1_383' title='bbox 1484 2280 1545 2314; x_wconf 75' lang='grc' dir='ltr'><em>καὶ</em></span> <span class='ocrx_word' id='word_1_384' title='bbox 1570 2279 1666 2314; x_wconf 72' lang='grc' dir='ltr'><em>οἰνα-</em></span> 
     </span>
     <span class='ocr_line' id='line_1_39' title="bbox 253 2331 1666 2381; baseline -0.003 -7"><span class='ocrx_word' id='word_1_385' title='bbox 253 2337 458 2379; x_wconf 79' lang='grc' dir='ltr'><em>σκευάζειν,</em></span> <span class='ocrx_word' id='word_1_386' title='bbox 483 2331 507 2370; x_wconf 73' lang='grc' dir='ltr'><em>ἃ</em></span> <span class='ocrx_word' id='word_1_387' title='bbox 531 2331 577 2378; x_wconf 79' lang='grc' dir='ltr'><em>δὴ</em></span> <span class='ocrx_word' id='word_1_388' title='bbox 601 2334 663 2368; x_wconf 85' lang='grc' dir='ltr'><em>καὶ</em></span> <span class='ocrx_word' id='word_1_389' title='bbox 686 2333 893 2381; x_wconf 79' lang='grc' dir='ltr'><em>διαλεκτικὰ</em></span> <span class='ocrx_word' id='word_1_390' title='bbox 917 2334 1157 2379; x_wconf 84' lang='grc' dir='ltr'><em>προβλήματα</em></span> <span class='ocrx_word' id='word_1_391' title='bbox 1181 2331 1336 2369; x_wconf 81' lang='grc' dir='ltr'><em>εἰώθασι</em></span> <span class='ocrx_word' id='word_1_392' title='bbox 1358 2337 1502 2376; x_wconf 84' lang='grc' dir='ltr'><em>καλεῖν,</em></span> <span class='ocrx_word' id='word_1_393' title='bbox 1533 2334 1595 2369; x_wconf 72' lang='grc' dir='ltr'><em>καὶ</em></span> <span class='ocrx_word' id='word_1_394' title='bbox 1619 2331 1666 2370; x_wconf 86' lang='grc' dir='ltr'><em>δι’</em></span> 
     </span>
     <span class='ocr_line' id='line_1_40' title="bbox 253 2385 1666 2436; baseline -0.001 -9"><span class='ocrx_word' id='word_1_395' title='bbox 253 2389 278 2428; x_wconf 74' lang='grc' dir='ltr'><em>ἃ</em></span> <span class='ocrx_word' id='word_1_396' title='bbox 300 2393 436 2436; x_wconf 80' lang='grc' dir='ltr'><em>μᾶλλον</em></span> <span class='ocrx_word' id='word_1_397' title='bbox 460 2387 577 2433; x_wconf 75' lang='grc' dir='ltr'><em>αὐτὴν</em></span> <span class='ocrx_word' id='word_1_398' title='bbox 599 2387 754 2433; x_wconf 82' lang='grc' dir='ltr'><em>δύναμιν</em></span> <span class='ocrx_word' id='word_1_399' title='bbox 778 2385 1011 2432; x_wconf 70' lang='grc' dir='ltr'><em>ὠνομάκασιν</em></span> <span class='ocrx_word' id='word_1_400' title='bbox 1034 2388 1083 2430; x_wconf 70' lang='grc' dir='ltr'><em>ὥς</em></span> <span class='ocrx_word' id='word_1_401' title='bbox 1107 2393 1186 2430; x_wconf 88' lang='grc' dir='ltr'><em>ταῖς</em></span> <span class='ocrx_word' id='word_1_402' title='bbox 1210 2389 1248 2424; x_wconf 81' lang='grc' dir='ltr'><em>ἐν</em></span> <span class='ocrx_word' id='word_1_403' title='bbox 1271 2389 1358 2433; x_wconf 75' lang='grc' dir='ltr'><em>ἡμῖν</em></span> <span class='ocrx_word' id='word_1_404' title='bbox 1381 2388 1580 2434; x_wconf 85' lang='grc' dir='ltr'><em>δυνάμεσιν</em></span> <span class='ocrx_word' id='word_1_405' title='bbox 1596 2389 1666 2425; x_wconf 78' lang='grc' dir='ltr'><em>ἐοι-</em></span> 
     </span>
     <span class='ocr_line' id='line_1_41' title="bbox 252 2443 1047 2489; baseline -0.005 -6"><span class='ocrx_word' id='word_1_406' title='bbox 252 2451 375 2483; x_wconf 84' lang='grc' dir='ltr'><em>κυῖαν·</em></span> <span class='ocrx_word' id='word_1_407' title='bbox 399 2448 472 2481; x_wconf 80' lang='grc' dir='ltr'><em>τοόν</em></span> <span class='ocrx_word' id='word_1_408' title='bbox 494 2444 564 2489; x_wconf 82' lang='grc' dir='ltr'><em>γὰρ</em></span> <span class='ocrx_word' id='word_1_409' title='bbox 589 2443 764 2479; x_wconf 85' lang='grc' dir='ltr'><em>ἐναντίων</em></span> <span class='ocrx_word' id='word_1_410' title='bbox 787 2445 826 2479; x_wconf 77' lang='grc' dir='ltr'><em>αἱ</em></span> <span class='ocrx_word' id='word_1_411' title='bbox 849 2444 1047 2488; x_wconf 61' lang='grc' dir='ltr'><em>δυνάμεις·</em></span> 
     </span>
    </p>

    <p class='ocr_par' dir='ltr' id='par_1_6' title="bbox 253 2495 1668 2768">
     <span class='ocr_line' id='line_1_42' title="bbox 341 2495 1667 2545; baseline -0.001 -9"><span class='ocrx_word' id='word_1_412' title='bbox 341 2499 436 2545; x_wconf 70' lang='grc' dir='ltr'><em>αὕτη</em></span> <span class='ocrx_word' id='word_1_413' title='bbox 467 2501 594 2535; x_wconf 87' lang='grc' dir='ltr'><em>τοίνυν</em></span> <span class='ocrx_word' id='word_1_414' title='bbox 625 2498 649 2543; x_wconf 83' lang='grc' dir='ltr'><em>ἡ</em></span> <span class='ocrx_word' id='word_1_415' title='bbox 678 2500 840 2544; x_wconf 88' lang='grc' dir='ltr'><em>μέθοδος</em></span> <span class='ocrx_word' id='word_1_416' title='bbox 874 2498 914 2544; x_wconf 79' lang='grc' dir='ltr'><em>(ἦ</em></span> <span class='ocrx_word' id='word_1_417' title='bbox 945 2498 1168 2543; x_wconf 86' lang='grc' dir='ltr'><em>διαλεκτικὴ)</em></span> <span class='ocrx_word' id='word_1_418' title='bbox 1202 2495 1390 2542; x_wconf 66' lang='grc' dir='ltr'><em>ἀπόδειξίς</em></span> <span class='ocrx_word' id='word_1_419' title='bbox 1423 2513 1478 2540; x_wconf 81' lang='grc' dir='ltr'><em>τις</em></span> <span class='ocrx_word' id='word_1_420' title='bbox 1498 2498 1667 2544; x_wconf 72' lang='grc' dir='ltr'><em>ὖπάρχει,</em></span> 
     </span>
     <span class='ocr_line' id='line_1_43' title="bbox 253 2551 1666 2599; baseline -0.001 -7"><span class='ocrx_word' id='word_1_421' title='bbox 253 2559 369 2592; x_wconf 74' lang='grc' dir='ltr'><em>πᾶσαι</em></span> <span class='ocrx_word' id='word_1_422' title='bbox 401 2555 441 2590; x_wconf 79' lang='grc' dir='ltr'><em>δὲ</em></span> <span class='ocrx_word' id='word_1_423' title='bbox 473 2551 677 2597; x_wconf 75' lang='grc' dir='ltr'><em>ἀποδείξεις</em></span> <span class='ocrx_word' id='word_1_424' title='bbox 700 2554 761 2590; x_wconf 72' lang='grc' dir='ltr'><em>διὰ</em></span> <span class='ocrx_word' id='word_1_425' title='bbox 785 2558 1044 2599; x_wconf 84' lang='grc' dir='ltr'><em>συλλογισμοῦ,</em></span> <span class='ocrx_word' id='word_1_426' title='bbox 1066 2557 1140 2595; x_wconf 80' lang='grc' dir='ltr'><em>πᾶς</em></span> <span class='ocrx_word' id='word_1_427' title='bbox 1162 2554 1201 2590; x_wconf 80' lang='grc' dir='ltr'><em>δὲ</em></span> <span class='ocrx_word' id='word_1_428' title='bbox 1224 2555 1457 2598; x_wconf 84' lang='grc' dir='ltr'><em>συλλογισμὸς</em></span> <span class='ocrx_word' id='word_1_429' title='bbox 1481 2553 1506 2599; x_wconf 81' lang='grc' dir='ltr'><em>ἢ</em></span> <span class='ocrx_word' id='word_1_430' title='bbox 1529 2553 1666 2590; x_wconf 72' lang='grc' dir='ltr'><em>ὑποθε-</em></span> 
     </span>
     <span class='ocr_line' id='line_1_44' title="bbox 253 2608 1666 2656; baseline -0.002 -9"><span class='ocrx_word' id='word_1_431' title='bbox 253 2611 356 2652; x_wconf 86' lang='grc' dir='ltr'><em>τικός</em></span> <span class='ocrx_word' id='word_1_432' title='bbox 388 2611 483 2646; x_wconf 82' lang='grc' dir='ltr'><em>ἐστιν</em></span> <span class='ocrx_word' id='word_1_433' title='bbox 516 2608 542 2655; x_wconf 80' lang='grc' dir='ltr'><strong><em>ἢ</em></strong></span> <span class='ocrx_word' id='word_1_434' title='bbox 571 2610 810 2656; x_wconf 88' lang='grc' dir='ltr'><em>κατηγορικός</em></span> <span class='ocrx_word' id='word_1_435' title='bbox 842 2608 863 2654; x_wconf 72' lang='grc' dir='ltr'>ἦ</span> <span class='ocrx_word' id='word_1_436' title='bbox 887 2609 1140 2651; x_wconf 81' lang='grc' dir='ltr'><em>άποδεικτικός</em></span> <span class='ocrx_word' id='word_1_437' title='bbox 1163 2609 1236 2645; x_wconf 80' lang='grc' dir='ltr'><em>ἐστι</em></span> <span class='ocrx_word' id='word_1_438' title='bbox 1259 2610 1321 2645; x_wconf 84' lang='grc' dir='ltr'><em>καὶ</em></span> <span class='ocrx_word' id='word_1_439' title='bbox 1346 2609 1621 2654; x_wconf 80' lang='grc' dir='ltr'><em>ἐπιστημονικὰς</em></span> <span class='ocrx_word' id='word_1_440' title='bbox 1644 2608 1666 2655; x_wconf 79' lang='grc' dir='ltr'>ἢ</span> 
     </span>
     <span class='ocr_line' id='line_1_45' title="bbox 253 2663 1668 2711; baseline -0.001 -9"><span class='ocrx_word' id='word_1_441' title='bbox 253 2668 327 2702; x_wconf 74' lang='grc' dir='ltr'><em>τῶν</em></span> <span class='ocrx_word' id='word_1_442' title='bbox 349 2665 508 2711; x_wconf 84' lang='grc' dir='ltr'><em>ἐσχάτων</em></span> <span class='ocrx_word' id='word_1_443' title='bbox 529 2679 569 2702; x_wconf 89' lang='grc' dir='ltr'><em>τε</em></span> <span class='ocrx_word' id='word_1_444' title='bbox 591 2667 654 2702; x_wconf 86' lang='grc' dir='ltr'><em>καὶ</em></span> <span class='ocrx_word' id='word_1_445' title='bbox 677 2665 887 2710; x_wconf 83' lang='grc' dir='ltr'><em>σοφιστικὸς</em></span> <span class='ocrx_word' id='word_1_446' title='bbox 910 2663 935 2711; x_wconf 78' lang='grc' dir='ltr'><em>ἢ</em></span> <span class='ocrx_word' id='word_1_447' title='bbox 959 2665 995 2709; x_wconf 81' lang='grc' dir='ltr'><em>ἐξ</em></span> <span class='ocrx_word' id='word_1_448' title='bbox 1019 2666 1176 2709; x_wconf 75' lang='grc' dir='ltr'><em>ἐνδόξων</em></span> <span class='ocrx_word' id='word_1_449' title='bbox 1193 2678 1231 2701; x_wconf 89' lang='grc' dir='ltr'><em>τε</em></span> <span class='ocrx_word' id='word_1_450' title='bbox 1248 2666 1309 2700; x_wconf 80' lang='grc' dir='ltr'><em>καὶ</em></span> <span class='ocrx_word' id='word_1_451' title='bbox 1328 2666 1562 2707; x_wconf 87' lang='grc' dir='ltr'><em>διαλεκτικός.</em></span> <span class='ocrx_word' id='word_1_452' title='bbox 1590 2665 1668 2701; x_wconf 85' lang='grc' dir='ltr'><em>ἐπεὶ</em></span> 
     </span>
     <span class='ocr_line' id='line_1_46' title="bbox 254 2720 1666 2768; baseline -0.001 -10"><span class='ocrx_word' id='word_1_453' title='bbox 254 2722 295 2759; x_wconf 77' lang='grc' dir='ltr'><em>δὲ</em></span> <span class='ocrx_word' id='word_1_454' title='bbox 317 2722 352 2757; x_wconf 75' lang='grc' dir='ltr'><em>οἱ</em></span> <span class='ocrx_word' id='word_1_455' title='bbox 376 2722 604 2767; x_wconf 83' lang='grc' dir='ltr'><em>συλλογισμοὶ</em></span> <span class='ocrx_word' id='word_1_456' title='bbox 627 2721 666 2758; x_wconf 85' lang='grc' dir='ltr'><em>ἐκ</em></span> <span class='ocrx_word' id='word_1_457' title='bbox 688 2721 899 2766; x_wconf 86' lang='grc' dir='ltr'><em>προτάσεων</em></span> <span class='ocrx_word' id='word_1_458' title='bbox 925 2722 988 2758; x_wconf 87' lang='grc' dir='ltr'><em>καὶ</em></span> <span class='ocrx_word' id='word_1_459' title='bbox 1011 2722 1093 2768; x_wconf 80' lang='grc' dir='ltr'><em>περὶ</em></span> <span class='ocrx_word' id='word_1_460' title='bbox 1113 2721 1379 2768; x_wconf 76' lang='grc' dir='ltr'><em>προβλημάτων</em></span> <span class='ocrx_word' id='word_1_461' title='bbox 1402 2722 1483 2764; x_wconf 88' lang='grc' dir='ltr'><em>εἰσί,</em></span> <span class='ocrx_word' id='word_1_462' title='bbox 1506 2722 1608 2757; x_wconf 75' lang='grc' dir='ltr'><em>πάσα</em></span> <span class='ocrx_word' id='word_1_463' title='bbox 1625 2720 1666 2757; x_wconf 77' lang='grc' dir='ltr'><em>δὲ</em></span> 
     </span>
    </p>
   </div>
  </div>
 </body>
</html>
