1884 3100
617 214 735 250 ΠΡΟ
748 214 949 250 ΤΕΡΩΝ
978 217 1018 248 Α.
1465 213 1544 252 161

91 314 348 377 προτάσεων
373 311 421 369 ἐξ
451 311 644 378 ἀνάγκης
673 312 727 362 τὸ
749 317 787 360 A
811 316 878 378 τῷ
900 317 947 359 Γ
961 308 1203 372 ὑπάρξει“”
1171 331 1205 398 η
1231 310 1318 374 οὑχ
1337 309 1539 373 ὑπάρξει.
1558 331 1593 359 20

91 384 182 431 ἐπεὶ
214 381 298 466 γάρ
331 383 460 430 παντὶ
487 385 549 448 τῷ
587 386 624 428 Β
652 380 699 438 ἐξ
725 379 920 443 ἀνάγκης
948 379 1138 442 ὑπάρχει
1170 399 1201 444 η
1235 379 1323 442 οὐχ
1349 378 1542 465 ὑπάρχει

91 449 144 498 τὸ
164 449 286 507 Α,τὸ
311 452 358 497 δὲ
380 453 426 496 Γ
437 469 478 496 τι
498 453 585 496 τῶν
605 453 642 496 Β
663 450 763 506 ἐστι’,
786 446 982 509 φανερὸν
1005 446 1072 495 ὅτι
1093 449 1166 495 καὶ
1186 452 1251 514 τῷ
1275 452 1321 495 Γ
1336 446 1432 504 ἐξ’
1402 448 1541 511 ανάγ-

92 537 177 582 κης
197 520 313 565 ἔσται
336 517 530 576 θάτερον
551 516 732 564 τούτων.
768 517 806 562 εἰ
830 517 876 562 δὲ
898 513 950 561 τὸ
972 517 1051 575 μὲν
1077 520 1153 562 ΑΒ
1182 516 1243 580 μή
1263 517 1379 563 ἐστιν
1399 514 1539 578 άναγ-

91 605 230 642 καιον,
242 604 294 632 το
321 586 367 631 δὲ
382 582 729 645 ΒΓάναγκαῖον,
769 601 827 629 ου
817 581 857 628 ’κ
879 583 997 630 ἕσται
1018 581 1070 629 τὸ
1090 585 1385 645 συμπέρασμα
1405 582 1540 646 ἄναγ-

89 659 228 700 καῖον
266 653 304 698 εἰ
341 650 424 713 γὰρ
461 652 564 705 ἔστι,
594 649 863 714 συμβήσεται
894 648 946 697 τὰ
984 655 1021 697 Α
1049 652 1131 698 τινὶ
1166 656 1228 717 τῷ
1260 656 1298 698 Β
1325 650 1592 713 ὑπάρχεινεᾱ

89 718 182 776 ἑξ’
153 719 346 782 ανάγκης
366 717 440 764 διά
460 737 504 765 τε
525 722 609 765 τοῦ
629 718 814 777 πρώτου
833 737 904 764 και
936 717 1009 764 δια
1021 737 1104 765 του
1128 723 1283 778 τρίτου
1306 719 1539 790 σχηματος.

87 792 223 835 τοῦτο
237 789 284 834 δὲ
296 789 492 844 ψεῦδος·
514 786 738 870 {126612161
754 784 840 847 γὰρ
865 789 1073 832 τοιοῦτον
1085 783 1195 833 εἶναι
1215 785 1268 834 τὸ
1287 791 1324 833 Β
1345 790 1380 852 95
1405 789 1540 849 ἐγχω-

87 861 156 917 ρεῖ
181 852 231 901 τὸ
263 859 300 901 A
320 855 472 936 μηδενὶ
496 852 528 900 ὑ
532 854 723 914 πάρχειν.
756 855 812 900 ἔτι
833 855 906 899 καὶ
934 854 980 900 ἐκ
999 858 1088 900 τῶν
1109 851 1227 914 ὅρων
1249 853 1450 916 φανερὸν
1474 852 1542 902 ὅτι

88 941 177 970 ουκ
197 923 314 968 εσται
325 940 378 968 το
398 922 693 981 συμπέρασμα
715 919 964 1004 ἀναγκαῖον,
987 919 1082 968 οἷον
1101 923 1140 968 εἰ
1156 920 1209 968 τὸ
1230 923 1310 983 μὲν
1329 927 1367 968 Α
1387 924 1454 986 εἴη
1471 923 1541 968 κί-

85 1002 227 1074 νησις,
255 987 307 1036 τὸ
343 990 390 1035 δὲ
423 992 461 1034 Β
494 992 626 1054 ζῷον,
661 987 728 1050 ἐφ’
758 982 796 1054 ᾦ
818 990 864 1035 ὁε
883 987 934 1035 τὸ
955 987 1278 1049 Γᾶνθρωπος·
1316 993 1434 1055 ζῷον
1463 1007 1591 1051 μενεο

84 1076 169 1142 γαρ
189 1055 215 1103 6
236 1055 480 1114 ἄνθρωπος
501 1055 596 1111 ⁶²5³
567 1055 762 1119 ανάγκης
785 1057 885 1111 ἐστι’,
909 1062 1088 1103 κινεῖται
1102 1058 1148 1103 δὲ
1168 1055 1219 1104 τὸ
1241 1060 1361 1122 ζῷον
1382 1056 1471 1104 οὐκ
1497 1056 1545 1114 ἐξ

85 1123 293 1187 ανάγκης,
322 1121 424 1169 οὐδ’
452 1121 479 1168 6
499 1121 754 1182 ἄνθρωπος.
781 1122 947 1183 ὁμοίως
969 1125 1016 1170 δὲ
1037 1125 1113 1170 καὶ
1134 1126 1172 1170 εἰ
1193 1124 1453 1188 στερητικὸν
1473 1127 1541 1188 εἰη

83 1190 134 1239 τὸ
157 1195 255 1237 AB
286 1188 315 1254 ἡ
344 1188 428 1252 γὰρ
463 1188 580 1253 αὕτη
612 1189 847 1247 απόδειξις.
908 1191 977 1237 ἐπὶ
1009 1192 1056 1237 δε
1085 1195 1176 1238 τῶν
1207 1193 1252 1238 ἐν
1278 1192 1397 1253 μέρει
1425 1196 1540 1238 συλ-

83 1259 377 1321 λογισμῶν,,εἰ
394 1258 473 1318 μὲν
504 1255 557 1303 τὸ
586 1257 794 1304 καθόλου
827 1258 942 1304 ἐστὶν
972 1256 1224 1320 α’ναγκαῖον,
1244 1260 1319 1305 καὶ
1347 1258 1400 1305 τὸ
1422 1271 1539 1319 συμ-

82 1328 286 1386 πέρασμα
321 1326 438 1372 ἔσται
461 1323 713 1386 ἀναγκαῖον,
748 1327 786 1372 εἰ
819 1325 865 1371 δὲ
895 1323 948 1371 τὸ
972 1324 1084 1372 κατὰ
1111 1327 1258 1385 μέρος,
1289 1324 1377 1372 οὐκ
1401 1325 1538 1388 άναγ-
1556 1345 1591 1373 35

84 1399 225 1448 καῖον,
247 1391 351 1440 οὔτε
373 1396 629 1455 στερητικῆς
651 1391 755 1439 οὔτε
769 1397 1063 1456 κατηγορικῆς
1077 1391 1222 1456 οὔσης
1232 1397 1314 1457 τῆς
1327 1393 1541 1441 καθόλου

82 1460 354 1523 προτάσεως.
379 1460 487 1506 ἔστω
500 1458 552 1506 6
531 1479 557 1522 η
571 1464 749 1519 πρῶτον
757 1458 809 1507 τὸ
823 1460 1030 1506 nav-0201>
1045 1459 1298 1522 ἀναγκαῖον,
1310 1462 1384 1507 και
1398 1459 1448 1507 τό
1461 1480 1541 1522 μεν

83 1534 122 1576 Α
148 1529 276 1575 παντὶ
305 1531 367 1593 τῷ
395 1530 433 1573 Β
462 1525 695 1588 ὑπαρχέτω
730 1526 776 1583 ἐξ
812 1526 1023 1591 α’νάγκης,
1052 1526 1104 1574 τό
1135 1529 1182 1574 de
1222 1532 1258 1574 Β
1288 1530 1371 1575 τινὶ
1401 1533 1464 1595 τῷ
1500 1532 1547 1575 Γ

81 1594 312 1656 ὑπαρχέτω
351 1593 514 1655 μόνον·
566 1593 738 1657 ἀνάγκη
777 1592 835 1658 δὴ
879 1594 930 1641 τὸ
972 1600 1008 1641 Α
1042 1596 1127 1642 τινὶ
1159 1599 1222 1661 τῷ
1251 1599 1298 1642 Γ
1323 1576 1540 1682 ὑπάρχειν

80 1662 128 1720 ἐξ
153 1661 370 1725 ιῖνάγκης·
407 1659 459 1708 τὸ
488 1680 574 1723 γαρ
613 1666 659 1708 Γ
686 1660 778 1709 ὑπὸ
811 1659 863 1708 τὸ
884 1666 922 1708 Β
945 1663 1055 1717 ἐστί,
1079 1667 1140 1728 τῷ
1163 1665 1210 1710 δε
1252 1667 1290 1710 Β
1319 1666 1451 1710 παντὶ
1481 1662 1537 1711 ὑ·
1555 1679 1591 1707 4ο

78 1735 247 1794 πῆρχεν
279 1729 325 1786 ἐξ
357 1728 564 1791 ανάγκης.
591 1727 760 1788 ὁμοίως
786 1730 832 1774 δε
855 1731 929 1774 καὶ
952 1731 990 1775 εἰ
1014 1711 1282 1815 στερητικὸς
1289 1732 1357 1793 εἴη
1381 1729 1408 1777 6
1426 1735 1579 1778 ava-b

78 1797 310 1860 λογισμός·
349 1795 379 1859 ἠ
411 1795 494 1856 γὰρ
530 1814 645 1858 αυτη
677 1797 793 1842 ἔσται
824 1793 1057 1853 απόδειξις.
1092 1798 1130 1843 εἰ
1163 1799 1210 1843 ὁε
1236 1796 1287 1844 τὸ
1317 1796 1430 1843 κατὰ
1461 1798 1539 1858 με’-

79 1883 160 1926 ρος
193 1866 312 1911 ἐστὶν
342 1862 594 1923 ἀναγκαῖον,
631 1861 718 1909 οὐκ
742 1863 859 1909 εσται
880 1861 931 1909 τὸ
950 1863 1251 1923 συμπέρασμα
1275 1863 1536 1926 ἀναγκαῖον·

80 1931 216 1980 οὐδὲν
241 1929 325 1993 γὰρ
345 1929 568 1977 αόύνατον
593 1931 844 1990 συμπίπτει,
869 1930 1073 1990 καθάπερ
1095 1929 1197 1978 οὔὸ’
1218 1932 1264 1978 ἐν
1278 1937 1372 1989 τοῖς
1392 1931 1538 1979 καθό-

76 2004 164 2047 λου
183 2002 511 2059 συλλογισμοῖς.
547 1994 711 2056 ὁμοίως
731 1999 778 2044 δὲ
798 1995 910 2044 κάπὶ
931 2002 1018 2045 τῶν
1038 2003 1319 2063 στερητικῶν.
1346 1997 1445 2062 ὅροι
1467 2001 1536 2046 κί-
1554 2021 1572 2048 5

76 2079 238 2132 νησις-
254 2069 400 2132 ζῷον-
413 2063 592 2111 λευκόν.

209 2114 308 2180 Ἐπὶ
331 2135 377 2180 δε
397 2150 481 2179 του
462 2131 708 2192 δευτέρου
719 2131 959 2194 σχήιιατος,
975 2133 1014 2179 εἰ
1025 2131 1144 2196 μενὴ
1168 2130 1399 2197 στερητική
1420 2132 1537 2192 πρό-
1558 2139 1623 2183 10

77 2202 202 2259 τασίς
233 2202 348 2248 ἐστιν
382 2197 618 2283 ἀναγκαίας
643 2201 715 2245 καὶ
747 2197 798 2246 τὸ
820 2201 1114 2260 συμπέρασιια
1137 2202 1256 2247 ε’σται
1284 2199 1537 2262 ἀναγκαῖον,

77 2270 116 2317 εἰ
136 2266 223 2316 6'
198 2288 226 2332 η
245 2265 526 2330 κατηγορική,
560 2264 646 2312 οὐκ
667 2265 917 2328 αναγκαῖον.
946 2268 1054 2314 ἔστω
1084 2266 1167 2330 γὰρ
1187 2272 1364 2327 πρῶτον
1390 2266 1420 2329 ἡ
1442 2278 1540 2314 στε-

76 2334 235 2401 ρητική
257 2334 495 2398 ἀναγκαία,
529 2334 606 2380 καὶ
624 2332 677 2380 τὸ
698 2338 737 2380 A
760 2339 823 2400 τῷ
844 2336 924 2396 μὲν
949 2338 986 2381 Β
1006 2337 1160 2399 μηδενὶ
1183 2335 1444 2396 ἐνδεχέσθω,
1477 2337 1542 2400 τῷ
1556 2350 1591 2379 10

168 2492 252 2528 20*
227 2508 250 2538 η
271 2491 340 2538 οιῖχ
359 2492 518 2539 ὑπάρξει
538 2505 595 2525 om
614 2492 694 2525 d.—
705 2492 746 2525 21
765 2488 835 2537 γὰρ
852 2491 895 2527 τὸ
917 2505 942 2527 α
962 2493 1076 2528 παντι
1094 2494 1149 2537 Cf.
1165 2494 1266 2526 —22
1286 2490 1329 2527 τὸ
1351 2505 1376 2526 α
1393 2503 1448 2525 om
1470 2492 1539 2548 (ζῆ.

76 2562 121 2569 -
146 2540 234 2584 τῶν]
263 2540 333 2574 τοῦ
350 2552 396 2572 m.
421 2558 468 2566 —
501 2538 577 2573 ἐστι
597 2539 672 2571 τῶν
693 2537 716 2581 β
734 2549 766 2570 ιι.
797 2558 831 2564 -—
870 2538 933 2572 καὶ
952 2538 993 2572 τὸ
1017 2539 1098 2581 diu,
1135 2551 1214 2572 corr
1235 2541 1275 2572 Β.
1304 2557 1345 2563 —-
1379 2539 1424 2570 23
1442 2538 1495 2594 εἰ]
1513 2550 1538 2579 η

77 2585 338 2629 καταφατικὸν
358 2599 378 2627 η
401 2582 654 2626 ἀποφατικόν.
677 2582 756 2624 ets.
770 2602 815 2608 —-
838 2585 883 2617 2⁴
905 2583 1028 2618 ἔστιιΙ.
1046 2602 1092 2610 -
1116 2582 1158 2618 τὸ
1180 2596 1235 2616 om
1260 2584 1294 2616 C.
1306 2602 1349 2609 —
1374 2583 1420 2617 95
1439 2581 1540 2617 εσται

82 2632 221 2675 0112-
246 2632 369 2672 tmvf.
394 2650 437 2656 —
463 2633 507 2664 30
523 2630 572 2662 alt
589 2629 630 2663 τὸ
651 2641 693 2671 pr
708 2639 764 2660 orn
784 2629 818 2662 d.
848 2649 891 2654 -—
925 2631 969 2662 35
988 2625 1072 2672 ουκ]
1098 2627 1237 2663 οὔκουν
1255 2629 1297 2661 d.
1314 2646 1358 2653 —
1391 2628 1435 2660 36
1457 2638 1539 2663 στε-

78 2677 252 2733 ρητιιιῆς.
265 2676 372 2719 ..τῆς
388 2683 424 2709 et
444 2677 489 2709 38
506 2675 574 2721 τῷ.
611 2675 675 2707 ‚bl
698 2672 936 2730 συλλογισμὸς
956 2686 993 2705 rc
1011 2686 1114 2717 supra
1134 2675 1176 2707 lit
1193 2675 1236 2707 A.
1259 2692 1306 2700 —
1330 2674 1374 2708 39
1393 2670 1480 2707 aed.
1495 2692 1540 2699 —

78 2718 124 2756 40
140 2721 181 2756 δέ
197 2734 237 2765 γε
295 2734 334 2754 rc.
352 2722 396 2754 A.
432 2740 475 2746 —
511 2710 640 2763 παντὶ]
659 2718 770 2753 παντὶ
793 2717 835 2753 τὸ
859 2732 884 2753 α
910 2719 997 2752 codd
1022 2727 1173 2764 excepto
1194 2720 1245 2758 B;
1283 2719 1349 2763 dfu
1372 2719 1430 2753 adi
1451 2716 1495 2754 τὸ
1514 2731 1540 2753 α

78 2767 123 2800 bl
146 2774 228 2811 post
246 2764 420 2820 ανάγκης.
1404 2788 1409 2790 s

168 2811 263 2846 30b1
283 2810 321 2854 ἐξ
341 2810 506 2856 ἀνάγκης
525 2808 690 2855 ὑπῆρχεν
711 2815 748 2842 et
766 2805 906 2852 ὁμοίως
920 2806 991 2853 γὰρ
1009 2807 1074 2843 καὶ
1100 2822 1138 2843 rc
1156 2809 1199 2843 A.
