1734 3100
146 207 226 257 5(ss
660 209 913 255 analytica
943 211 1111 257 priora.

198 309 280 346 rat:
319 306 424 346 unde
460 309 580 359 patet,
617 320 686 346 cur
712 309 830 348 verba
856 305 935 347 οὐκ
962 337 972 346 .
991 335 1001 345 .
1025 335 1036 347 .
1064 303 1270 358 σχήμασιν
1297 319 1351 346 vs.
1372 307 1423 346 41
1451 307 1615 347 delenda

200 371 478 410 censuerimus.
519 391 567 398 -
648 370 888 410 Monendum
934 375 994 410 est
1038 375 1168 409 autem
1213 383 1287 422 per
1335 369 1615 422 συλλογισμὸν

198 433 237 472 in
291 432 543 483 sequentibus
591 433 758 485 inteiligi
800 434 1074 473 deductionem
1125 434 1173 472 ad
1216 435 1454 473 absurdum
1475 436 1616 485 (quare

198 497 317 535 etiam
353 497 400 533 ad
429 492 695 545 δεδειγμένου
729 499 844 534 6337
875 496 997 535 intell.
1022 494 1106 536 διὰ
1140 499 1220 537 τοῦ
1254 495 1504 545 ἀδυνάτου),
1541 509 1615 578 per

198 556 352 610 ἀληθὲς
377 562 522 596 rectam
551 560 935 598 demonstrationem.

144 625 263 661 63a8
298 620 324 673 ἢ
353 618 409 672 μὴ
436 618 661 661 παντὶ..
715 622 970 673 Persequitur
993 623 1069 661 hoc
1096 635 1152 661 vs.
1175 624 1236 662 14.
1299 622 1373 663 Via
1411 636 1527 674 quam
1555 623 1615 661 in-

197 686 302 724 sistit
328 690 368 723 et
395 685 432 723 in
459 686 520 723 his
549 690 589 723 et
616 685 654 723 in
682 686 935 736 sequentibus
962 686 1061 724 haec
1083 689 1156 724 est.
1210 687 1399 737 Proponit
1421 686 1524 736 quod
1545 686 1614 724 de-

197 748 494 787 monstrandum
541 753 619 795 est,
668 748 810 786 deinde
848 749 1088 798 hypothesin
1126 761 1158 787 s.
1194 750 1504 801 propositionem
1549 761 1615 786 re-

197 816 448 863 pugnantem,
486 824 508 848 a
546 824 620 862 qua
653 811 827 861 incipere
855 811 974 849 debet
1006 811 1205 859 deductio,
1242 812 1409 862 denique
1435 810 1616 861 proposi-

196 876 339 921 tiones,
378 887 427 913 ex
464 874 602 924 quibus
646 879 754 912 recta
795 874 1085 912 demonstratur
1121 875 1223 925 quod
1260 874 1503 925 probandum
1540 877 1615 921 est,

197 950 359 990 quarum
386 937 509 975 altera
537 937 738 974 coniuncta
767 949 854 974 cum
882 936 1092 986 hypothesi
1117 937 1363 975 concluditur
1389 936 1494 987 quod
1522 948 1614 975 con-

194 1000 351 1040 tradicit
377 999 512 1038 altera.
569 999 752 1037 Ceterum
779 999 883 1037 huuc
910 1004 1038 1037 servat
1064 1000 1255 1047 ordinem,
1296 1003 1341 1038 ut
1376 999 1615 1038 universales

194 1076 289 1114 prae
316 1061 627 1113 particularibus,
655 1061 896 1100 affirmantes
926 1075 1018 1112 prae
1047 1064 1277 1113 negantibus
1307 1068 1487 1114 exponat.

143 1128 287 1166 631211
327 1124 352 1165 ὁ
379 1123 654 1175 συλλογισμὸς
688 1121 758 1164 καὶ
795 1122 842 1164 τὸ
877 1124 1104 1174 ἀδύνατον,
1139 1127 1178 1164 h.
1206 1140 1240 1165 e.
1279 1124 1303 1166 6
1337 1124 1616 1176 συλλογισμὸς

192 1191 271 1230 τοῦ
296 1187 526 1235 ἀδυνάτου,
564 1187 615 1226 cf.
637 1200 691 1226 vs.
714 1190 777 1235 21,
799 1191 863 1235 28,
884 1190 959 1228 112:
998 1191 1153 1240 cogitur
1189 1190 1291 1228 enim
1329 1202 1378 1228 ex
1404 1189 1616 1240 hypothesi

194 1257 235 1293 et
260 1253 382 1292 altera
409 1251 680 1303 propositione
707 1252 810 1302 quod
839 1253 995 1291 admitti
1022 1265 1098 1291 non
1126 1265 1244 1303 posse
1273 1253 1391 1292 docet
1417 1253 1553 1291 altera.

141 1319 286 1357 63a16
323 1313 392 1355 καὶ
420 1313 455 1354 εἰ
481 1313 719 1366 στερητικὸν
746 1342 756 1352 .
780 1343 789 1353 .
813 1344 821 1354 .
887 1315 993 1354 Idem
1022 1319 1095 1365 est,
1135 1317 1168 1354 si
1196 1321 1305 1354 recta
1332 1315 1615 1354 demonstratio

192 1381 240 1420 fit
273 1381 391 1420 tertio
428 1380 543 1417 modo
581 1378 777 1417 secundae
811 1378 997 1429 figuraezl
1030 1379 1131 1417 unde
1166 1383 1331 1429 apparet
1375 1378 1614 1430 propositio-

194 1457 284 1483 nem
320 1443 511 1482 minorem
549 1453 625 1479 non
662 1442 889 1480 sumendam
926 1455 1017 1481 esse
1052 1446 1258 1494 negantem
1293 1442 1344 1481 de
1380 1447 1503 1493 parte,
1542 1440 1614 1481 sed

193 1507 453 1545 affirmantem
481 1504 531 1542 de
556 1508 679 1555 parte.

140 1570 299 1617 63a21,
324 1570 390 1617 28,
410 1569 471 1607 b2
496 1569 624 1606 τοῦτο
652 1565 710 1616 δέ,
738 1567 777 1606 h.
805 1580 838 1606 e.
865 1565 912 1606 τὸ
938 1564 1105 1617 ἀληθές,
1133 1572 1241 1606 recta
1269 1567 1561 1607 demonstratio.

141 1634 285 1672 63a24
323 1632 411 1671 Erit
446 1632 617 1670 fortasse
653 1630 721 1681 qui
756 1642 843 1667 eum
873 1630 959 1667 cod.
987 1642 1016 1668 n
1041 1630 1207 1669 delenda
1235 1636 1344 1681 putet
1369 1631 1488 1669 verba
1512 1628 1539 1682 ἢ
1565 1629 1614 1670 τὸ

195 1697 255 1735 A:
285 1695 504 1747 significant
531 1695 634 1732 enim
662 1693 821 1731 tertium
850 1693 1009 1730 modum
1035 1694 1176 1731 tertiae
1207 1693 1366 1744 figurae,
1395 1706 1509 1743 quem
1537 1694 1614 1732 iam

193 1759 320 1797 innuit
337 1771 391 1797 vs.
415 1759 466 1795 20
493 1757 623 1794 verbis
650 1753 677 1806 ἢ
704 1753 798 1804 τινί,
828 1768 950 1806 quare
967 1768 1023 1794 vs.
1042 1756 1187 1793 241100
1209 1769 1325 1794 unum
1355 1757 1537 1796 relictum
1561 1758 1614 1796 vi·

194 1823 325 1869 detur,
342 1827 385 1860 ut
407 1821 642 1858 mentionem
664 1819 781 1857 faciat
800 1819 928 1869 quarti
947 1820 1064 1858 modi.
1101 1818 1157 1857 Ut
1174 1820 1434 1858 retineremus
1454 1820 1570 1859 verba
1586 1818 1613 1871 ἢ

192 1884 241 1926 τὸ
258 1885 298 1924 A
325 1885 446 1923 movit
472 1895 543 1921 nos
571 1888 653 1921 tum
682 1882 786 1932 quod
815 1894 872 1918 vs.
888 1883 940 1919 22
967 1881 1136 1932 primum
1165 1883 1321 1921 modum
1352 1883 1478 1921 solum
1506 1896 1614 1921 com-

194 1948 438 1995 memoravit,
477 1950 520 1984 ut
546 1946 651 1984 haud
678 1945 927 1983 incommode
952 1958 1008 1983 vs.
1027 1946 1078 1982 24
1107 1950 1146 1982 et
1182 1946 1340 1983 tertium
1369 1953 1408 1983 et
1434 1951 1614 1995 quartum

131 2029 133 2031 ·
194 2012 375 2063 attingat,
402 2013 483 2049 tum
512 2010 614 2060 quod
644 2008 810 2047 similem
838 2008 1113 2059 repetitionem
1139 2008 1342 2046 habuimus
1369 2009 1501 2048 olm.

139 2076 289 2114 63b12
317 2074 607 2112 Demonstravit
634 2072 762 2110 adhuc
790 2071 986 2121 quomodo
1013 2083 1113 2121 quae
1141 2070 1189 2109 ad
1212 2072 1425 2109 absurdum
1446 2071 1614 2112 deducta

193 2138 274 2176 sint
299 2138 416 2176 etiam
442 2141 554 2175 recta
579 2136 640 2174 via
668 2136 998 2173 demonstrentur.
1061 2134 1191 2183 Quare
1218 2135 1294 2172 iam
1321 2133 1431 2173 addit
1457 2134 1614 2182 „Mani-

193 2201 340 2240 festum
369 2205 431 2238 est
456 2200 572 2250 igitur
599 2198 702 2250 quod
731 2209 983 2249 quaecunque
1010 2209 1081 2248 per
1109 2197 1337 2243 absurdum,
1365 2197 1483 2236 etiam
1505 2202 1614 2237 recta

195 2265 514 2303 demonstrantur
544 2267 586 2301 et
612 2273 865 2313 quaecunque
891 2264 998 2298 recta
1027 2262 1101 2305 (vs.
1119 2261 1204 2306 14),
1233 2261 1368 2299 eadem
1399 2261 1514 2299 etiam
1541 2275 1615 2314 per

195 2325 447 2367 absurdum''.
514 2325 687 2377 Apparet
724 2325 813 2362 inde
852 2336 928 2373 quo
965 2323 1051 2361 iure
1081 2328 1156 2363 vet.
1175 2323 1270 2374 intp.
1292 2322 1379 2361 cod.
1404 2321 1522 2364 Goth.
1550 2336 1613 2362 se-

194 2392 276 2431 cuti
303 2390 549 2430 omiserimus
576 2390 695 2428 verba
721 2384 792 2428 καὶ
817 2385 888 2426 διὰ
912 2388 990 2426 τοῦ
1018 2385 1234 2427 ἀδυνάτου
1251 2399 1310 2425 vs.
1331 2387 1380 2423 13
1406 2391 1497 2437 post
1523 2384 1612 2426 ἕκα-

194 2463 320 2502 στον,
359 2466 460 2504 quae
487 2453 520 2491 si
555 2452 814 2500 adiiciuntur,
852 2463 928 2489 non
966 2451 1060 2489 dicit
1097 2450 1346 2490 manifestum
1384 2461 1473 2487 esse
1508 2451 1613 2501 quod

195 2529 450 2569 quaecunque
494 2515 543 2555 ad
581 2515 790 2554 absurdum
839 2515 1095 2554 deducantur·
1120 2527 1167 2552 ea
1210 2515 1326 2552 etiam
1370 2516 1477 2550 recta
1519 2525 1612 2563 pro-

193 2583 289 2621 bare
326 2581 443 2619 liceat
475 2592 548 2631 per
583 2579 744 2617 eosdem
770 2579 971 2634 terminos,
1010 2578 1080 2616 sed
1107 2577 1359 2615 manifestum
1387 2574 1482 2613 dicit
1508 2576 1612 2626 quod

193 2644 282 2683 fieri
307 2644 445 2694 possit,
472 2646 518 2682 ut
544 2638 648 2692 quod
676 2639 840 2681 velimus
868 2646 908 2680 et
934 2646 1043 2680 recta
1069 2641 1132 2680 via
1159 2640 1447 2678 demonstretur
1473 2642 1515 2678 et
1539 2651 1612 2690 per

194 2707 419 2746 absurdum.
473 2705 598 2757 Quem
626 2705 784 2756 quidem
813 2717 972 2744 sensum
998 2705 1031 2743 si
1059 2703 1310 2752 admittimus,
1336 2701 1482 2741 insulsa
1497 2702 1612 2742 inerit

196 2768 378 2822 repetitio
403 2769 443 2809 in
469 2769 520 2809 iis
547 2781 647 2820 quae
673 2769 771 2809 dicit
795 2782 850 2809 vs.
873 2769 924 2808 14
949 2766 1107 2820 ὁμοίως
1132 2796 1144 2810 .
1162 2793 1173 2805 .
1194 2795 1207 2808 .
1234 2767 1284 2806 15
1311 2763 1440 2817 ὅροις.
