1884 3100
0 3098 2 3100 .
0 3006 11 3075 -..,„.

626 201 967 238 ΠΡΟΤΕΡΩΝ
992 201 1551 241 A.185

103 304 358 366 στερητικῆς
383 305 466 366 τῆς
494 298 534 348 δ’
566 300 611 348 ἐν
642 300 762 363 μέρει
794 302 1116 364 καταφατικῆς,
1158 296 1186 346 ὃ
1211 296 1348 356 αὐτὸς
1383 297 1552 381 τρόπος

101 370 220 417 ἔσται
257 373 344 416 τῶν
385 372 716 431 συλλογισμῶν·
749 367 909 425 πάντες
947 366 1032 430 γὰρ
1058 367 1335 427 περαίνονται
1361 363 1436 413 διά
1463 371 1551 414 τοῦ

100 437 285 499 πρώτου
319 436 553 500 σχήματος.
581 434 692 483 ὥστε
711 433 911 497 φανερὸν
932 433 998 482 ὅτι
1017 439 1103 482 τοῦ
1126 435 1377 496 ἐνδέχεσθαι
1397 435 1469 480 καὶ
1491 452 1550 481 ου
1565 452 1601 479 30

100 509 187 552 τοῦ
211 503 423 565 ὑπάρχειν
452 505 569 552 ἔσται
598 502 625 550 ὃ
649 501 960 564 συλλογισμός.
1002 504 1040 549 εἰ
1062 501 1101 550 6'
1124 501 1150 565 ἡ
1171 504 1252 562 μὲν
1271 500 1550 565 καταφατικὴ

100 571 310 619 καθόλου
345 570 374 634 ἡ
402 573 450 618 δὲ
476 569 704 634 στερητική
735 571 780 618 ἐν
807 572 939 652 μέρει,
972 569 1046 616 διὰ
1063 574 1147 617 τοῦ
1170 569 1398 618 ἀδυνάτου
1431 570 1549 653 ἔσται

101 637 131 702 ἡ
172 636 406 695 ἀπόδειξις.
438 636 670 698 ὑπαρχέτω
712 636 798 699 γάρ
829 635 881 683 τὸ
921 638 1000 697 μὲν
1023 641 1060 683 Β
1088 639 1216 684 παντὶ
1245 642 1306 685 τῶ
1343 641 1396 694 Γ,
1422 635 1474 684 τὸ
1501 638 1550 684 δὲ

99 709 138 752 Α
167 705 408 766 ἐνδεχέσθω
440 707 522 750 τινὶ
555 709 616 770 τῷ
646 707 692 750 Γ
712 703 777 768 μὴ
807 703 1043 766 ὑπάρχειν·
1080 703 1250 769 α’νάγκη
1269 686 1327 769 δή
1349 703 1401 751 τὸ
1423 708 1461 750 Α
1480 704 1549 752 ἐν-

99 773 312 834 δέχεσθαι·
333 773 416 820 τινὶ
443 776 504 818 τῶ
535 775 572 818 Β
605 770 666 836 μὴ
700 771 926 833 ὑπάρχειν.
994 773 1032 819 εἰ
1061 770 1144 834 γὰρ
1178 774 1305 818 παντὶ
1338 777 1400 838 τῷ
1426 776 1465 818 Β
1498 770 1601 820 vass

99 844 137 887 A
163 839 353 900 ὑπάρχει
384 838 430 896 ἐξ
457 841 665 902 ανάγκης,
695 838 748 886 τὸ
780 841 826 887 ὸε
849 843 886 886 Β
918 840 1044 886 παντὶ
1075 843 1138 886 τῶ
1163 843 1209 885 Γ
1233 845 1369 886 κεῖται
1399 837 1549 923 ὑπάρ-

98 926 210 969 χειν,
252 905 305 953 τὸ
335 912 372 954 Α
403 908 532 954 παντὶ
564 911 629 972 τῷ
660 910 706 953 Γ
727 905 772 963 ἐξ
812 906 1005 990 ἀνάγκης
1042 887 1267 966 ὑπάρξει·
1293 911 1428 954 τοῦτο
1465 905 1551 990 γάρ

99 975 312 1023 δέδεικται
365 974 593 1037 πρότερον.
669 972 765 1020 ἀλλ’
818 972 1023 1022 ὑπέκειτο
1063 976 1148 1021 τινὶ
1191 975 1447 1036 ἐνδέχεσθαι
1489 972 1550 1038 μὴ

98 1040 326 1103 ὑπάρχειν.

221 1106 360 1155 ’Ὀταν
392 1106 432 1154 6’
465 1106 714 1167 αδιόριστοι
748 1126 778 1170 η
757 1104 846 1154 ”gv
872 1107 991 1168 μέρει
1013 1111 1255 1170 ληφθῶσιν
1287 1106 1545 1168 ἀμφότεραι,
1564 1130 1598 1162 p.
1613 1117 1658 1151 40

99 1173 189 1223 οὐκ
218 1176 335 1222 εσται
365 1173 677 1262 συλλογισμός.
725 1173 949 1232 ἀπόδειξις
969 1173 1009 1221 6'
1027 1173 1057 1238 ἡ
1082 1173 1197 1238 αὐτὴ
1218 1172 1247 1238 ἣ
1276 1177 1351 1221 καὶ
1384 1175 1430 1221 ἐν
1453 1180 1546 1232 τοῖς

97 1242 320 1300 καθόλου,
341 1244 412 1289 και
437 1241 511 1289 διὰ
533 1246 624 1288 τῶν
644 1239 798 1288 αὐτῶν
819 1239 946 1301 ὅρων.

234 1314 276 1356 F
280 1311 296 1357 ἰ
322 1308 361 1357 δ’
393 1310 509 1357 ἐστὶν
540 1308 570 1373 ἡ
599 1328 678 1370 μεν
705 1308 921 1370 άναγκαία
947 1311 1038 1355 τοῖν
1067 1306 1322 1367 προτάσεων
1347 1306 1377 1370 ἡ
1411 1306 1451 1354 δ’
1479 1308 1550 1354 ἐν-
1570 1308 1634 1351 22

99 1378 325 1440 δεχομένη,
349 1395 655 1440 κατηγορικων
685 1395 764 1437 μεν
785 1375 926 1423 ὄντων
943 1379 1030 1422 τῶν
1052 1372 1168 1436 ὅρων
1191 1373 1257 1421 άεὶ
1275 1380 1359 1422 τοῦ
1381 1375 1585 1436 ἐνδέχε-5

100 1449 213 1490 σθαι
241 1446 357 1491 εσται
385 1443 696 1526 συλλογισμός,
731 1442 838 1491 ὅταν
867 1442 906 1491 6'
942 1436 973 1504 ᾖ
1001 1440 1053 1489 τὸ
1073 1461 1152 1503 μεν
1182 1440 1478 1506 κατηγορικὸν
1497 1440 1550 1490 τὸ

102 1512 150 1558 δε
171 1511 437 1575 στερητικόν,
459 1510 535 1558 ἐὰν
553 1530 631 1572 μεν
654 1503 684 1573 ᾗ
702 1509 753 1557 τὸ
770 1508 1074 1572 καταφατικὸν
1096 1508 1351 1572 ἀναγκαῖον,
1372 1514 1457 1557 τοῦ
1478 1511 1550 1557 ἐν-

101 1578 307 1640 δέχεσθαι
333 1598 395 1642 μη
427 1577 653 1641 ὑπάρχειν,
685 1577 762 1626 ἐὰν
790 1580 837 1626 δε
865 1577 916 1626 τὸ
938 1576 1208 1641 στερητικόν,
1229 1579 1301 1624 καὶ
1323 1582 1407 1626 τοῦ
1430 1578 1552 1625 ἐνδέ-

100 1651 259 1707 χεσθαι
286 1644 348 1710 μὴ
375 1645 589 1708 ὑπάρχειν
617 1647 693 1692 καὶ
722 1651 808 1693 τοῦ
829 1645 889 1710 μὴ
911 1644 1144 1706 ὑπάρχειν
1179 1650 1266 1692 τοῦ
1287 1644 1326 1692 δ’
1346 1644 1442 1702 ἑξ’
1413 1644 1553 1707 ανάγ-

99 1717 185 1776 κῆς
206 1712 268 1778 μὴ
283 1713 498 1775 ὑπάρχειν
521 1713 610 1761 οὐκ
629 1715 748 1760 ἔσται
769 1713 1080 1775 συλλογισμός,
1103 1710 1252 1773 ὥσπερ
1275 1711 1376 1760 οὐδ’
1397 1714 1444 1760 ἐν
1460 1718 1553 1771 τοῖς
1568 1727 1604 1754 10

102 1779 266 1840 ἑτέροις
300 1781 531 1865 σχημασιν.
574 1782 768 1828 εστωσαν
795 1779 852 1843 δὴ
872 1782 1159 1864 κατηγορικοὶ
1178 1784 1354 1839 πρῶτον
1375 1782 1419 1827 οἱ
1438 1778 1552 1840 ὅροι,

102 1849 178 1894 καὶ
217 1847 269 1895 τὸ
309 1867 388 1909 μεν
430 1853 468 1895 Α
501 1849 629 1895 παντὶ
648 1852 719 1930 τῷ
751 1852 796 1894 Γ
823 1846 1064 1908 ὑπαρχέτω
1093 1846 1139 1903 ἐξ
1169 1846 1386 1911 ανάγκης,
1420 1845 1474 1894 τὸ
1504 1848 1553 1894 δὲ

101 1918 140 1961 Β
171 1917 299 1962 παντὶ
343 1917 586 1977 ἐνδεχέσθω
628 1896 852 1978 ὑπάρχειν.
913 1916 1003 1962 ἐπεὶ
1033 1916 1118 1961 οὐν
1158 1913 1212 1961 τὸ
1245 1933 1324 1975 μεν
1360 1920 1398 1961 Α
1423 1916 1554 1961 παντὶ

99 1986 165 2047 τοῖ
201 1987 247 2030 Γ
271 1981 465 2046 ἀνάγκη,
503 1981 556 2029 τὸ
590 1984 637 2029 δε
678 1987 725 2029 Γ
744 1985 827 2029 τινὶ
863 1987 928 2047 τῷ
960 1986 998 2028 Β
1037 1959 1276 2066 ἐνδέχεται,
1321 1984 1395 2028 καὶ
1425 1980 1478 2028 τὸ
1514 1986 1553 2028 Α

100 2050 184 2096 τινὶ
224 2054 289 2116 τῷ
319 2054 357 2097 Β
386 2050 670 2111 ἐνδεχόμενον
701 2051 820 2097 εσται
847 2051 922 2096 καὶ
941 2068 1026 2110 ουχ
1056 2047 1286 2110 ὑπάρχον·
1318 2047 1438 2096 οὕτω
1468 2068 1552 2111 γαρ
1569 2064 1603 2093 15

101 2118 363 2165 συνέπιπτεν
383 2118 452 2165 ἐπὶ
473 2122 559 2164 τοῦ
578 2116 763 2176 πρώτου
788 2117 1026 2181 σχήματος.
1063 2115 1228 2177 ὁμοίως
1249 2119 1296 2164 δε
1317 2116 1552 2180 δειχθήσε-

101 2203 172 2231 ται
213 2187 288 2231 καὶ
329 2187 367 2232 εἰ
405 2183 457 2231 τὸ
501 2203 579 2245 μεν
612 2188 697 2231 ΒΓ
727 2187 876 2248 τεθείη
909 2183 1162 2246 ἀναγκαῖον,
1202 2183 1253 2231 τὸ
1287 2185 1333 2231 δε
1367 2189 1454 2247 AI
1481 2185 1552 2231 έν-

103 2250 351 2312 δεχόμενσν.
375 2251 510 2298 πάλιν
522 2253 628 2298 ἔστω
648 2250 701 2298 τὸ
725 2254 804 2313 μὲν
823 2251 1119 2315 κατηγορικὸν
1138 2250 1190 2298 τὸ
1211 2253 1258 2298 δὲ
1280 2250 1552 2314 στερητικόν,

104 2317 345 2382 οἷναγκαῖον
369 2321 415 2366 δὲ
439 2317 491 2365 τὸ
515 2319 810 2382 κατηγορικὸν
825 2338 835 2347 ·
861 2322 945 2373 Δκαὶ
963 2317 1015 2365 τὸ
1048 2321 1126 2379 μὲν
1145 2323 1182 2364 Α
1200 2319 1443 2380 ἑνδεχέσθω
1466 2338 1553 2382 μη-

96 2388 194 2434 ·δενὶ
225 2391 316 2434 τοῖν
348 2390 395 2432 Γ
423 2384 659 2447 ὑπάρχειν,
697 2385 749 2433 τὸ
776 2388 823 2434 δὲ
857 2391 894 2433 Β
927 2388 1055 2433 παντὶ
1087 2385 1316 2447 ὑπαρχέτω
1351 2385 1398 2442 ἐξ
1416 2385 1550 2449 ἀνάγ·
1566 2403 1603 2431 20

103 2472 199 2517 κης.
253 2455 372 2501 ἕσται
404 2452 461 2517 δὴ
496 2455 629 2501 πάλιν
658 2451 710 2500 τὸ
743 2458 920 2515 πρῶτον
944 2458 1116 2517 σχῆμα·
1145 2452 1323 2515 καὶγὰρ
1347 2452 1372 2516 ἡ
1396 2466 1552 2518 στερη-

195 2615 237 2648 31
259 2611 279 2648 6
303 2626 358 2648 om
378 2615 451 2648 Ac.
464 2632 511 2641 ·—
535 2615 578 2648 33
596 2614 647 2660 τῷ
662 2626 729 2659 μεν
747 2626 788 2657 pr
803 2626 838 2648 π.
851 2632 896 2639 -
921 2614 965 2648 34
981 2612 1024 2648 τὸ
1043 2625 1068 2647 α
1089 2612 1163 2647 τινὶ
1178 2612 1229 2659 τῷ
1247 2613 1271 2658 β
1286 2611 1553 2657 hainnoum.

106 2677 151 2683 —
166 2660 210 2693 36
226 2658 304 2694 ὑπά
331 2672 389 2715 χοι
406 2673 439 2695 n.
466 2680 507 2685 —
537 2663 657 2694 κεῖται
676 2672 768 2703 marg
783 2660 828 2694 d,-

195 2703 280 2739 4⁰12!
302 2707 470 2752 αόριστοι
484 2708 528 2750 Α,
554 2719 595 2749 pr
614 2718 648 2739 u.
675 2725 718 2731 -
744 2706 765 2738 9
778 2703 829 2760 μὴ
844 2701 1027 2747 ὑπάρχειν
1043 2709 1124 2735 ante
1139 2702 1202 2737 καὶ
1222 2715 1278 2736 om
1294 2716 1329 2740 n.
1343 2722 1390 2730 -—-
1414 2706 1453 2739 ll
1470 2702 1553 2740 ἑτέ-

107 2760 187 2793 ροις
204 2762 285 2784 corr
306 2753 341 2786 d.
352 2772 399 2778 —
422 2752 488 2796 δὴ]
510 2750 580 2797 γὰρ
598 2764 633 2794 u,
656 2748 726 2796 γὰρ
746 2748 791 2794 δὴ
810 2750 844 2783 d.
856 2768 902 2774 —-
928 2751 969 2783 13
986 2748 1114 2805 παντὶ]
1133 2749 1185 2794 τῷ
1203 2762 1225 2793 γ
1240 2749 1353 2786 παντὶ
1370 2751 1416 2793 A,
1436 2749 1552 2786 παντι

107 2794 160 2840 τῷ
173 2807 195 2841 γ
213 2807 280 2831 um.
305 2817 349 2824 —
374 2798 420 2832 20
438 2799 492 2846 τῷ
508 2811 530 2843 γ
548 2799 643 2833 Cnm.
669 2817 714 2823 —
737 2794 852 2831 παντι
868 2795 919 2840 τῷ
937 2806 958 2839 γ
973 2792 1170 2841 ὑπαρχέτω
1188 2796 1227 2830 C.
