1734 3100
174 202 251 241 482
690 200 932 245 Annlyticu
967 200 1133 244 priora.

279 349 371 392 Lib.
401 350 460 390 Il.
503 349 600 401 Gap.
629 350 664 387 1.
735 347 882 387 Paucis
920 347 1206 400 complectitur
1242 360 1348 400 quae
1375 348 1420 387 in
1442 348 1576 399 priori
1601 349 1650 388 li-

179 414 249 454 bro
274 413 461 453 tradidit.
524 413 638 450 53a23
678 410 825 451 Omnes
850 411 1076 464 syllogismi
1101 416 1273 463 excepto
1309 411 1541 463 syllogismo
1575 424 1653 450 ne-

177 483 306 530 gante
328 474 583 529 particulari
615 487 694 526 per
721 476 1023 514 conversionem
1051 474 1318 513 conclusionis
1339 475 1464 526 plura
1493 474 1654 513 conclu-

178 540 295 579 dunt.
349 541 399 576 16
435 537 487 575 In
513 537 811 577 universalibus
837 538 1079 589 syllogismis
1117 537 1319 576 conclusio
1346 537 1456 575 valet
1484 549 1564 575 non
1591 548 1654 574 so-

179 604 263 642 lum
290 601 342 640 de
369 600 543 639 termino
570 600 740 648 minore,
778 600 854 639 sed
890 600 943 638 de
980 599 1161 638 omnibus
1189 612 1295 652 quae
1321 600 1496 638 termino
1522 598 1655 637 medio

181 670 221 704 et
248 665 405 703 minore
433 663 721 702 continentur.-
759 664 810 701 34
839 663 882 701 in
905 662 1231 714 particularibus
1258 662 1368 701 valet
1397 662 1448 700 de
1476 661 1656 700 omnibus

178 739 285 780 quae
309 726 484 765 termino
510 724 645 763 medio
673 727 946 772 continentur,
984 737 1228 777 quamquam
1257 738 1335 777 per
1372 724 1547 763 eundem
1573 724 1654 774 syl-

178 790 390 841 logismum
417 787 470 826 de
496 787 559 825 his
585 787 689 826 nihil
716 788 982 827 concluditur.

178 864 319 902 53a15
348 858 452 912 αὕτη
480 858 557 912 μὲν
583 854 665 900 οὖν
690 888 700 898 .
723 888 733 898 .
756 891 766 901 .
821 861 1094 899 Conclusionis
1123 860 1326 899 conversio
1357 873 1475 899 causa
1503 864 1577 908 est,
1606 859 1655 897 ob

229 938 345 976 quam
373 925 483 975 plura
511 924 811 970 concluduntur,
841 923 1020 962 omnibus
1049 922 1284 974 syllogismis
1314 923 1541 961 communis.

179 990 322 1027 532217
360 983 641 1037 συμπέρασμα
679 998 755 1024 non
784 986 976 1036 significat
1002 985 1306 1030 conclusionem,
1343 986 1415 1024 sed
1449 984 1656 1023 terminum

231 1050 281 1088 ad
321 1062 436 1099 quem
476 1049 603 1086 tendit
640 1048 851 1098 conclusio,
892 1044 1000 1099 πρὸς
1027 1044 1051 1087 ὃ
1079 1046 1415 1098 συμπεραίνεται.
1445 1069 1494 1076 -—
1549 1047 1655 1085 ldem

186 1115 190 1117 “
230 1111 498 1163 syllogismus,
537 1110 602 1159 ait,
643 1112 812 1161 pertinet
849 1113 898 1150 ad
925 1113 1055 1151 omnia
1082 1124 1182 1162 quae
1209 1111 1290 1150 sive
1317 1111 1448 1150 medio
1475 1111 1556 1149 sive
1583 1109 1656 1148 mi-

232 1175 319 1213 nori
345 1174 513 1213 termino
541 1174 715 1212 subiecta
742 1178 845 1214 sunt.

182 1238 326 1276 531124
354 1234 510 1287 ὁμοίως
537 1233 582 1276 δὲ
609 1233 679 1276 καὶ
706 1264 715 1274 .
739 1264 748 1274 .
767 1265 776 1274 .
843 1235 1021 1287 Namque
1048 1236 1295 1276 concluditur
1320 1237 1361 1274 A
1395 1249 1472 1275 non
1499 1234 1656 1287 praedi-

234 1301 316 1339 cari
343 1300 394 1339 de
418 1301 466 1338 iis
495 1313 595 1350 quae
620 1299 811 1338 terminus
829 1299 864 1337 B
893 1303 933 1337 et
959 1311 1061 1349 quae
1087 1300 1278 1338 terminus
1297 1300 1339 1339 Γ
1360 1298 1657 1349 complectatur.

182 1365 328 1402 531129
363 1362 417 1402 οὐ
444 1361 576 1416 δῆλον
603 1360 673 1402 διὰ
699 1363 777 1401 τοῦ
806 1390 817 1400 .
842 1392 852 1401 .
871 1391 881 1401 .
944 1361 986 1400 Si
1013 1362 1055 1400 E
1089 1362 1190 1400 inest
1225 1362 1264 1401 in
1292 1363 1459 1401 termino
1488 1361 1541 1408 A,
1579 1359 1658 1410 syl-

231 1426 418 1476 logismus
454 1427 613 1477 quidem
653 1438 771 1476 quem
811 1425 976 1464 fecimus
1013 1438 1069 1463 vs.
1092 1426 1143 1463 2⁷
1179 1438 1255 1464 non
1292 1425 1482 1476 patefacit
1509 1423 1546 1462 B
1581 1434 1658 1461 non

231 1489 453 1539 praedicari
480 1490 531 1528 de
558 1490 611 1538 E,
649 1489 720 1527 sed
756 1489 834 1527 hoc
860 1488 915 1526 ita
942 1501 1032 1527 esse
1067 1499 1254 1526 conversa
1281 1487 1548 1539 propositione
1574 1497 1657 1523 ma·-

230 1552 314 1589 iore
341 1556 516 1602 apparet.

181 1615 328 1652 53834
366 1614 424 1651 Ex
461 1612 747 1652 universalibus
786 1611 1024 1663 syllogismis
1060 1622 1136 1649 non
1174 1610 1491 1649 commemoravit
1518 1622 1657 1649 secun-

232 1676 325 1714 dnm
353 1675 503 1727 figurae
530 1675 741 1723 secundae,
780 1675 890 1714 cuius
919 1674 1054 1712 eadem
1083 1674 1182 1711 ratio
1211 1677 1284 1718 est,
1322 1673 1397 1710 nisi
1433 1673 1538 1723 quod
1565 1672 1659 1711 nihil

232 1738 272 1777 in
311 1750 359 1776 eo
397 1738 644 1776 concluditur
679 1738 730 1776 de
765 1737 814 1775 iis
852 1749 952 1787 quae
991 1736 1122 1773 medio
1156 1736 1323 1774 termino
1352 1734 1529 1773 subiecta
1556 1738 1657 1774 sunt.

234 1801 362 1839 causa
389 1801 428 1838 in
456 1803 614 1851 promtu
643 1805 718 1838 est.
774 1799 1000 1849 Syllogismi
1024 1798 1277 1849 particulares
1304 1804 1434 1835 autem
1454 1797 1550 1835 nihil
1567 1809 1659 1836 con-

234 1863 398 1902 cludunt
434 1864 486 1901 de
521 1863 570 1900 iis
606 1875 705 1912 quae
744 1862 908 1900 termino
943 1861 1093 1898 minore
1134 1861 1396 1904 continentur,
1435 1860 1485 1897 de
1519 1860 1659 1909 quibus

233 1924 423 1964 universis
458 1930 501 1962 ut
537 1924 654 1962 fieret
691 1923 953 1974 syllogismus,
994 1922 1183 1961 terminus
1222 1922 1343 1959 maior
1381 1922 1431 1959 de
1468 1923 1658 1961 universis

236 1986 454 2038 praedicuri
489 1987 674 2024 deberet:
717 1999 803 2024 nam
851 1986 885 2022 si
932 1984 1149 2035 propositio
1184 1984 1322 2030 maior,
1375 1983 1483 2022 cuius
1527 1984 1657 2022 locum

235 2062 430 2101 occupare
457 2049 621 2087 deberet
648 2048 859 2095 conclusio,
897 2052 940 2085 ut
978 2046 1231 2097 colligeretur
1267 2047 1318 2084 de
1357 2046 1405 2084 iis
1440 2059 1540 2095 quae
1577 2051 1659 2085 ter-

236 2113 340 2151 mino
377 2112 526 2150 minore
565 2111 832 2158 continentur,
887 2114 950 2147 est
986 2108 1253 2159 particularis,
1296 2120 1373 2146 non
1417 2109 1462 2146 fit
1500 2109 1659 2160 syllogi-

236 2187 343 2214 smus
378 2176 417 2213 in
452 2175 578 2225 prima
613 2174 737 2225 figura
776 2177 852 2218 (vs,
872 2174 923 2210 36
951 2169 1056 2222 αὕτη
1097 2175 1159 2209 est
1197 2171 1395 2210 conclusio
1434 2184 1533 2222 quae
1568 2184 1662 2222 pro—

237 2237 443 2288 positionis
485 2235 642 2276 maioris
688 2236 774 2275 loco
821 2236 1028 2280 sumum-J:
1087 2234 1345 2284 quodcunque
1390 2246 1483 2272 vero
1530 2233 1661 2272 medio

238 2299 406 2338 termino
441 2300 665 2338 subiectum
700 2302 776 2346 est,
814 2298 863 2336 de
892 2310 940 2336 eo
979 2297 1081 2335 valet
1108 2297 1244 2334 eadem
1273 2295 1486 2345 conclusio,
1524 2308 1658 2346 quam-

238 2375 353 2412 quam
401 2376 476 2402 non
523 2375 597 2413 per
647 2361 815 2400 eundem
861 2361 1148 2411 syllogismum3
1199 2359 1353 2409 excepti
1394 2363 1485 2397 sunt
1537 2358 1659 2408 (quod

240 2425 476 2464 Aristoteles
513 2424 799 2475 praetermisit)
838 2423 1055 2474 syllogismi
1083 2422 1115 2460 ΙΙ
1138 2415 1186 2469 δ’,
1217 2414 1319 2472 ΙΙΙγ’
1346 2425 1385 2460 et
1412 2415 1462 2459 ἐς
1501 2433 1589 2459 nam
1618 2425 1661 2459 ut

240 2488 494 2538 colligeretur
529 2488 570 2525 in
606 2486 832 2537 syllogismo
861 2485 891 2523 ll
913 2480 949 2524 6'
985 2484 1273 2524 conclusionem
1311 2483 1438 2522 valere
1467 2483 1583 2521 etiam
1611 2484 1662 2521 de

241 2553 286 2590 iis
315 2564 413 2602 quae
441 2550 609 2588 termino
636 2549 765 2588 medio
794 2548 970 2588 subiecta
997 2553 1142 2594 essent,
1181 2547 1393 2598 propositio
1421 2547 1542 2584 maior
1568 2558 1661 2584 con-

240 2614 347 2664 iungi
384 2612 550 2651 deberet
587 2625 675 2651 cum
714 2625 773 2660 ea,
811 2624 910 2661 quse
945 2610 1116 2649 medium
1151 2610 1356 2648 terminum
1398 2608 1448 2646 de
1483 2609 1662 2647 omnibus

242 2689 342 2726 quae
375 2676 413 2714 ei
450 2675 630 2714 subiecta
664 2679 796 2714 essent
830 2674 1046 2726 praedicari
1078 2672 1249 2710 diceret:
1284 2671 1518 2710 haberemus
1543 2671 1663 2722 igitur

241 2742 448 2788 utramque
484 2737 796 2789 propositionem
833 2736 1094 2775 affirmantem
1131 2733 1386 2773 universalem
1422 2733 1460 2772 in
1489 2733 1663 2772 secunde
