1794 3086
602 140 855 186 Analytica
883 141 1053 186 priora.
1527 142 1604 184 451

143 241 181 281 B
208 244 249 280 et
278 240 315 281 Z
341 243 539 292 ponantur
565 240 710 280 eadem
737 252 831 280 esse
865 239 931 280 vel
957 239 1004 280 Γ
1023 242 1066 281 et
1094 239 1133 280 Θ
1151 239 1223 289 :vel
1249 242 1294 280 A
1321 244 1364 280 et
1393 241 1444 282 Θ.
1513 242 1604 293 Quo

142 303 268 356 magis
295 303 564 357 perspiciatur
604 303 702 344 nihil
739 303 789 343 ab
817 303 1040 344 Aristotele
1075 306 1403 356 praetermissum
1444 318 1538 346 esse
1564 307 1607 347 in

141 368 220 408 hac
246 382 307 417 re,
346 372 474 409 totam
502 381 587 408 rem
613 368 752 420 paucis
780 361 1108 419 complectamur.
1177 367 1222 407 Si
1261 369 1410 421 aliquid
1440 371 1522 417 (A)
1552 371 1606 410 de

141 432 274 484 aliqua
300 422 457 480 ιε’(Ε)
489 431 807 472 concludendum
845 435 908 470 est
946 444 997 471 ex
1025 432 1366 483 propositionibus
1394 434 1604 473 universa-

141 495 260 546 libus,
297 497 415 538 binisv
440 494 783 548 propositionibus
819 507 923 547 opus
961 498 1025 534 est
1052 507 1154 546 quae
1182 510 1257 548 per
1284 497 1499 537 terminum
1529 497 1603 536 ali-

140 573 261 610 quem
287 561 465 599 medium
493 559 732 598 coniunctae
761 570 853 597 esse
881 558 1042 599 debent.
1106 559 1338 612 Propositio
1367 561 1601 601 universalis

139 628 276 664 autem
302 636 403 674 quae
429 621 644 662 terminum
673 621 716 660 A
742 622 867 662 habet
895 627 964 662 aut
997 624 1052 663 ita
1080 629 1313 676 comparata
1350 629 1427 673 est,
1469 629 1515 664 ut
1551 625 1603 665 de

139 686 304 726 omuiA
329 686 586 738 praedicetur
612 685 714 724 alter
741 686 934 726 terminus
959 687 1097 736 (AB),
1124 692 1194 726 aut
1221 688 1291 737 ita,
1319 693 1366 728 ut
1394 690 1436 731 A
1464 689 1516 729 de
1543 688 1603 728 al-

140 754 226 795 tero
254 750 424 790 termino
462 750 718 801 praedicetur
755 750 945 790 universo
975 752 1117 799 (ΑΓ),
1158 755 1228 790 aut
1264 752 1368 792 alter
1404 753 1603 792 terminus

140 806 192 853 de
216 814 325 853 nullo
345 814 387 853 A
408 815 548 864 (ΛΔ),
578 817 648 853 aut
667 813 709 852 A
734 813 788 860 de
813 814 941 854 altero
968 816 1141 856 termino
1169 814 1358 854 universo
1386 829 1465 855 uon
1485 829 1603 868 prae-

139 877 300 917 dicetur
327 878 475 925 (AA):
503 891 593 917 nam
621 878 716 931 quia
740 879 964 930 propositio
991 878 1231 919 universalis
1259 891 1409 931 negans
1437 892 1605 919 conver·

141 942 269 991 titur,
319 943 543 994 propositio
580 942 667 981 ΛΔ
703 945 746 981 et
783 942 928 981 tertiae
967 947 1008 982 et
1045 946 1209 995 quartae
1247 943 1468 987 conditioni
1506 956 1606 995 quas

138 1007 425 1058 proposuimus
465 1006 680 1046 satisfacit.
745 1006 847 1045 Item
887 1019 1150 1058 quaecunque
1187 1006 1411 1058 propositio
1441 1007 1605 1046 univer-

138 1069 235 1112 salis
263 1069 386 1115 habet
413 1064 637 1110 terminum
663 1071 706 1110 Ε
732 1074 801 1110 aut
829 1070 907 1109 erit
924 1070 1005 1109 EZ
1036 1075 1105 1110 aut
1126 1070 1224 1110 EH
1247 1075 1316 1110 aut
1347 1071 1452 1114 EQ:
1482 1084 1606 1122 quare

91 1167 95 1168 ⁷
137 1145 277 1172 omnes
307 1135 448 1174 modos
476 1135 620 1186 quibus
649 1135 766 1174 binae
804 1135 1104 1184 propositiones
1143 1134 1389 1174 universales
1417 1135 1607 1187 coniungi

137 1201 319 1248 possunt,
348 1211 514 1250 quarum
545 1198 672 1238 altera
699 1198 823 1238 habet
848 1198 1067 1238 terminum
1083 1199 1138 1249 A,
1166 1199 1294 1238 altera
1321 1198 1537 1239 terminum
1547 1199 1604 1250 E,

135 1259 213 1300 hac
240 1261 372 1300 tabula
401 1262 615 1314 complecti
642 1262 804 1302 licebit:

245 1332 310 1365 ΕΖ
354 1349 401 1357 -
933 1331 992 1364 ΕΖ
1015 1331 1032 1364 1
1056 1328 1103 1365 α’.
1330 1326 1395 1367 ΕΖ
1410 1326 1489 1377 ιβ’,
1509 1328 1606 1366 na'.

137 1388 198 1420 AB
247 1388 321 1421 EH
335 1387 352 1420 1
366 1384 508 1432 u'(syll.
522 1386 748 1431 conversus).
828 1388 896 1422 ΑΓ
935 1389 1010 1422 ΕΗ
1021 1387 1076 1421 111
1096 1384 1144 1422 α’.
1225 1389 1289 1422 ΑΔ
1330 1389 1405 1421 ΕΗ
1422 1387 1479 1421 111
1491 1385 1539 1433 β’.

246 1443 313 1478 ΕΘ
336 1444 372 1477 11
396 1441 443 1489 β’.
933 1443 1001 1478 ΕΘ
1049 1462 1093 1468 -
1330 1444 1399 1477 ΕΘ
1445 1461 1492 1468 -

139 1507 448 1562 Coniugationes
476 1504 606 1561 neque
634 1510 770 1562 plures
799 1522 932 1560 neque
958 1509 1135 1550 minores
1164 1523 1257 1550 esse
1284 1523 1409 1563 posse
1431 1522 1498 1549 res
1521 1510 1609 1563 ipsa

138 1576 282 1615 docet:
309 1578 448 1630 nostro
477 1574 566 1613 loco
595 1578 729 1612 autem
759 1586 809 1612 ex
837 1574 965 1625 prima
994 1575 1275 1627 coniugatione
1304 1574 1427 1616 seriei
1454 1575 1610 1626 primae

141 1629 258 1689 (AB,
295 1639 393 1684 EZ)
431 1642 473 1677 et
500 1650 550 1676 ex
578 1637 731 1676 ultimis
759 1636 1002 1688 reliquarum
1034 1639 1148 1688 (AF,
1182 1638 1266 1678 ΕΘ
1293 1642 1336 1677 et
1363 1638 1464 1688 AA,
1504 1638 1606 1686 ΕΘ)

86 1724 93 1756 '.
138 1702 240 1742 nihil
268 1702 402 1753 colligi
432 1712 553 1752 posse
581 1701 841 1740 demonstrat.
897 1700 1220 1755 Elementorum,
1249 1701 1396 1752 quibus
1417 1702 1497 1741 hoc
1521 1715 1609 1753 cap.

139 1778 239 1805 usus
267 1768 331 1804 est
359 1764 612 1810 Aristoteles,
653 1764 733 1803 vim
769 1766 810 1802 et
839 1763 1035 1802 rationem
1071 1768 1185 1804 recte
1222 1769 1265 1804 et
1291 1764 1508 1817 perspicue
1536 1777 1608 1805 ex-

137 1829 291 1882 pressit
320 1828 440 1879 Biese
458 1827 488 1866 I.
510 1840 552 1878 p.
573 1828 652 1865 166
672 1829 754 1865 not.
776 1828 814 1864 1.

85 1894 238 1934 44b38
276 1892 439 1944 Optime
466 1891 568 1930 fecit
582 1890 695 1938 Bkk.,
725 1889 831 1941 quod
860 1885 926 1929 ὅτι
953 1890 992 1929 in
1020 1889 1227 1929 codicibus
1254 1890 1451 1930 omissum
1477 1892 1518 1930 in
1546 1891 1609 1931 lo-

139 1969 231 1996 cum
260 1968 377 1995 suum
404 1954 597 1994 restituit.
661 1952 911 2004 Philoponus
950 1966 1029 1992 non
1057 1954 1249 1993 habuisse
1275 1954 1437 1993 videtur
1464 1966 1607 1995 vocem

142 2018 221 2071 ὅτι,
249 2032 367 2071 quam
397 2024 438 2057 et
465 2028 607 2055 sensus
635 2015 794 2069 flagitat
821 2018 933 2064 (nam
961 2016 1067 2068 quod
1084 2017 1181 2056 dicit
1200 2022 1264 2056 est
1283 2017 1381 2057 hoc:
1408 2017 1543 2072 δῆλον
1564 2016 1612 2059 δὲ

138 2081 214 2126 καὶ
251 2081 316 2123 ὅτι
352 2078 537 2132 ληπτέον
574 2078 706 2120 ὁποῖοι
741 2078 876 2120 ταύτά
914 2073 1049 2128 ἐστιν)
1090 2085 1130 2119 et
1157 2082 1385 2120 Alexander
1422 2083 1605 2123 inlibris

141 2148 226 2188 suis
261 2145 417 2194 habuit,
454 2158 691 2196 quamquam
727 2157 806 2183 non
844 2144 894 2183 ab
932 2144 1041 2183 omni
1079 2148 1195 2196 parte
1232 2157 1370 2192 verum
1410 2150 1475 2186 est
1502 2147 1611 2198 quod

96 2241 106 2250 .
140 2210 388 2263 Philoponus
408 2209 554 2254 (schol.
578 2208 776 2254 lwbao)
805 2208 857 2248 de
883 2208 1070 2248 lectionis
1099 2209 1296 2247 varietate
1317 2221 1368 2247 ex
1381 2209 1609 2250 Alexandro

142 2274 340 2315 enotavit:
379 2285 472 2311 nam
499 2271 717 2312 Alexandri
745 2273 868 2312 verba
897 2277 989 2312 sunt
1016 2272 1140 2311 haec:
1177 2269 1206 2324 ἦ
1234 2269 1281 2311 δὲ
1316 2269 1425 2322 λέξις
1453 2271 1611 2323 ἐνδεῶς

141 2337 235 2391 ἔχει.
288 2335 447 2377 λείπειν
473 2334 556 2388 γὰρ
587 2334 708 2376 δοκεῖ
730 2338 790 2388 τῷ
826 2333 927 2387 »καὶ
964 2334 1095 2376 ὁποῖα
1123 2333 1246 2388 ἕτερα
1272 2333 1300 2388 ἢ
1330 2333 1532 2379 ἐναντία”
1561 2337 1611 2379 τὸ

140 2401 199 2456 μὴ
228 2395 340 2443 εἶναι
364 2399 512 2453 μέντοι
537 2398 618 2454 τὴν
644 2399 811 2442 τούτων
836 2397 1018 2454 ἐκλογὴν
1039 2399 1249 2454 χρήσιμον
1267 2399 1612 2455 προηγουμένως

139 2466 247 2519 πρὸς
274 2465 355 2519 τὴν
381 2463 549 2517 εὕρεσιν
575 2465 664 2507 τῶν
689 2464 952 2518 προτάσεων.
1008 2465 1180 2505 Coniicit
1203 2465 1435 2506 Alexander
1462 2467 1611 2523 adden-

142 2532 236 2572 dum
267 2544 358 2571 esse
387 2529 466 2582 οὐχ
501 2535 598 2570 ante
633 2528 763 2576 ὁποῖα
789 2545 848 2581 vs.
866 2534 942 2577 39,
981 2542 1113 2580 neque
1151 2534 1284 2569 tamen
1321 2531 1399 2572 hoc
1427 2532 1469 2571 in
1497 2531 1610 2571 libris

138 2596 227 2652 ‘suis
264 2595 414 2635 habuit.
482 2595 607 2635 Nobis
647 2595 807 2646 quidem
844 2595 967 2642 lectio
1005 2593 1106 2632 Bkki
1143 2598 1222 2632 tam
1260 2600 1371 2634 certa
1407 2595 1504 2635 -—visa
1537 2602 1614 2646 est,

142 2663 189 2698 ut
214 2655 473 2700 mutationem
501 2673 579 2699 non
607 2658 793 2699 admittat
812 2670 1102 2711 quamcunque.
1143 2657 1326 2712 Namque
1344 2659 1506 2711 exponit
1520 2660 1612 2700 Ari-

144 2723 326 2774 stoteles,
365 2729 438 2764 c'ur
473 2722 707 2775 investigari
744 2721 920 2763 debeant
957 2733 1060 2774 qnae
1097 2720 1239 2762 eadem
1247 2722 1369 2818 2giut,
1406 2736 1485 2765 non
1513 2736 1615 2776 quae

227 2783 230 2786 ’
1308 2785 1331 2808 >B
