1826 3112
287 168 366 207 186
798 172 1205 206 ΑΝΑΛΤΤΙΚΩΝ

285 264 384 329 τική
402 264 613 326 πρότασις
631 267 880 326 ἐνδέχεσθαι
892 268 1099 330 σημαίνει.
1113 266 1313 328 φανερὸν
1323 260 1409 316 οὖν
1429 266 1497 315 ὅτι
1514 267 1565 316 τὸ
1587 280 1702 331 συμ-

285 332 485 392 πέρασμα
511 334 627 379 ἔσται
655 331 954 392 ἐνδεχόμενον·
990 331 1061 380 ὅτε
1089 332 1171 395 γὰρ
1200 331 1339 392 οὕτως
1370 336 1503 395 ἔχοιεν
1530 336 1574 381 αἱ
1592 350 1702 417 προ-

285 398 427 455 τάσεις
465 400 511 445 ἐν
550 418 610 444 τω
656 399 814 481 πρωτῳ
855 398 1063 461 σχήματι,
1112 402 1185 445 καὶ
1218 398 1269 446 τὸ
1318 402 1606 461 συμπέρασμα
1645 395 1703 464 ἦν

236 479 270 507 25
286 464 573 525 ἐνδεχόμενον.
605 466 641 510 εἰ
671 464 710 510 6'
729 463 758 528 ἡ
778 464 1000 528 στερητική
1031 465 1242 524 πρότασις
1262 465 1483 528 ἀναγκαία,
1511 466 1563 513 τὸ
1587 480 1702 527 συμ-

284 531 483 590 πέρασμα
511 532 626 576 ἔσται
657 532 728 576 καὶ
760 529 828 577 ὅτι
858 532 1066 591 ἐνδέχεται
1098 534 1180 578 τινὶ
1201 531 1260 595 μὴ
1292 531 1505 593 υπάρχειν
1532 534 1605 579 καὶ
1635 530 1703 579 ὅτι

284 595 367 655 οὐχ
384 594 580 656 υπάρχει.
621 598 785 643 κείσθω
807 596 888 658 γὰρ
909 596 960 643 τὸ
983 603 1020 643 Α
1041 603 1104 644 τοῖ
1128 603 1173 644 Γ
1189 597 1248 661 μή
1273 597 1483 680 ὑπάρχειν
1503 598 1549 654 ἐξ
1567 598 1703 660 άνάγ-

282 680 376 724 κης,
389 660 441 708 τὸ
459 663 504 707 ote
529 667 566 708 Β
586 666 713 710 παντὶ
729 664 989 723 ἐνδέχεσθαι.
1039 665 1399 726 άντιστραφέντος
1418 657 1503 711 οὖν
1520 669 1602 711 τοῦ
1623 669 1709 710 ΒΓ

281 734 585 787 καταφατικοῦ
628 728 680 775 τὸ
722 734 892 790 πρῶτον
929 731 1044 776 ἔσται
1091 734 1257 792 σχῆμα,
1299 732 1372 776 καὶ
1417 730 1627 791 άναγκαία
1670 729 1701 794 ἡ

233 812 267 839 30
282 793 509 856 στερητική
538 794 760 854 πρότασις.
798 794 867 842 ὅτε
889 794 928 840 6'
946 794 1003 841 οἱ·
994 793 1087 851 ’τως
1106 797 1240 854 ἔχοιεν
1263 798 1307 841 αἱ
1325 797 1566 854 προτάσεις,
1589 810 1699 843 συν-

283 861 421 919 έβαινε
445 859 497 906 τὸ
520 866 557 906 Α
575 865 635 925 τῷ
656 865 701 907 Γ
712 863 783 906 καὶ
814 862 1065 919 ἐνδέχεσθαι
1096 862 1178 905 τιιὶ
1206 860 1266 923 μὴ
1295 859 1505 945 ὑπάρχειν
1531 863 1604 906 καὶ
1638 860 1698 924 μὴ

280 924 515 984 ὑπάρχειν,
550 908 659 972 ὥστε
688 928 760 971 καὶ
792 924 843 971 τὸ
875 931 911 971 Α
931 930 994 970 τῶ
1011 930 1047 971 Β
1079 924 1245 988 ἀνάγκη
1271 928 1353 972 τινὶ
1384 926 1443 989 μὴ
1474 925 1697 987 ὑπάρχειν.

282 988 388 1037 ὅταν
411 991 457 1035 ote
481 989 533 1036 τὸ
555 989 806 1053 στερητικὸν
824 995 935 1050 τεθῇ
954 971 1070 1050 πρὸς
1088 989 1138 1036 τὸ
1157 990 1380 1038 ε’λαττον”
1353 1011 1501 1052 ακρον,
1532 991 1607 1039 ἐὰν
1623 993 1701 1052 μὲν

281 1055 584 1116 ἐνδεχόμενον,
619 1058 734 1102 ἔσται
754 1054 1050 1117 συλλογισμὸς
1072 1059 1422 1120 μεταληφθείσης
1439 1063 1517 1121 τῆς
1535 1058 1698 1116 προτά-

230 1140 265 1167 85
280 1134 400 1178 σεως,
413 1121 610 1180 καθάπερ
633 1123 781 1178 ἐντοῖς
797 1122 1024 1182 πρότερον,
1043 1121 1118 1168 ἐὰν
1135 1122 1174 1168 6'
1192 1122 1436 1184 ἀναγκαῖον,
1457 1123 1541 1170 οὐκ
1560 1125 1696 1171 ἔσται·

279 1190 353 1234 καὶ
387 1186 470 1248 γάρ
502 1190 628 1233 παντὶ
658 1187 824 1250 ἀνάγκη
844 1190 917 1234 καὶ
938 1186 1087 1234 οὐδενὶ
1107 1189 1316 1249 ἐνδέχεται
1345 1189 1564 1250 ὑπάρχειν.
1597 1188 1698 1250 ὅροι

278 1258 365 1300 τοῦ
375 1255 501 1299 παντὶ
522 1252 730 1314 ὑπάρχειν
747 1252 916 1310 ὕπνος-
930 1256 1059 1310 ίὲῑπος
1074 1255 1337 1301 καθεύδων-
1350 1254 1596 1317 ἅνθρωπος,
1614 1260 1698 1302 τοῦ

279 1321 430 1383 μηδενὶ
450 1317 590 1376 ὕπνος
601 1348 622 1354 -
635 1323 764 1376 ἵππος
787 1320 1032 1382 ἐγρηγορώς
1041 1348 1063 1354 -
1075 1318 1323 1379 ἄνθρωπος.

410 1383 592 1445 Ὁμοίως
617 1384 656 1431 6'
681 1386 760 1441 ἕξει
788 1388 860 1431 καὶ
889 1387 926 1431 εἰ
950 1384 975 1431 ὁ
1007 1387 1084 1445 μὲν
1110 1386 1318 1434 καθόλου
1345 1389 1434 1432 τοῖν
1462 1383 1576 1445 ὅρων
1603 1383 1629 1432 6
1659 1384 1699 1432 6'

230 1470 265 1497 ιο
281 1451 326 1497 ἐν
353 1452 469 1511 μέρει
497 1450 614 1510 πρὸς
637 1450 688 1497 τὸ
722 1453 873 1511 μέσον·
899 1457 1195 1513 κατηγορικῶν
1226 1454 1302 1512 μὲν
1333 1450 1417 1514 γάρ
1447 1450 1586 1498 ὄντων
1614 1450 1696 1511 άμ-

220 1528 243 1559 b
280 1519 479 1578 φοτέρων
492 1522 574 1564 τοῦ
594 1518 840 1577 ἐνδέχεσθαι
861 1519 932 1562 καὶ
953 1517 1012 1563 οὔ
1031 1522 1114 1564 τοῦ
1130 1516 1338 1578 ὑπάρχειν
1358 1519 1470 1564 ἔσται
1492 1521 1697 1579 συλλογι-

279 1584 406 1643 σμός,
446 1585 520 1629 καὶ
557 1581 662 1629 ὅταν
689 1583 740 1629 τὸ
769 1586 847 1643 μὲν
878 1582 1130 1645 στερητικὸν
1148 1589 1306 1646 ληᾳθῇ
1334 1582 1383 1631 τὸ
1416 1585 1462 1629 δὲ
1497 1602 1696 1644 καταφα-

278 1649 416 1705 τικόν,
445 1648 678 1710 ἀναγκαῖον
706 1651 752 1695 δὲ
780 1649 830 1695 τὸ
848 1648 1153 1709 καταφατικὸν.
1176 1649 1281 1696 ὅταν
1305 1652 1351 1696 δὲ
1371 1648 1420 1695 τὸ
1446 1647 1698 1712 στερητικὸν

280 1714 528 1776 ἀναγκαῖον,
549 1718 618 1760 καὶ
645 1714 695 1760 τὸ
717 1716 1007 1774 συμπέρασμα
1026 1716 1141 1761 ἔσται
1158 1720 1241 1762 τοῦ
1251 1715 1310 1778 μὴ
1325 1715 1535 1775 ὑπάρχειν
1547 1733 1556 1743 ·
1575 1714 1600 1761 ὁ
1612 1713 1695 1775 γὰρ

247 1796 265 1823 5
282 1780 416 1838 αὐτὸς
433 1781 594 1840 τρόπος
606 1782 721 1827 ἕσται
737 1786 817 1843 τῆς
840 1780 1009 1837 δείξεως
1019 1783 1091 1827 καὶ
1104 1781 1305 1828 καθόλου
1324 1783 1397 1827 καὶ
1414 1780 1474 1843 μὴ
1495 1781 1697 1827 καθόλου

279 1851 368 1894 τῶν
389 1846 506 1907 ὅρων
528 1846 674 1893 ὄντων.
712 1846 880 1909 ἀνάγκη
900 1846 982 1908 γὰρ
1001 1845 1073 1909 διὰ
1094 1852 1176 1894 τοῦ
1193 1848 1369 1906 πρώτου
1391 1847 1611 1909 σχήματος
1628 1865 1695 1893 τε-

278 1917 506 1959 λειοῦσθαι
527 1913 632 1970 τοὺς
645 1913 982 1973 συλλογισμούς,
996 1911 1104 1959 ὥστε
1124 1914 1323 1972 καθάπερ
1346 1914 1391 1959 ἐν
1410 1914 1602 1969 ἐκείνοις,
1622 1913 1696 1957 καὶ

279 1979 345 2026 ἐπὶ
372 1978 538 2025 τούτων
565 1978 800 2039 ἀναγκαῖον
833 1980 1101 2036 συμπίπτειν.
1149 1977 1252 2026 ὅταν
1281 1981 1327 2025 δὲ
1356 1977 1406 2025 τὸ
1445 1976 1696 2040 στερητικὸν

278 2044 480 2091 καθόλου
509 2046 683 2106 ληφθὲν
709 2049 818 2103 τεθῇ
847 2043 958 2102 πρὸς
988 2043 1038 2090 τὸ
1070 2046 1241 2091 ἔλαττον
1256 2044 1405 2104 ἄκρον,
1430 2043 1504 2090 ἐὰν
1526 2046 1602 2104 μὲν
1627 2044 1694 2090 ἐν-

230 2126 264 2154 10
279 2110 523 2171 δεχόμενον,
553 2113 666 2157 ἔσται
696 2108 992 2169 συλλογισμὸς
1020 2109 1092 2155 διὰ
1123 2116 1199 2172 τῆς
1229 2109 1534 2172 α’ντιστροφῆς,
1563 2108 1638 2156 ἐάν
1657 2109 1696 2156 6'

280 2176 528 2238 ἀναγκαῖον,
559 2175 644 2223 οὐκ
672 2178 799 2222 ἔσται.
833 2176 1105 2238 δειχθήσεται
1133 2180 1178 2223 δὲ
1199 2176 1275 2223 τὸν
1295 2176 1430 2223 αὐτὸν
1452 2175 1616 2236 τρόπον
1641 2173 1695 2222 ὃν

278 2245 351 2289 καὶ
387 2244 431 2290 ἐν
460 2249 550 2300 τοῖς
575 2243 798 2297 καθόλου,
828 2245 900 2287 καὶ
932 2241 1003 2288 διὰ
1036 2247 1121 2288 τῶν
1154 2242 1302 2290 αὐτῶν
1333 2241 1457 2302 ὅρων.
1503 2239 1695 2303 φανερὸν

279 2303 364 2356 οὖν
391 2311 463 2356 καὶ
494 2311 538 2356 ἐν
567 2309 707 2374 τούτῳ
739 2314 798 2374 τῷ
836 2308 1019 2371 σχήματι
1050 2308 1152 2355 πότε
1184 2311 1368 2366 καὶπῶς
1394 2309 1510 2354 ἕσται
1531 2312 1694 2354 ‹ivno-

368 2446 411 2478 95
428 2442 485 2484 τὸ]
504 2444 563 2478 καὶ
580 2442 620 2477 τὸ
639 2444 675 2476 C.
690 2463 729 2468 —
747 2443 791 2475 28
801 2443 911 2477 παντὶ
929 2444 978 2489 τῷ
993 2456 1014 2485 γ
1031 2441 1242 2497 ἐνδέχεσθαι
1253 2443 1289 2475 C.
1300 2443 1397 2475 —29
1409 2442 1485 2486 καὶ]
1499 2442 1639 2488 καὶγὰρ
1654 2443 1691 2475 C.

279 2490 323 2522 30
343 2487 439 2531 εἶχον
455 2491 539 2531 nsm.
563 2508 607 2514 —
633 2489 821 2533 συμβαινει
839 2489 871 2520 d.
898 2507 936 2513 -—
963 2491 1000 2522 31
1022 2489 1083 2522 καὶ
1099 2486 1148 2531 μὴ
1165 2485 1340 2546 ὑπάρχειν
1358 2499 1411 2519 om
1433 2491 1470 2520 A.
1495 2506 1541 2511 -
1571 2489 1614 2521 32
1631 2486 1693 2521 καὶ

281 2545 335 2565 om
364 2535 400 2566 G.
434 2552 475 2558 —-
510 2533 592 2566 37⁹
573 2546 713 2572 umos·
728 2531 924 2566 καθεύδων
955 2529 1066 2579 ἄνθρ.
1101 2541 1137 2566 et
1160 2533 1203 2567 38
1229 2529 1308 2566 mn.
1322 2530 1552 2577 -ἐγρηγορώς
1582 2530 1692 2577 &²³³9-

279 2579 431 2611 ABCdu
455 2598 494 2602 -
522 2579 563 2610 37
582 2578 647 2611 τοῦ
667 2576 705 2611 δε
725 2578 854 2631 μηδενι
878 2579 911 2610 C

368 2620 485 2656 4⁰b5’
475 2621 573 2656 ε’σται
591 2635 643 2655 om
656 2625 688 2665 s.
712 2641 758 2649 --
782 2620 1002 2665 ἀποδείξεως
1017 2634 1061 2656 m.
1085 2640 1132 2647 -—-
1162 2619 1224 2654 καὶ
1239 2618 1404 2654 καθόλου
1423 2632 1461 2652 rc
1482 2632 1573 2662 marg
1591 2621 1625 2652 C.
1648 2638 1693 2646 -

278 2664 363 2700 και.
395 2668 475 2700 .καὶ
494 2665 561 2712 μὴ]
588 2679 708 2712 ωσπερ
727 2667 788 2702 καὶ
803 2680 837 2701 π.
869 2686 916 2694 -—
947 2667 1009 2703 καὶ
1031 2664 1081 2713 μὴ
1108 2664 1272 2703 καθόλου
1300 2676 1355 2699 om
1377 2666 1471 2708 Adsu
1488 2672 1521 2698 et
1535 2677 1575 2710 pr
1594 2665 1690 2708 BCd,

279 2717 360 2755 post
382 2709 441 2744 δ’
420 2724 537 2746 οντων
551 2713 651 2756 ponit
669 2724 714 2747 m·
