1748 3106
124 251 127 259 *
159 230 204 264 1²1
726 233 1072 269 PRAEFATIO.

161 332 340 375 stoteles
370 332 426 375 de
447 338 539 376 arte
567 334 718 392 logica
736 335 910 393 scripsit
932 336 988 379 de
1007 337 1181 394 integro
1210 336 1436 392 ediderim,
1472 353 1627 395 quam—

160 424 292 466 quam
323 410 549 465 quomodo
586 411 631 453 in
664 426 711 453 re
740 412 838 469 ipsa
863 419 1056 455 versatus
1085 414 1179 467 sim,
1227 414 1263 456 si
1291 428 1381 456 non
1416 430 1628 458 excusan-

161 486 282 538 dum,
317 493 437 529 certe
461 488 772 544 explicandum
794 494 870 531 est.

257 564 429 606 Nomen
461 564 639 620 quidem
664 563 832 623 Organi
852 566 904 608 iis
929 566 1048 608 libris
1073 581 1182 623 quos
1203 567 1417 610 edidimus
1445 569 1628 611 coniun—

161 640 240 682 ctis
281 655 369 682 non
409 640 463 682 ab
494 641 733 683 Aristotele
764 642 950 685 inditum
988 658 1083 685 esse
1126 650 1295 687 constat
1328 669 1392 675 —
1423 645 1630 687 docemur

161 717 276 759 enim
318 716 472 758 Schol.
513 716 716 759 Brandis.
758 734 803 776 p.
850 718 1052 764 140a48
1084 735 1177 777 sqq.
1224 721 1324 763 coll.
1363 722 1540 766 25b31
1586 727 1630 763 et

160 794 332 837 26a12
362 808 387 834 a
420 793 707 851 philosophis
739 796 979 839 Aristotele
1006 798 1319 840 recentioribus
1344 798 1432 840 hoc
1467 801 1628 841 nomen

159 870 409 928 profectum
447 884 561 920 esse3
597 870 662 912 10.
684 871 964 930 Philoponus
996 879 1142 916 autem
1177 872 1242 932 (v.
1267 875 1406 916 schol.
1426 871 1628 930 36a12)

157 948 302 1005 ipsam
332 946 751 990 demonstrationem
780 946 865 1006 (de
895 965 980 1006 qua
1011 950 1273 993 Aristoteles
1311 951 1356 993 in
1387 950 1629 1008 Analyticis

159 1023 273 1082 agit)
303 1018 489 1080 ὄργανον
515 1024 763 1081 appellavit
792 1049 859 1057 —
891 1026 969 1068 sed
1003 1031 1152 1069 tamen
1172 1027 1261 1070 hoc
1288 1028 1417 1070 titulo
1450 1042 1538 1070 non
1566 1026 1630 1068 uti

158 1101 392 1154 noluimus,
427 1115 481 1143 ne
505 1100 699 1159 singulas
721 1108 870 1160 partes
894 1103 938 1144 in
963 1103 1109 1146 fronte
1132 1104 1231 1146 libri
1249 1105 1385 1147 nostri
1404 1104 1630 1147 nominare

158 1191 428 1235 cogeremur.
496 1178 563 1219 Ne
587 1177 786 1220 ordinem
810 1178 987 1235 quidem
1010 1179 1252 1235 librorum„
1269 1196 1533 1238 quamquam
1557 1195 1629 1222 as—

159 1253 367 1297 sentimus
391 1254 443 1295 iis
471 1268 583 1310 quae
604 1254 660 1296 de
681 1255 987 1298 coniunctione
1009 1262 1054 1298 et
1075 1259 1352 1316 cognatione,
1387 1273 1499 1314 quae
1518 1257 1631 1299 inter

160 1344 235 1373 eos
257 1330 516 1385 intercedat,
549 1332 778 1389 praeclare
801 1332 1040 1389 disputavit
1059 1333 1328 1387 Brandisius,
1359 1339 1528 1377 mutare
1549 1346 1630 1372 vo-

159 1408 341 1461 luimus,
385 1421 519 1462 quum
556 1422 713 1464 parum
754 1408 894 1448 nobis·
918 1408 1139 1449 videretur
1168 1411 1378 1450 interesse
1410 1421 1497 1464 quo
1529 1407 1630 1448 loco

157 1484 358 1542 singulae
388 1489 540 1542 partes
571 1483 917 1537 collocarentur,
953 1483 1124 1541 quippe
1159 1498 1270 1540 quae
1299 1498 1387 1526 non
1418 1484 1480 1526 ita
1502 1497 1626 1526 com-

156 1567 340 1619 paratae
367 1561 465 1613 sint,
499 1565 548 1602 ut
569 1560 655 1602 alia
678 1560 770 1602 sine
791 1560 873 1602 alia
897 1560 1089 1618 intelligi
1115 1566 1315 1617 nequeat.
1383 1561 1434 1602 In
1458 1561 1510 1602 iis
1539 1560 1628 1617 igi-

155 1643 227 1680 tur
257 1652 371 1693 quae
401 1636 457 1679 ad
490 1643 715 1679 externam
746 1637 943 1695 speciem
972 1637 1195 1694 pertinent
1237 1644 1428 1680 veterem
1462 1651 1629 1679 morem

157 1729 256 1757 cum
276 1714 391 1757 Iulio
408 1714 544 1756 Pacio
565 1720 610 1756 et
630 1713 838 1756 Bekkero
859 1714 996 1755 secuti
1022 1728 1181 1755 sumus.

252 1791 306 1832 In
336 1791 566 1848 prooemio
600 1789 774 1833 codices
801 1790 1126 1846 descripsimus,
1162 1804 1269 1846 quos
1297 1789 1514 1847 inspicere
1546 1803 1628 1832 no-

156 1867 224 1910 bis
256 1868 390 1910 licuit.
458 1866 526 1909 Ac
559 1867 751 1925 primum
784 1865 963 1922 quidem
993 1880 1046 1908 ex
1076 1867 1221 1909 animo
1260 1867 1423 1925 gratias
1459 1867 1630 1925 agimus

157 1944 258 1987 viris
290 1944 615 1986 humanissimis
647 1943 1012 2000 doctissimisque,
1048 1943 1204 2000 quibus
1237 1949 1281 1985 et
1310 1943 1556 1986 faventibus
1587 1948 1632 1983 et

157 2021 461 2064 adiuvantibus
500 2020 867 2062 bibliothecarum
898 2020 1055 2076 quibus
1084 2023 1295 2077 praesunt
1329 2017 1531 2060 subsidiis
1574 2017 1633 2059 li-

157 2098 265 2141 bere
292 2097 446 2140 utendi
480 2097 612 2153 copia
643 2096 768 2137 nobis
801 2095 905 2136 data
934 2102 1012 2148 est,
1047 2096 1092 2136 in
1122 2094 1274 2152 primis
1298 2094 1502 2147 Hasio,
1536 2094 1630 2136 viro

159 2174 414 2227 clarissimo,
450 2173 568 2215 Bibl.
588 2173 704 2230 Reg.
723 2171 858 2214 Paris.
892 2171 1144 2224 Praefecto,
1181 2175 1224 2213 et
1253 2170 1474 2224 Bettio,
1508 2169 1630 2212 Bibl.

159 2251 215 2295 D.
246 2250 393 2293 Marci
426 2250 581 2303 Venet.
621 2247 828 2301 Custodi,
880 2262 1064 2304 quorum
1108 2247 1287 2305 quidem
1325 2247 1633 2290 liberalitatem

161 2328 358 2371 maximis
403 2327 605 2370 laudibus
650 2325 898 2382 adaequare
937 2339 1025 2367 non
1066 2339 1323 2382 possumus,
1374 2324 1631 2382 praesertim

162 2419 298 2462 quum
334 2419 483 2461 neque
501 2402 750 2446 Mediolani
792 2416 935 2457 neque
956 2402 1211 2444 Florentiae
1254 2400 1437 2444 eandem
1484 2414 1633 2442 eorum

164 2481 240 2538 qui
267 2479 810 2542 bibliothecisfpraepositi
838 2484 937 2520 sunt
956 2478 1273 2521 humanitatem
1297 2477 1467 2535 experti
1487 2478 1631 2520 simus.

165 2559 279 2600 Nam
308 2542 409 2600 C⁷²at
422 2573 520 2600 ena
553 2555 741 2614 (nomen
772 2555 952 2613 ingenio
983 2553 1239 2613 convenit),
1273 2554 1392 2596 Bibl.
1423 2554 1629 2596 Ambros.

163 2633 342 2686 Custos,
375 2635 436 2676 ita
460 2634 651 2677 custodit
674 2633 809 2676 libros
838 2647 954 2684 mss„
988 2636 1037 2674 ut
1065 2633 1225 2676 nullius
1247 2631 1342 2674 fere
1367 2630 1529 2673 codicis
1551 2643 1631 2672 co-

166 2712 288 2770 piam
327 2711 460 2754 faciat
491 2694 623 2768 quern
658 2710 796 2754 oculis
834 2708 1092 2752 subtrahere
1129 2709 1290 2768 possit,
1333 2707 1428 2750 del
1466 2706 1636 2749 Furia

167 2794 338 2842 autem,
372 2788 489 2831 Bibl.
522 2781 728 2832 Laurent.
762 2787 1039 2841 Praefectus,
1075 2787 1206 2830 ferias
1237 2786 1298 2828 ita
1328 2798 1457 2828 curae
1487 2782 1635 2826 cordi-
