1826 3112
220 165 224 167 ,
251 174 330 213 28)
854 177 1143 223 categoriae.
1181 173 1185 178 '

303 269 370 312 ὅτι
403 270 481 323 μὲν
518 267 598 314 οὖν
632 271 661 326 ἦ
688 272 927 326 ἐναντιότης
962 271 1047 315 ἐστὶ
1075 274 1263 327 διαφορὰ
1289 273 1461 327 τέλειος,
1497 275 1543 317 ἐκ
1568 277 1731 319 τούτων

303 333 447 388 δῆλον.
474 338 597 375 97211
618 336 761 389 πρώτη
781 335 827 377 δὲ
847 336 1036 390 διαφορά
1062 335 1146 379 ἐστι
1175 338 1299 391 ζῴου,
1326 339 1383 388 είς
1409 340 1464 393 ἢν
1491 338 1604 381 ἅπαν
1625 342 1731 393 ζῷον

302 395 502 451 ἐμπίπτει.
541 398 696 450 ὁμοίως
730 398 776 440 δὲ
813 399 883 441 καὶ
908 402 995 441 τῶν
1021 402 1159 442 ἄλλων
1185 400 1377 445 ἑκάστου.
1444 404 1578 443 Latius
1607 409 1730 455 patet,

301 462 368 502 ubi
387 462 492 500 idem
521 462 608 500 fere
626 467 688 501 est
707 467 822 514 atque
849 464 896 504 τὸ
924 460 1049 513 εἶδος,
1077 479 1244 516 quocum
1274 467 1530 517 coniungitur,
1558 468 1732 506 205b32

302 523 437 564 τόπου
474 523 520 564 δὲ
556 524 646 577 εἴδη
681 525 752 566 καὶ
786 526 990 580 διαφοραὶ
1015 530 1127 568 τᾶνω
1155 527 1225 568 καὶ
1251 528 1363 568 κάτω
1391 527 1495 569 καὶ.
1531 532 1668 569 100a
1681 531 1732 568 22

301 587 472 638 πρῶτον
492 582 573 627 οὖν
600 587 749 641 ῥητέον
773 590 813 630 τί
839 588 924 631 ἐστι
951 591 1228 650 συλλογισμὸς
1254 591 1324 632 καὶ
1350 591 1459 639 τίνες
1487 591 1622 632 αὐτοῦ
1643 591 1730 632 δια-

300 648 444 702 φοραί.
492 652 691 693 1284b41
720 653 786 694 δεῖ
809 652 854 695 δὲ
877 656 1046 706 πρῶτον
1073 654 1284 695 διελέσθαι
1310 655 1492 707 πότερον
1515 653 1563 695 ἓν
1588 654 1636 695 τὸ
1664 653 1731 706 γε’-

299 727 376 761 νος
409 710 522 753 ἐστιν
558 714 687 769 αὐτῆς
719 715 746 769 ἢ
782 717 953 766 πλείους
986 715 1065 771 ἔχει
1098 718 1322 770 διαφοράς.
1386 719 1464 758 lam
1495 731 1614 771 supra
1641 731 1730 758 cum

299 782 433 816 nostro
461 777 548 816 loco
576 781 809 820 contuiimus
838 795 937 833 quae
965 782 1062 821 dicit
1090 783 1198 820 144ῑ)
1211 785 1259 820 14
1286 795 1370 832 sqq.

247 838 370 877 lbls
399 833 495 879 οἷον
518 839 567 880 τό
594 853 636 880 τε
662 842 799 892 πεζόν.
852 845 1078 883 Adiecimus
1107 839 1201 884 οἷον
1228 858 1251 883 e
1279 845 1366 883 cod.
1393 843 1439 891 B,
1467 855 1583 894 quem
1613 855 1731 893 quum

298 901 337 940 in
359 902 407 941 iis
429 915 529 953 quae
554 905 733 955 proxime
759 910 976 956 sequuntur
1002 907 1098 946 Bkk.
1126 906 1375 957 probaverit,
1411 906 1577 944 eundem
1605 906 1643 943 in
1671 905 1732 943 his

300 964 488 1003 deserere
504 966 624 1013 nolui,
650 969 881 1019 praesertim
905 980 1025 1017 quum
1047 970 1176 1008 versio
1207 969 1417 1008 Boethiana
1445 980 1531 1006 cum
1560 980 1608 1006 eo
1637 979 1731 1006 con-

298 1027 441 1065 veniat.
476 1026 658 1071 Deietum
679 1030 834 1069 videtur
854 1024 948 1069 οἷον
975 1032 1023 1068 ab
1050 1032 1110 1078 iis,
1138 1033 1205 1081 qui
1232 1030 1587 1070 animadverterent
1613 1029 1731 1068 modo

300 1089 569 1142 praecessisse
589 1091 726 1130 eadem
742 1095 864 1131 -verba
884 1090 1088 1144 διαφοραὶ
1107 1087 1212 1133 οἷον.
1260 1093 1366 1132 Nihil
1384 1093 1557 1131 inusitati
1584 1093 1731 1130 habere

298 1163 436 1190 vocem
472 1145 567 1191 οἷον
602 1153 695 1192 inde
731 1159 866 1204 patet,
903 1157 1008 1206 quod
1035 1156 1267 1195 Aristoteles
1295 1168 1415 1206 saepe
1443 1168 1488 1193 ea
1516 1155 1569 1193 ita
1596 1155 1729 1204 utitur,

297 1216 341 1252 ut
359 1214 534 1291 explicet
554 1219 600 1263 („
602 1216 769 1264 scilicet,
787 1218 941 1268 nempe’
945 1218 991 1267 ’,J
1015 1231 1092 1258 non
1112 1224 1155 1258 ut
1173 1218 1354 1268 exempla
1375 1217 1538 1257 afferat:
1565 1219 1731 1255 326327

298 1273 350 1315 τὰ
374 1274 467 1327 μὲν
479 1276 560 1328 γὰρ
588 1277 801 1319 διαλύεται
827 1278 1003 1334 ῥᾳδίως,
1043 1274 1138 1320 οἷον
1163 1279 1214 1320 τὰ
1241 1280 1411 1331 μεγάλα.
1440 1281 1607 1319 2661215
1635 1277 1731 1329 τρία

301 1337 382 1389 γάρ
410 1336 507 1388 ἐστι,
534 1340 582 1381 τὸ
609 1345 775 1391 κινοῦν,
801 1341 849 1383 τὸ
877 1342 1157 1394 κινούμενον,
1190 1342 1237 1383 τὸ
1265 1340 1312 1383 ἐν
1339 1342 1371 1396 ᾡ
1398 1341 1555 1393 τρίτον,
1583 1340 1607 1382 ὁ
1634 1341 1731 1394 χρό-

299 1415 388 1449 νος.
415 1406 550 1444 ταῦτα
579 1403 623 1445 δὲ
650 1404 677 1458 ἢ
698 1405 836 1446 πάντα
862 1409 1012 1459 απειρα
1040 1406 1067 1459 ἢ
1094 1406 1233 1447 πάντα
1259 1405 1548 1458 πεπερασμένα
1573 1403 1600 1457 ἢ
1628 1403 1731 1455 ἔνια,

301 1459 396 1506 οἷον
420 1465 472 1507 τὰ
499 1467 578 1508 δύο
606 1467 633 1521 ἢ
660 1466 756 1509 τὸ“
731 1483 789 1509 εν.
827 1473 973 1509 77389
998 1469 1046 1510 ’ἑν
1074 1466 1248 1510 δἐἶναι
1273 1470 1320 1510 τὸ
1348 1470 1458 1523 ζῷον
1482 1468 1530 1508 τὸ
1556 1469 1732 1519 τερατῶ-

301 1527 371 1577 δες
396 1528 423 1582 ἢ
449 1530 575 1571 πλείω
603 1532 909 1584 συμπεφυκότα
937 1532 999 1573 δεῖ
1024 1533 1210 1585 νομίζειν
1235 1531 1342 1574 κατὰ
1368 1531 1446 1584 τὴν
1471 1531 1618 1584 ἀρχήν,
1637 1527 1732 1572 οἷον

301 1590 337 1631 εἰ
357 1594 555 1634 τοιοῦτόν
577 1593 690 1636 ἐστιν
712 1595 741 1648 ἦ
763 1595 917 1648 καρδία
939 1596 1105 1648 μόριον,
1130 1596 1177 1636 τὸ
1197 1595 1275 1648 μὲν
1301 1595 1404 1647 μίαν
1429 1593 1525 1647 ἔχον
1552 1594 1732 1647 καρδίαν

297 1653 347 1695 ἓν
374 1657 493 1710 ζῷον.
537 1659 599 1704 (In
634 1660 697 1698 his
733 1661 837 1698 enim
875 1654 970 1700 οἷον
1007 1673 1082 1699 non
1121 1666 1182 1698 est
1216 1659 1415 1710 „exempli
1443 1658 1612 1711 gratia’',
1640 1659 1733 1709 quia

300 1719 407 1758 aliud
436 1722 655 1772 exempium
685 1726 843 1774 praeter
870 1736 939 1763 cor
967 1723 1099 1761 afferri
1119 1724 1273 1774 nequit:
1302 1723 1444 1761 etenim
1464 1735 1532 1759 cor
1550 1727 1610 1760 est
1625 1719 1731 1773 ἀρχὴ

299 1782 398 1831 ista,
427 1782 478 1821 de
515 1797 590 1834 qua
617 1784 772 1824 locutus
800 1790 894 1832 est.)
949 1785 1016 1824 Sic
1045 1787 1159 1824 etiam
1189 1786 1336 1824 691127
1365 1778 1472 1830 οἷον,
1501 1797 1732 1836 quamquam

299 1846 523 1896 exemplum
551 1849 723 1898 exponit,
759 1853 902 1897 tamen,
940 1850 1027 1900 quia
1062 1849 1168 1887 idem
1206 1848 1427 1899 exemplum
1454 1849 1530 1885 iam
1559 1861 1732 1886 comme-

299 1914 493 1947 moratum
514 1914 578 1949 est
595 1923 653 1949 vs.
677 1912 741 1958 25,
762 1916 807 1950 ut
830 1912 881 1950 de
907 1912 983 1950 alio
1011 1924 1141 1950 sermo
1170 1924 1259 1950 esse
1286 1923 1362 1950 non
1390 1910 1530 1960 possit,
1557 1911 1634 1948 vim
1663 1923 1731 1949 ex-

299 1970 470 2020 plicandi
499 1972 630 2014 habet.
675 1973 885 2013 Praeterea
913 1974 963 2013 cf.
991 1986 1090 2023 quae
1118 1973 1293 2011 dicemus
1322 1973 1372 2010 de
1399 1984 1472 2010 usu
1501 1973 1609 2010 vocis
1637 1966 1732 2011 οἷον

299 2032 349 2070 ad
375 2034 516 2070 4h23.
544 2054 597 2063 —-·
636 2035 824 2074 Animalia
861 2037 974 2075 4541,
990 2037 1038 2073 15
1080 2035 1217 2074 dividit
1255 2037 1294 2074 in
1331 2032 1473 2074 πλωτὰ
1499 2032 1569 2074 καὶ
1594 2033 1732 2086 πτηνὰ

298 2092 371 2134 καὶ
396 2094 510 2144 πεζά,
537 2097 631 2134 item
659 2098 847 2144 7431234,
876 2099 1064 2145 74oa23,
1093 2100 1203 2137 *mh
1218 2100 1278 2137 10.
1307 2101 1383 2136 589
1399 2100 1482 2136 alo
1509 2111 1594 2148 sqq.
1624 2099 1731 2137 divi-

300 2159 445 2197 duntur
472 2159 510 2197 in
537 2157 639 2207 πεζὰ
666 2164 705 2198 et
731 2158 902 2208 ἔνυδρα.
945 2160 1089 2199 Nostro
1118 2161 1205 2199 loco
1231 2157 1279 2200 τὸ
1308 2159 1464 2200 δίπουν
1491 2162 1644 2200 videtur
1664 2162 1730 2199 ad-

299 2221 424 2260 ditum
451 2234 563 2270 esse,
604 2234 680 2272 quo
719 2223 881 2273 patefiat
905 2219 985 2260 'non
1013 2223 1139 2261 solum
1168 2223 1218 2262 de
1246 2224 1381 2276 primis
1409 2224 1644 2262 differentiis
1671 2225 1731 2263 in-

298 2284 553 2334 telligendam
582 2296 673 2323 esse
700 2285 888 2336 reguiam,
918 2298 1032 2335 quam
1059 2287 1290 2337 proposuit,
1319 2287 1389 2325 sed
1418 2287 1580 2325 eaiidem
1609 2287 1730 2325 etiam

299 2347 428 2385 valere
445 2348 484 2385 in
512 2347 696 2398 reliquis:
724 2360 859 2398 quare,
884 2359 1001 2397 quum
1023 2361 1073 2387 ne
1095 2349 1268 2388 eiusdem
1297 2349 1455 2400 quidem
1483 2350 1630 2387 ordinis
1654 2350 1732 2388 sint

300 2409 561 2459 differentiae,
591 2423 756 2460 quarum
784 2409 962 2461 exempla
990 2411 1144 2458 attulit,
1171 2411 1274 2462 quod
1301 2411 1522 2461 recepimus
1551 2405 1644 2450 οἷον
1671 2412 1729 2449 ni-

297 2471 352 2509 hil
381 2478 490 2511 certe
527 2472 691 2511 habebit
718 2473 823 2522 quod
851 2471 1037 2514 offendat.
1103 2473 1279 2524 Namque
1308 2475 1348 2512 in
1375 2474 1512 2511 eadem
1542 2474 1730 2512 divisione

300 2535 448 2572 14b38
484 2536 671 2574 omissum
709 2539 772 2574 est
806 2534 854 2575 τὸ
883 2534 1060 2584 δίπουν,
1101 2549 1335 2587 quamquam
1363 2536 1543 2575 adiicitur
1572 2537 1729 2582 14:3b1,

295 2600 339 2634 ut
365 2602 432 2636 aut
459 2597 714 2648 differentiam,
743 2611 842 2649 quae
881 2610 956 2636 non
984 2598 1160 2637 eiusdem
1189 2596 1337 2638 ordinis
1364 2599 1457 2648 sint,
1487 2599 1603 2637 simul
1631 2612 1730 2637 enu-

295 2661 439 2699 merari
472 2661 681 2701 dicendum
717 2662 772 2700 sit
798 2665 865 2700 aut
900 2660 996 2700 nihii
1031 2661 1212 2700 relictum
1249 2661 1324 2711 sit,
1360 2661 1436 2701 nisi
1461 2665 1505 2701 ut
1530 2659 1578 2702 τὸ
1604 2661 1730 2711 πεζὸν

297 2720 405 2763 idem
433 2723 655 2774 significare
683 2724 804 2775 dicas,
833 2723 937 2775 quod
964 2721 1011 2763 τὸ
1038 2722 1279 2774 τετράπουν.
