1664 3126
130 212 208 250 538
667 215 922 258 Analytica
946 215 1116 258 priora.

186 309 358 349 secunda
384 323 477 350 vero
505 312 561 358 (v.
583 313 655 359 35)
683 310 943 350 omnino'non
969 312 1017 351 fit
1053 311 1300 364 syllogismus
1337 326 1386 352 ex
1422 314 1610 366 proposi-

185 373 355 413 tionibus
382 373 681 415 affirmantibus,

135 437 282 475 was?
309 437 449 475 Potest
475 436 634 487 quidem
661 449 798 476 verum
826 450 915 477 esse
943 438 1049 488 quod
1076 451 1149 490 per
1175 437 1329 489 signum
1357 438 1550 490 colligitur
1571 441 1609 478 in

187 511 418 550 quacunque
444 498 593 550 figura,
630 501 783 550 quando
811 513 905 540 vero
932 501 1156 540 necessario
1184 501 1237 540 sit
1262 513 1420 550 verum,
1458 503 1611 553 quando

186 574 264 600 non
291 562 540 609 necessario,
568 564 835 613 exposuimus.

136 624 256 663 wohl
286 622 397 664 οὕτω
427 623 677 676 διαιρετέον,
716 627 757 668 h.
786 640 820 666 e.
848 625 907 673 εἰς
934 627 1108 678 σημεῖον
1134 627 1291 667 ἄλυτον
1317 624 1387 666 καὶ
1422 626 1612 677 λύσιμον.

185 709 237 716 -
255 685 303 728 τὸ
330 687 569 741 τεκμήριον,
599 690 667 738 ait,
694 695 760 730 aut
786 690 1005 729 subiectum
1033 693 1094 728 est
1119 694 1176 742 τῷ
1209 689 1363 743 σημείῳ
1388 695 1432 729 ut
1458 692 1612 742 species

186 753 345 801 generi,
385 758 451 792 aut
478 753 701 805 oppositum
728 757 772 792 ut
799 753 953 804 species
982 754 1149 803 speciei:
1176 766 1343 803 namque
1371 758 1437 791 aut
1462 752 1612 804 τεκμή-

188 827 285 865 ριον
311 816 518 855 dicendum
547 817 623 855 erit
649 828 697 854 ex
725 816 847 865 signis
876 813 1079 863 (τούτων)
1107 828 1184 855 non
1210 815 1286 853 nisi
1312 815 1353 853 id
1381 827 1430 853 ex
1449 829 1525 865 quo
1544 829 1614 855 ne-

187 879 361 918 cessario
389 879 534 929 aliquid
562 879 836 929 consequitur,
871 878 977 928 quod
1011 878 1056 916 fit
1094 891 1167 929 per
1205 878 1378 916 medium
1404 879 1613 917 terminum

186 941 336 991 figurae
362 943 513 993 primae
539 963 591 971 —-
617 942 684 979 hic
711 941 814 979 enim
850 940 940 980 κατ’
976 936 1121 993 ἐξοχὴν
1159 941 1236 980 hoc
1264 941 1351 979 loco
1377 945 1540 979 vocatur
1565 939 1614 980 τὸ

189 1001 333 1054 μέσον,
361 1017 482 1054 quum
507 1004 548 1042 in
574 1004 701 1055 prima
726 1004 852 1053 figura
877 1003 963 1042 sola
985 1005 1138 1043 medius
1157 1004 1347 1043 terminus
1363 1016 1407 1042 re
1422 1016 1512 1042 vera
1530 1016 1614 1043 me-

188 1066 296 1106 dium
323 1068 452 1106 locum
479 1071 613 1106 teneat
646 1071 701 1113 (v.
723 1066 874 1105 25b36
901 1062 925 1106 ὃ
953 1065 1023 1107 καὶ
1048 1071 1100 1119 τῇ
1139 1065 1255 1107 θέσει
1286 1064 1445 1117 γίνεται
1471 1063 1614 1117 μέσον,

187 1129 305 1169 Biese
321 1130 347 1168 1.
368 1131 465 1176 227)
485 1150 538 1158 ·-—-
558 1142 646 1168 nam
673 1130 713 1168 in
739 1130 815 1168 hae
843 1143 917 1168 una
945 1130 1214 1180 syllogismum
1240 1131 1329 1169 fieri
1354 1129 1520 1168 vidimus
1548 1130 1615 1180 qui

186 1205 263 1232 non
289 1193 569 1244 redarguatur3
606 1198 675 1232 aut
707 1191 754 1232 τὸ
781 1193 1004 1246 τεκμήριον
1030 1206 1107 1232 non
1133 1194 1384 1232 referendum
1413 1194 1487 1231 erit
1512 1193 1616 1231 inter

186 1257 321 1307 signa,
350 1257 422 1295 sed
450 1256 559 1307 signa
586 1256 819 1309 appellanda
845 1262 959 1296 erunt
986 1269 1087 1307 quae
1115 1256 1351 1308 colliguntur
1377 1257 1416 1294 in
1442 1255 1616 1294 secunda

184 1320 310 1371 figura
337 1324 378 1359 et
404 1321 442 1358 in
469 1320 586 1359 tertia
612 1341 661 1348 —-
691 1332 854 1370 quarum
889 1319 1011 1359 medii
1045 1319 1200 1358 termini
1234 1331 1290 1358 vs.
1317 1319 1343 1355 4
1369 1317 1616 1368 appellantur

186 1383 298 1432 α”κρα
324 1383 501 1422 locorum
530 1395 628 1433 quos
657 1387 853 1434 occupant
879 1383 1029 1422 ratione
1054 1383 1184 1421 habita
1205 1404 1253 1411 ——
1273 1380 1496 1434 τεκμήριον
1522 1393 1616 1420 vero

187 1447 294 1497 quod
321 1447 476 1498 cogitur
503 1459 525 1484 e
551 1445 683 1484 medio
710 1447 888 1485 termino*
905 1447 1056 1496 primae
1083 1446 1245 1496 figurae.

137 1510 257 1549 70b4
284 1509 475 1548 Dedimus
511 1511 685 1561 σημεῖον
720 1514 762 1548 et
795 1507 848 1548 τὰ
882 1507 920 1548 δ’
948 1506 994 1549 ἐκ
1028 1509 1196 1557 optimos
1224 1508 1338 1547 codd.
1367 1507 1505 1548 secuti.
1558 1506 1617 1545 Si-

186 1572 295 1611 milia
332 1572 436 1610 enim
473 1573 570 1611 satis
602 1573 823 1623 frequentia
870 1585 960 1611 esse
1006 1571 1109 1619 apud
1144 1571 1402 1611 Aristotelem
1446 1570 1616 1609 vidimus

135 1635 400 1736 7οἶᾱ9ὃὲξᾶῗ
423 1695 632 1734 verborum
658 1693 838 1732 inversus
866 1696 941 1738 est,
970 1691 1075 1742 quod
1094 1690 1316 1729 Aristotelis
1343 1690 1383 1728 in
1410 1688 1618 1728 scribendo

185 1759 462 1811 negligentiam
489 1757 645 1809 prodit:
677 1768 766 1795 nam
794 1756 920 1794 alieno
947 1754 1034 1793 loco
1060 1753 1225 1792 inseruit
1252 1766 1352 1804 quae
1377 1753 1419 1791 in
1445 1755 1616 1790 mentem

185 1825 391 1871 venerunt.
427 1820 490 1859 Cf.
509 1820 656 1858 675b3
685 1817 728 1858 οἱ
755 1818 876 1869 ὄγκοι
902 1819 976 1870 τῆς
1001 1815 1161 1863 κοιλίας
1179 1814 1345 1862 τούτοις
1365 1813 1531 1866 μείζους
1547 1812 1617 1853 καὶ

186 1886 272 1926 τῶν
298 1881 480 1935 ἐντέρων
507 1882 577 1923 διὰ
603 1882 651 1923 τὸ
678 1880 868 1935 μέγεθος.
910 1882 1086 1920 1430b6
1106 1878 1154 1919 τὸ
1183 1876 1228 1919 δὲ
1244 1878 1293 1919 ἓν
1314 1880 1469 1919 ποιοῦν
1487 1879 1614 1916 τοῦτο

185 1948 209 1990 ὅ
229 1951 335 1996 νοῦς
356 1946 548 1987 εᾛκαστον
588 1949 667 1985 984
680 1948 702 1985 b
716 1949 743 1984 6
763 1946 947 1997 χρῶνται
967 1943 1023 1991 ὡς
1051 1941 1267 1995 κινητικὴν
1287 1941 1422 1995 ε’χοντι
1438 1941 1495 1996 τῷ
1511 1938 1615 1990 πυρὶ

185 2011 263 2066 τὴν
284 2011 428 2064 φύσιν
467 2012 579 2050 266ο
593 2012 616 2047 1
634 2011 745 2049 κινεῖ
765 2007 811 2049 δὲ
841 2007 890 2048 τὸ
920 2009 1030 2063 ζῷον
1058 2006 1128 2048 καὶ
1144 2011 1230 2047 πᾶν
1258 2005 1307 2046 τὸ
1333 2003 1519 2058 ἔμψυχον
1537 2001 1615 2055 τὴν

187 2074 294 2118 κατὰ
309 2075 444 2116 τόπον
463 2070 590 2114 ἑαυτὸ
612 2072 789 2123 κίνησιν.
836 2075 915 2111 690
929 2073 987 2111 b2
1007 2074 1134 2111 τοῦτο
1160 2070 1227 2111 δεῖ
1249 2069 1296 2110 τὸ
1327 2069 1476 2121 μόριον
1506 2061 1615 2106 εἶναι

187 2139 372 2192 νομίζειν
387 2136 435 2179 τὸ
456 2139 652 2190 ἄσχιστον
668 2139 747 2177 τοῦ
766 2134 898 2183 ποδός
910 2137 1035 2186 (quod
1055 2147 1146 2173 vero
1167 2135 1343 2185 sequitur
1361 2133 1445 2173 τῶν
1464 2130 1612 2170 δακτύ-

187 2208 275 2245 λων
295 2204 342 2242 ad
364 2204 568 2253 sequentia
598 2202 803 2254 pertinet).
857 2200 1024 2238 346a34
1053 2196 1123 2238 διὰ
1149 2196 1196 2238 τὸ
1218 2196 1423 2248 μηδεμίαν
1456 2192 1525 2234 διὰ
1552 2191 1614 2233 τέ-

193 2271 297 2315 λους
309 2265 416 2319 ἔχειν
438 2262 631 2317 φανερὰν
650 2262 827 2303 ἕκαστον
844 2260 976 2302 θέσιν.
1025 2264 1134 2302 3471)
1147 2264 1172 2300 8
1193 2260 1389 2308 πολλάκις
1416 2256 1460 2299 δὲ
1483 2261 1613 2298 τοῦτο

189 2331 261 2373 καὶ
291 2329 337 2372 ἐν
367 2331 456 2377 τοῖς
481 2326 557 2377 ἔξω
585 2327 730 2374 τόποις
759 2326 863 2367 ἰδεῖν
884 2325 1111 2378 γινόμενον
1128 2323 1250 2365 ε’στιν.
1305 2325 1390 2365 Alia
1417 2322 1517 2361 ratio
1552 2328 1615 2360 est

188 2410 326 2437 eorum
345 2395 540 2441 locorum,
569 2393 711 2443 quibus
742 2391 859 2430 verba
889 2390 1126 2441 transposita
1147 2394 1262 2438 sunt,
1290 2392 1335 2427 ut
1353 2387 1408 2424 vis
1427 2385 1613 2432 orationis

190 2463 399 2512 augeatur,
435 2470 470 2496 v,
501 2457 699 2495 1292b31
724 2453 831 2501 ὅλως
849 2453 926 2505 μὲν
945 2451 1026 2505 γὰο
1046 2450 1094 2492 τὸ
1122 2451 1198 2529 μὲν
1227 2450 1283 2504 μὴ
1311 2447 1457 2499 ἐξεῖναι
1486 2451 1615 2487 πᾶσιν

189 2520 468 2575 ὀλιγαρχικόν.
521 2522 597 2558 352
611 2520 633 2557 b
646 2521 696 2557 31
719 2517 906 2558 θάλαττα
933 2517 1072 2558 παντα
1093 2515 1168 2568 μία
1196 2518 1327 2556 ταῦτα
1346 2509 1520 2563 συνεχὴς
1544 2504 1612 2562 ἦν.

187 2588 360 2626 467α11
375 2584 478 2625 ενδ’
508 2581 574 2634 ἐφ’
595 2581 643 2623 ἓν
671 2583 860 2634 ὄργανον
887 2581 1104 2634 χρήσιμον.
1162 2578 1358 2620 1308b14
1388 2573 1532 2650 φέρειν
1562 2573 1614 2614 οὐ

146 2640 158 2647 ”
188 2649 347 2697 παντὸς
386 2647 542 2700 ανδρὸς
580 2646 787 2699 εὐτυχίαν.
847 2649 950 2686 1288
972 2659 995 2684 a
1018 2649 1043 2683 3
1074 2642 1203 2684 αὐτὸν
1233 2640 1288 2690 ὥς
1320 2640 1421 2680 ὄντα
1465 2637 1614 2689 νόμον.

191 2715 390 2754 1012b19
408 2713 484 2754 τὸν
503 2711 630 2759 αὐτὸς
662 2709 797 2752 αὑτοῦ
830 2709 978 2761 (λόγον
1007 2706 1249 2760 ἐξαιρῆται).
1295 2705 1464 2743 107338
1483 2699 1614 2742 οὐθὲν
