1780 3100
191 189 272 246 424
709 192 955 236 Analytica
989 191 1158 236 priora.

242 282 514 334 ἀποφατικὸν
540 290 671 326 autem
712 292 775 326 est
816 288 853 327 id
883 288 984 339 quod
1008 289 1223 339 'opponitur
1248 291 1306 342 τῷ
1333 292 1602 341 καταφατικῷ
1629 293 1672 328 ut

245 348 497 389 affirmationi
524 350 692 400 negatio
734 350 832 389 lllud
860 353 979 403 igitur
1006 364 1078 402 pro
1106 352 1182 390 hoc
1208 355 1352 429 poterit
1378 353 1570 403 usurpari,
1596 365 1672 391 non

245 410 331 450 vice
359 425 471 450 versa
498 413 574 450 hoc
602 425 674 463 pro
703 413 786 452 illo.

194 473 339 511 381118
366 472 415 522 ἐξ
434 472 621 525 ἀνάγκης
647 472 758 527 γὰρ.
810 505 822 516 .
863 475 961 514 Nam
992 476 1026 514 si
1054 479 1220 527 utraque
1245 478 1461 529 propositio
1489 477 1672 523 affirmat,

245 535 379 574 licebit
405 537 580 576 invenire
606 539 795 578 terminos
822 526 877 577 ita
903 543 1164 591 comparatos,
1193 545 1236 579 ut
1262 540 1293 578 B
1322 541 1372 579 de
1396 540 1428 578 C
1457 539 1674 590 praedicari

245 604 426 647 nequeat.

193 660 342 699 381141
370 660 440 701 καὶ
467 659 531 702 ὄτι
550 689 561 702 .
584 689 594 701 .
617 690 628 701 .
646 662 1014 716 3983,σχημοὲτων
1041 666 1183 704 omissa
1204 668 1295 704 sunt
1320 664 1360 702 in
1379 665 1561 702 versione
1579 663 1672 702 zel-

245 721 311 770 lii,
340 737 572 775 quamquam
609 725 659 765 de
686 727 827 776 causis,
856 728 904 766 ob
934 741 1031 778 quas
1058 729 1136 766 hoc
1163 728 1311 766 factum
1341 727 1406 776 sit,
1434 740 1484 766 ne
1511 719 1672 766 verbum

246 785 401 833 quidem
430 787 587 827 dicitur.

195 847 344 886 38b42
380 848 456 888 τ’ὸν
485 849 618 891 αὐτὸν
642 849 802 902 τρόπον
819 879 829 891 .
852 878 863 889 .
888 879 898 889 .
950 851 1060 890 Idem
1100 851 1151 890 de
1189 850 1314 901 prima
1349 850 1473 900 figura
1510 850 1674 890 tradidit

243 911 392 951 361119
411 915 506 963 sqq.
770 939 773 941 —
854 923 858 926 ’

302 1017 402 1070 Gap.
430 1017 494 1058 20.
540 1019 651 1069 Quid
679 1026 830 1073 agatur
855 1022 900 1060 in
926 1021 1054 1060 tribus
1083 1020 1284 1072 capitibus
1310 1032 1417 1072 quae
1435 1025 1671 1073 sequuntur.

192 1082 244 1118 14
273 1080 339 1119 De
376 1081 620 1133 syllogismis
645 1084 943 1123 universalibus
970 1085 1124 1123 tertiae
1149 1085 1344 1135 figurae,
1381 1083 1451 1135 qui
1475 1085 1590 1134 fiunt
1620 1095 1672 1121 ea·

192 1148 370 1196 utraque
394 1147 678 1197 propositione
701 1148 907 1199 possibili,
946 1149 998 1186 28
1034 1136 1085 1184 ile
1119 1147 1172 1184 iis
1207 1146 1280 1197 qui
1302 1148 1418 1198 fiunt
1457 1157 1513 1183 ex
1537 1145 1672 1184 altera

192 1208 432 1256 universali,
462 1208 601 1247 altera.
621 1209 883 1261 particulari.
938 1210 1000 1247 112
1027 1209 1094 1247 De
1122 1208 1414 1246 coniunctione
1427 1208 1671 1260 propositio-

191 1269 257 1307 nis
280 1270 553 1321 particularis
580 1284 673 1327 cum
697 1273 959 1324 particulari.

192 1356 340 1393 39827
369 1355 504 1393 Secuti
532 1369 668 1394 sumus
697 1357 903 1394 lectionem
933 1355 1078 1394 codicis
1105 1368 1157 1404 n,
1193 1367 1308 1404 quam
1338 1354 1452 1392 etiam
1482 1353 1671 1392 Boethius

244 1416 385 1455 habuit
397 1418 459 1465 „si
474 1423 757 1457 transmutatur
772 1420 998 1471 contingere
1014 1417 1271 1456 noninesse’'.
1298 1416 1473 1454 Eandem
1490 1416 1573 1453 iure
1586 1415 1672 1466 Syl-

246 1473 407 1530 burgius
435 1480 611 1519 restituit
638 1482 803 1519 exedd.
836 1482 1038 1531 antiquiss.
1078 1481 1177 1519 Nam
1204 1477 1596 1531 μεταλαμβάνεσθαι
1613 1482 1674 1517 est

243 1541 389 1589 „aliter
428 1539 559 1580 sumi”
600 1547 653 1586 (v.
683 1556 782 1593 quae
810 1543 985 1581 dicemus
1013 1534 1062 1580 ad
1090 1544 1282 1587 41839),
1322 1554 1397 1579 11011
1427 1542 1558 1587 „sumi
1585 1541 1672 1579 loco

244 1604 406 1641 alterius
434 1604 547 1642 rei’':
575 1617 698 1653 quare
725 1610 794 1644 aut
820 1601 1026 1643 dicendum
1051 1609 1139 1646 verat
1166 1602 1240 1643 ἐὰν
1266 1604 1514 1654 μεταληφθῇ
1542 1602 1599 1649 εἰς
1624 1601 1671 1642 τὸ

242 1662 486 1716 ἐνδέχεσθαι
512 1664 734 1717 ὑπάρχειν,
772 1667 878 1716 quod
917 1668 1091 1705 sensisse
1125 1668 1280 1705 videtur
1307 1664 1452 1704 'auctor
1490 1666 1691 1719 lectionis·

243 1741 359 1779 quam
389 1729 547 1767 exhibet
575 1730 661 1767 cod.
695 1729 748 1777 0,
785 1735 852 1767 aut
883 1729 986 1779 quod
1014 1741 1085 1767 nos
1114 1729 1294 1767 dedimus
1321 1725 1395 1768 ἐὰν
1420 1729 1671 1780 μεταληφθῇ

241 1789 290 1830 τὸ
319 1788 560 1842 ἐνδέχεσθαι
587 1789 644 1843 μὴ
672 1790 888 1843 ὑπάρχειν.

188 1856 336 1892 39835
365 1854 446 1893 Cur
474 1854 550 1892 hoc
576 1854 665 1893 loco
693 1855 790 1892 Bkk.
819 1867 895 1893 non
922 1854 1057 1894 tulerit
1083 1855 1153 1904 τῷ,
1182 1866 1299 1903 quum
1328 1853 1414 1891 aliis
1442 1853 1537 1891 locis
1565 1853 1671 1892 simi-

239 1917 290 1954 lia
317 1916 480 1954 ferenda
509 1917 717 1966 putaverit,
746 1917 901 1963 nesci63
930 1928 965 1953 v.
994 1929 1092 1965 quae
1121 1917 1291 1954 diximus
1320 1917 1369 1954 ad
1396 1918 1530 1954 36115.

187 1980 333 2017 39836
361 1977 573 2025 ὡσαύτως.
627 1978 718 2017 Hoc
744 1984 874 2017 tamen
901 1978 1137 2024 discrimine,
1165 1982 1210 2016 ut
1231 1978 1670 2017 duabusconversioni-

241 2041 312 2080 bus
340 2053 439 2093 opus
466 2041 528 2080 sit.

299 2144 397 2197 Cap.
427 2145 493 2184 21.
535 2145 602 2184 De
626 2146 869 2197 syllogismis
895 2145 1048 2184 tertiae
1064 2146 1250 2197 figurae,
1279 2143 1351 2197 qui
1377 2142 1550 2181 alteram
1573 2155 1669 2194 pro-

184 2208 433 2261 positionem
450 2207 602 2258 habent
622 2209 862 2260 simplicem,
893 2209 1068 2246 alteram
1081 2208 1337 2259 possibilem:
1367 2207 1416 2242 10
1435 2205 1486 2243 de
1504 2206 1668 2243 univer-

186 2270 363 2318 salibus
401 2273 453 2309 26
490 2270 543 2309 de
577 2271 914 2329 particularibus.
968 2273 1088 2327 49al
1117 2263 1395 2321 Eoe’utraque
1418 2269 1671 2320 particulari

185 2346 268 2371 non
284 2335 344 2385 fit
370 2333 636 2384 syllogismus.

186 2417 337 2455 391122
365 2416 578 2456 Omisimus
616 2418 720 2467 quod
749 2417 838 2455 addi
867 2417 970 2456 solet
997 2414 1271 2468 ἐνδεχόμενον
1297 2415 1386 2454 ante
1413 2413 1666 2465 στερητικόν,

236 2480 342 2530 quod
370 2493 498 2529 neque
525 2480 748 2518 Alexander
774 2480 910 2518 habuit
937 2494 1065 2530 neque
1084 2482 1323 2531 Philoponus
1343 2490 1470 2527 neque
1488 2479 1668 2528 agnoscit

238 2543 364 2580 codex
392 2555 430 2581 n.
487 2543 608 2580 Certe
644 2542 759 2580 facile
786 2543 873 2580 fieri
903 2548 1074 2593 poterat,
1102 2547 1147 2581 ut
1174 2543 1466 2584 intruderetur,
1510 2541 1596 2588 quia
1623 2553 1685 2579 re·

235 2616 329 2642 vera
357 2617 433 2643 non
462 2605 513 2643 de
540 2618 587 2643 eo
617 2605 867 2655 cogitandum
896 2611 957 2644 est
985 2606 1087 2657 quod
1108 2605 1340 2655 simpliciter
1360 2603 1564 2659 asseritur,
1595 2603 1666 2642 sed

235 2666 288 2704 de
315 2664 594 2720 ἐνδεχομένῳι
622 2680 711 2707 118111
740 2668 896 2707 omnino
924 2682 1001 2708 non
1026 2669 1073 2706 fit
1099 2669 1361 2719 syllogismus,
1391 2666 1424 2703 si
1446 2665 1666 2716 propositio

233 2728 361 2770 minor
373 2723 607 2782 simpliciter
618 2734 757 2783 negat3
775 2731 879 2770 unde
889 2730 1037 2771 factum
1050 2735 1124 2780 est,
1145 2732 1189 2769 ut
1208 2728 1456 2778 Aristoteles,
1483 2727 1663 2778 quoniam
