1734 3100
202 212 283 252 48⁰
717 214 967 259 Analytica
1000 214 1167 259 priora.

255 321 354 362 ματι
387 307 436 350 τὸ
473 310 562 350 ἄνω
597 307 669 350 καὶ
702 309 814 350 noim
850 309 921 351 καὶ
954 310 1003 351 τὸ
1028 310 1165 361 δεξιὸν
1188 310 1260 353 καὶ
1283 309 1501 364 ἀριστερὸν
1524 312 1596 354 καὶ
1619 314 1668 355 τὸ

258 370 498 424 ἔμπροσθεν
523 371 595 413 καὶ
619 373 810 420 ὄπισθεν,
837 372 925 414 ἀλλ’
953 369 1033 414 ὅσοι
1059 375 1138 427 ἔχει
1162 375 1360 429 κινήσεως
1385 374 1516 429 ἀρχὴν
1533 374 1579 416 ἐν
1596 376 1668 417 αὖ·

256 438 343 484 τοῖς
371 435 536 488 ἔμψυχα
563 437 677 476 ὄντα.
731 438 905 476 9561118
932 437 997 478 δεῖ
1019 442 1099 479 τοῦ
1117 439 1271 490 κριτάς,
1297 440 1324 479 ἃ
1341 438 1455 491 παρὰ
1476 439 1668 480 διάνοιάν

258 497 380 548 ἐστιν,
408 497 434 549 ἢ
462 498 598 550 μηθὲν
623 498 788 552 χείρους
813 501 898 540 τῶν
925 501 1169 553 ἀγωνιστῶν
1196 498 1304 543 εἶναι
1329 502 1355 555 ἢ
1382 503 1606 555 κρείττους.

203 564 347 600 521134
376 563 437 601 Ex
464 563 512 601 iis
541 576 639 613 quae
667 565 849 615 exposuit
877 566 1024 617 colligit
1051 568 1155 617 quod
1183 579 1296 605 usum
1323 568 1486 618 praebet
1512 568 1551 605 in
1578 579 1668 605 ana-

255 626 329 676 lysi
357 625 682 676 syllogismorum.

200 689 348 727 521137
386 688 623 739 Philoponus
660 690 755 740 legit
791 688 847 742 μὴ
884 684 992 731 εἶναι
1017 688 1074 743 μὴ
1101 691 1324 742 μουσικόνε
1361 694 1538 761 praestat
1564 692 1668 742 quod

253 755 293 789 et
320 751 538 791 Alexander
564 753 700 792 habuit
727 759 766 792 et
794 755 917 793 nostri
945 755 1060 793 codd.
1087 758 1285 806 praebent.

200 816 351 854 521139
381 814 571 865 ’Exempli
597 816 722 867 gratia
750 817 802 856 sit
829 818 869 855 A
894 817 1052 869 χρῶμα,
1092 818 1128 857 Β
1157 817 1209 857 οὐ
1235 818 1392 870 χρῶμα,
1431 818 1472 856 Γ
1502 815 1668 865 λευκόν,

254 879 297 917 A
325 876 378 917 οὐ
403 876 566 917 λευκόν.

200 943 324 982 52115
362 941 550 980 Dedimus
588 938 691 990 quod
719 953 853 979 omnes
881 941 1036 980 codices
1064 942 1211 982 habent
1236 942 1284 983 τὸ
1312 945 1354 982 A
1381 940 1531 983 ἕπεται.
1592 943 1668 982 Ar·-

253 1004 490 1056 gumentatio
525 1007 655 1042 autem
684 1003 782 1041 haec
811 1007 885 1043 est.
951 1007 994 1044 A
1020 1004 1266 1057 praedicatur
1294 1007 1343 1045 de
1370 1006 1406 1046 Β
1435 1005 1509 1053 (vs,
1531 1008 1669 1053 5—8),

252 1067 341 1118 quia
369 1067 419 1105 de
448 1066 484 1106 B
511 1072 579 1106 aut
606 1067 648 1105 Γ
667 1069 734 1104 aut
762 1067 805 1105 A
831 1068 1049 1118 praedicari
1077 1070 1209 1115 debet,
1238 1070 1280 1108 Γ
1300 1083 1391 1108 vero
1420 1082 1496 1108 non
1523 1073 1667 1120 potest,

251 1131 354 1180 quia,
382 1130 478 1178 εἰΓ,
505 1130 624 1168 etiam
651 1130 704 1177 A,
734 1131 836 1179 quod
863 1136 1055 1183 repugnat
1080 1132 1138 1187 τῷ
1153 1132 1204 1170 Β.
1257 1132 1407 1171 Deinde
1431 1133 1668 1179 (vs.8—10)

252 1193 303 1232 de
330 1193 506 1231 omnibus
534 1199 601 1231 aut
627 1192 670 1231 Γ
691 1193 938 1244 praedicatur
964 1200 1031 1233 aut
1056 1197 1111 1244 A,
1147 1197 1188 1235 A
1215 1200 1359 1242 autem,
1395 1195 1538 1246 quippe
1565 1195 1669 1244 quod

250 1256 367 1295 latius
395 1260 527 1306 pateat
554 1269 667 1306 quam
697 1256 745 1304 Γ,
781 1256 1030 1306 praedicatur
1065 1259 1116 1297 de
1143 1258 1387 1309 quibusdam,
1423 1259 1562 1307 quibus
1591 1269 1668 1295 non

250 1319 434 1358 tribuitur
470 1319 526 1358 F:
566 1319 615 1356 de
651 1319 880 1370 quibusdam
916 1320 1035 1370 igitur
1068 1323 1314 1372 praedicatur
1350 1320 1403 1369 A,
1443 1321 1493 1358 de
1530 1320 1667 1370 quibus

252 1383 369 1421 etiam
383 1383 438 1421 A.
489 1382 525 1420 Β
554 1387 593 1419 et
610 1381 651 1420 Γ
674 1383 724 1420 de
750 1382 891 1420 iisdem
918 1384 1133 1434 praedicari
1161 1388 1359 1434 nequeunt
1387 1387 1462 1429 (vs.
1480 1384 1669 1427 10-12),

252 1446 342 1496 quia
370 1445 420 1484 de
447 1445 740 1495 quibuscunque
767 1445 809 1484 Γ
830 1446 1092 1496 praedicatur,
1121 1448 1238 1486 etiam
1255 1448 1296 1485 A
1320 1446 1579 1497 praedicatur,
1606 1445 1669 1484 cui

249 1508 287 1547 Β
314 1509 368 1547 ita
393 1513 598 1559 repugnat,
626 1512 669 1546 ut
696 1508 861 1546 alterum
890 1509 1025 1558 utique
1052 1511 1164 1549 tollat
1189 1510 1368 1549 alterum.
1431 1508 1605 1558 Denique
1631 1508 1668 1547 Β

248 1575 290 1611 et
315 1573 359 1610 A
385 1571 581 1609 interdum
610 1583 685 1609 nou
713 1571 826 1608 simul
854 1571 903 1609 de
929 1571 1066 1610 iisdem
1096 1572 1371 1621 praedicantur
1397 1575 1473 1617 (vs.
1496 1575 1544 1610 12
1565 1575 1667 1622 sq.):

249 1633 601 1673 demonstravimus
630 1634 732 1672 enim
760 1634 800 1672 A
826 1638 865 1670 et
891 1634 934 1670 A
960 1633 1150 1671 interdum
1178 1632 1394 1683 praedicari
1429 1633 1478 1671 de
1513 1633 1666 1683 iisdem,

249 1698 290 1736 A
316 1701 356 1736 et
387 1696 419 1735 B
447 1700 576 1734 autem
606 1697 677 1735 sibi
700 1698 928 1746 repugnant.

196 1761 320 1800 52b8
356 1759 444 1798 Non
473 1759 653 1796 dedimus
680 1757 785 1807 quod
813 1757 972 1796 codices
999 1757 1188 1808 praebent
1213 1755 1260 1796 τὸ
1288 1757 1328 1795 Α
1354 1756 1426 1811 τῷ,
1465 1757 1556 1807 quia
1593 1758 1668 1796 hoc

248 1824 478 1862 adversatur
511 1822 598 1859 usui
636 1819 820 1869 loquendi
856 1820 922 1869 qui
959 1820 1007 1858 ab
1035 1820 1247 1859 Aristotele
1286 1820 1536 1859 observatur:
1578 1833 1666 1859 uam

249 1898 339 1925 eum
365 1883 574 1922 terminum
602 1882 713 1920 alteri
740 1882 834 1920 dicit
859 1879 1162 1933 ἀντιστρέφειν,
1200 1883 1250 1922 de
1285 1896 1361 1933 quo
1383 1874 1486 1921 'alter
1511 1883 1668 1933 praedi-

247 1951 372 1995 catur,
400 1958 436 1987 v.
458 1947 577 1985 21121
605 1943 656 1984 τὰ
681 1943 727 1984 δὲ
762 1943 851 1996 εἴδη
884 1944 991 1986 κατὰ
1015 1946 1101 1985 τῶν
1125 1946 1261 1997 γενῶν
1289 1944 1367 1985 οὐκ
1393 1943 1665 1997 ἀντιστρέφει,

247 2012 289 2050 11.
315 2023 351 2051 e.
379 2006 431 2048 τὰ
457 2006 502 2048 δὲ
529 2006 619 2059 εἴδη
646 2009 735 2055 τοῖς
760 2006 924 2059 γένεσιν
951 2007 1029 2048 οὐκ
1055 2007 1317 2059 ἀντιστρέφει
1343 2005 1447 2047 ὥστε
1472 2010 1563 2048 κατ’
1592 2008 1668 2048 αὐ-

248 2074 334 2114 τῶν
367 2073 703 2124 κατηγορεῖσθαι,
740 2071 843 2112 ἀλλὰ
877 2071 928 2112 τὰ
964 2071 1064 2124 γένη
1103 2070 1207 2113 κατὰ
1241 2072 1326 2111 τῶν
1363 2070 1506 2111 εἰδῶνε
1548 2084 1667 2122 quare

247 2137 484 2177 Aristoteles
522 2148 598 2174 non
636 2136 730 2174 dicit
767 2134 819 2176 τὰ
853 2134 953 2188 γένη
985 2138 1074 2183 τοῖς
1111 2134 1234 2175 εἴδεσι
1269 2133 1326 2187 μὴ
1365 2131 1666 2186 ἀναστρέφειν,

247 2212 479 2251 quamquam
498 2211 563 2238 res
585 2199 722 2237 eadem
743 2204 862 2249 esset,
885 2201 954 2239 sed
974 2198 1024 2239 τὰ
1043 2198 1134 2252 εἴδη
1153 2201 1240 2246 τοῖς
1258 2197 1433 2250 γένεσιν,
1458 2199 1512 2239 cf.
1535 2200 1666 2246 51⁸4,

248 2263 397 2302 311132
414 2262 489 2300 al.:
528 2261 634 2300 unde
660 2261 736 2301 hoc
772 2263 858 2301 loco
886 2264 983 2302 dicit
1009 2261 1066 2315 μὴ
1093 2261 1380 2314 ἀντιστρέφειν
1405 2262 1463 2317 τῷ
1489 2262 1531 2300 Α
1554 2260 1602 2301 τὸ
1630 2261 1674 2301 Γ
1726 2255 1728 2257 ’

247 2327 374 2377 (quod
401 2325 518 2364 etiam
546 2325 673 2363 versio
702 2325 912 2365 Boethiana
940 2326 1094 2376 habet),
1133 2327 1172 2366 h.
1199 2340 1233 2366 e.
1261 2327 1302 2365 id
1329 2326 1380 2364 de
1407 2339 1482 2376 quo
1509 2325 1666 2376 praedi-

247 2393 360 2428 cetur
396 2400 472 2427 non
509 2400 629 2440 posse
667 2389 850 2428 substitui
885 2390 923 2428 in
956 2390 1082 2429 locum
1120 2390 1204 2429 eius
1251 2390 1354 2440 quod
1400 2389 1664 2440 praedicetur.

246 2452 422 2491 Eandem
450 2451 499 2490 ob
526 2463 682 2490 causam
710 2451 827 2491 etiam
853 2454 1000 2492 671137
1027 2453 1264 2492 servavimus
1303 2450 1408 2502 quod
1434 2451 1542 2490 dedit
1566 2450 1662 2491 Bkk.

247 2515 305 2571 τῷ
334 2515 370 2554 Β
395 2512 444 2554 τὸ
472 2544 482 2554 .
505 2542 515 2553 .
537 2543 549 2555 .

194 2579 343 2618 521114
389 2578 586 2617 Terminis
622 2590 700 2617 non
737 2580 845 2617 recte
887 2579 1025 2618 sumtis
1068 2577 1262 2618 interdum
1307 2577 1347 2616 in
1380 2577 1442 2615 his
1477 2575 1662 2615 fallimur.

246 2641 287 2680 A
312 2638 493 2692 ἀγαθόν,
521 2641 558 2687 Β
585 2639 665 2681 οὐκ
690 2639 870 2693 ἀγαθόν,
901 2643 936 2681 Ζ
963 2642 1049 2682 οὔτ’
1076 2638 1242 2693 ἀγαθὸν
1268 2639 1356 2679 οὔτ’
1379 2637 1459 2679 οὐκ
1477 2637 1658 2689 ἀγαθόν,

246 2704 290 2744 Γ
307 2702 504 2755 ὑγιεινόν,
531 2705 574 2744 A
600 2703 677 2756 οὐχ
705 2703 899 2757 ὑγιεινόν,
930 2705 966 2744 Θ
992 2704 1090 2745 οὔθ’
1115 2703 1301 2757 ὑγιεινὸν
1316 2703 1415 2744 οὔθ’
1433 2700 1511 2754 οὐχ
1529 2700 1656 2754 ὖγιει-
1694 2703 1699 2707 ⁴

244 2765 335 2808 νόν.
396 2768 531 2809 Facile
564 2773 695 2809 autem
721 2769 876 2819 accidit,
911 2772 954 2809 ut
979 2780 1177 2810 sumamus
1206 2768 1242 2808 Z
1267 2779 1340 2820 pro
1367 2767 1418 2816 Β,
1455 2766 1495 2806 11.
1522 2778 1558 2806 e.
1584 2777 1658 2817 pro
