1780 3100
204 241 285 282 414
729 240 975 284 Analytica
997 239 1171 283 priora.

258 337 363 377 enim
383 336 616 376 Aristoteles
643 347 698 374 vs.
716 339 741 373 8
769 335 898 374 adhuc
924 335 1079 374 videtur
1106 336 1144 374 in
1170 335 1298 374 animo
1326 335 1522 374 habuisse.
1556 335 1680 375 Proe-

223 417 225 419 ·
254 404 366 440 terea
383 401 433 438 (le
455 392 908 449 coniugationibusa'oet
926 393 963 449 β’
979 411 1068 436 eum
1091 411 1166 436 non
1188 399 1418 449 cogitavisse
1445 398 1561 436 etiam
1588 410 1680 449 pro-

258 463 352 502 bant
390 476 491 511 quae
519 461 610 498 dicit
637 473 693 498 vs.
722 462 769 498 11
799 459 868 500 διὰ
894 459 975 512 γὰρ
1003 463 1081 500 τοῦ
1109 457 1349 511 ἄδιορίστου
1372 489 1381 498 .
1402 489 1412 498 .
1434 488 1444 498 .
1467 473 1566 509 quae
1596 461 1680 510 qui-

258 526 346 564 dem
387 524 679 562 demonstrandi
717 524 813 561 ratio
854 528 909 569 (v,
938 526 1105 569 271120)
1137 537 1211 561 non
1241 524 1365 561 locum
1392 523 1511 560 habet
1538 523 1613 561 nisi
1641 523 1680 561 in

258 587 590 626 coniunctionibus
611 580 648 636 γ’
677 592 716 624 et
744 580 780 625 δ’
807 588 883 625 hoc
909 588 1038 626 modo.
1087 587 1215 635 Quum
1237 599 1369 624 verum
1401 585 1453 623 sit
1474 585 1502 621 B
1531 586 1580 622 de
1608 585 1682 623 ali-

256 662 333 700 quo
371 648 404 686 C
444 661 520 687 non
557 650 795 699 praedicari,
840 650 957 687 etiam
993 650 1027 687 si
1065 651 1116 687 de
1163 650 1266 687 omni
1302 661 1378 686 non
1417 648 1680 697 praedicetur,

255 724 386 761 neque
414 715 557 756 tamen,
597 712 630 748 si
660 712 736 750 hoc
774 725 1034 762 poneremus,
1072 712 1187 749 fieret
1224 711 1495 761 syllogismus,
1533 710 1679 748 clarum

254 779 318 812 est
335 786 462 823 neque
483 774 569 812 fieri
589 774 872 825 syllogismum,
899 775 933 812 si
961 775 990 811 B
1021 774 1070 811 de
1097 775 1225 823 aliquo
1254 774 1285 811 C
1313 785 1388 810 non
1418 772 1679 822 praedicetur.

255 836 558 875 Coniunctiones
586 830 624 874 α’
651 841 691 874 et
719 830 757 887 β’
791 841 921 874 autem
950 837 1025 874 hoc
1052 837 1168 874 modo
1198 834 1456 872 demonstrari
1484 846 1559 872 non
1587 846 1680 884 pos-

254 907 367 946 sunt,
407 899 513 948 quia,
550 900 584 936 si
613 899 662 936 de
697 900 801 937 omni
826 899 1075 949 praedicatur
1103 899 1206 948 quod
1235 897 1450 947 propositio
1479 896 1604 934 maior
1631 895 1682 934 (le

252 956 367 1013 purte
404 964 552 997 tantum
581 962 722 1007 edicit,
751 961 846 999 fient
874 961 1092 1011 syllogismi
1119 959 1167 998 lv
1198 963 1238 997 et
1266 958 1330 998 Vl.
1359 980 1407 987 —
1438 957 1578 996 Verbis
1608 954 1682 996 ἐὰν

253 1020 299 1063 δὲ
326 1020 374 1061 τὸ
401 1021 595 1061 καθόλου
617 1051 626 1061 .
652 1050 663 1060 .
688 1051 697 1062 .
722 1035 779 1061 vs.
803 1025 853 1060 11
884 1024 1159 1074 complectitur
1185 1022 1355 1072 reliquas
1383 1025 1471 1059 octo
1500 1021 1681 1070 coniuga-

251 1087 379 1125 tiones
416 1085 580 1124 alterius
619 1086 895 1136 propositionis
924 1086 1151 1124 universalis
1180 1097 1268 1123 cum
1295 1085 1417 1122 altera
1444 1083 1679 1135 prrticulari,

253 1161 354 1200 quae
382 1147 653 1199 syllogismum
681 1161 756 1186 non
786 1147 943 1188 faciunt.

199 1212 346 1252 35b21
375 1207 439 1249 ἀεὶ
460 1209 617 1260 γίνεται
632 1210 923 1262 συλλογισμός.
967 1210 1235 1249 Praetermisit
1255 1208 1539 1259 exceptionem.
1581 1206 1681 1245 Nam

193 1284 195 1286 ·
250 1275 418 1313 vidimus
457 1286 532 1312 non
570 1275 655 1312 fieri
689 1275 952 1325 syllogismum
983 1286 1029 1311 ex
1057 1272 1326 1322 propositione
1354 1271 1501 1308 maiore
1530 1271 1681 1308 univer-

249 1338 339 1384 sali,
368 1349 469 1387 quae
485 1336 635 1375 incerte
661 1338 744 1374 sive
772 1340 888 1387 neget
916 1337 998 1374 sive
1026 1334 1211 1382 affirmet,
1241 1338 1283 1372 et
1311 1333 1579 1383 propositione
1606 1332 1679 1369 mi-

248 1412 345 1440 nore
372 1399 615 1449 particulari,
645 1412 746 1449 quae
774 1400 1007 1450 simpliciter
1031 1401 1159 1447 neget,
1189 1409 1224 1434 v.
1255 1408 1373 1446 supra
1401 1397 1471 1434 sub
1499 1389 1536 1446 γ’
1564 1400 1603 1433 et
1631 1388 1680 1435 δ’.

247 1462 464 1502 Adiioimus
491 1467 748 1512 conspectum.
774 1462 1111 1513 syllogismorum,
1149 1460 1216 1510 qui
1252 1459 1331 1496 hoc
1357 1459 1487 1509 capite
1515 1457 1682 1508 expositi

249 1529 353 1564 sunt.

297 1608 326 1642 Ι.
349 1606 391 1641 τὸ
416 1610 444 1641 A
469 1605 651 1650 ἐνδέχεται
673 1606 784 1641 παντὶ
807 1608 857 1653 τῷ
879 1610 919 1648 Β,
1021 1607 1065 1640 11.
1089 1601 1131 1639 τὸ
1155 1607 1182 1638 Α
1207 1601 1387 1645 ἐνδέχεται
1412 1602 1541 1646 μηδενὶ
1564 1602 1616 1648 τῷ
1639 1605 1679 1644 Β,

347 1660 390 1696 τὸ
416 1665 444 1695 Β
467 1660 623 1704 ’ὑπάρχει
646 1662 756 1695 παντὶ
783 1663 831 1706 τῷ
854 1665 893 1702 Γ,
1089 1659 1131 1693 τὸ
1158 1663 1185 1693 Β
1207 1657 1365 1703 ’ὑπάρχει
1387 1657 1497 1691 παντὶ
1520 1658 1571 1702 τῷ
1596 1660 1638 1700 Γ,

349 1723 391 1757 τὸ
417 1726 445 1756 A
471 1721 653 1766 ἐνδέχεται
676 1723 788 1757 παντὶ
811 1724 862 1769 τῷ
887 1726 927 1756 Γ.
1091 1719 1133 1754 τὸ
1158 1723 1192 1753 Α
1208 1718 1389 1762 ἐνδέχεται
1411 1719 1539 1762 μηδενὶ
1561 1718 1610 1764 τῷ
1636 1720 1676 1752 Γ.

261 1790 325 1824 111.
350 1785 393 1823 τὸ
418 1792 446 1822 Α
469 1786 626 1834 ὑπάρχει
649 1789 762 1823 παντὶ
785 1790 836 1834 τῷ
859 1793 899 1831 Β,
1011 1787 1068 1821 lv.
1092 1784 1133 1820 τὸ
1159 1788 1186 1820 Α
1210 1783 1364 1830 ’ὑπάρχει
1386 1783 1514 1828 μηδενὶ.
1537 1784 1587 1829 τῷ
1611 1786 1651 1822 Β,

349 1842 392 1878 τὸ
418 1847 445 1878 Β
469 1841 653 1887 ἐνδέχεται
676 1843 787 1877 παντὶ
810 1844 861 1887 τῷ
889 1846 928 1884 Γ,
1091 1838 1133 1875 τὸ
1159 1844 1187 1875 Β
1212 1838 1392 1883 ἐνδέχεται
1415 1839 1526 1872 ποι-ντὶ
1550 1839 1600 1883 τῷ
1625 1840 1666 1879 Γ,

348 1902 391 1938 τὸ
415 1907 442 1937 Α
469 1902 650 1946 ἐνδέχεται
672 1903 783 1936 παντὶ
807 1903 856 1949 τῷ
881 1905 921 1937 Γ.
1090 1900 1132 1936 τὸ
1158 1904 1186 1936 Α
1211 1900 1393 1944 ἐνδέχεται
1415 1900 1544 1944 μηδενὶ
1568 1901 1620 1946 τῷ
1638 1902 1680 1935 Γ.

281 1970 320 2004 V.
344 1968 385 2004 τὸ
411 1972 439 2003 A
461 1967 618 2013 ὑπάρχει
642 1968 755 2002 παντὶ
777 1970 828 2014 τῷ
851 1971 893 2009 Β,
1005 1969 1062 2002 VI.
1087 1967 1130 2002 τὸ
1155 1971 1183 2002 A
1205 1965 1360 2012 ὑπάρχει
1383 1965 1511 2010 μηδενὶ
1535 1966 1584 2012 τῷ
1607 1969 1647 2010 Β,

349 2023 391 2058 τὸ
417 2027 445 2057 Β
470 2022 650 2065 ἐνδέχεται
674 2022 802 2065 μηδενὶ
817 2023 867 2066 τῷ
884 2025 923 2062 Γ,
1091 2020 1132 2056 τὸ
1163 2025 1187 2055 Β
1213 2020 1395 2064 ἐνδέχεται
1418 2021 1548 2064 μηδενὶ
1567 2021 1617 2066 τῷ
1640 2022 1680 2063 Γ,

349 2083 391 2118 τὸ
422 2086 445 2116 Α
470 2083 652 2126 ἐνδέχεται
675 2083 786 2116 παντὶ
810 2083 860 2128 τῷ
885 2085 926 2115 Γ.
1083 2083 1124 2117 τὸ
1152 2087 1179 2116 Α
1203 2081 1383 2125 ἐνδέχεται
1405 2081 1535 2125 μηδενὶ
1559 2082 1612 2127 τῷ
1638 2083 1679 2115 Γ.

253 2150 328 2185 vll.
353 2149 396 2184 τὸ
420 2153 447 2184 Α
473 2148 655 2192 ἐνδέχεται
678 2148 788 2182 παντὶ
813 2149 863 2194 τῷ
888 2151 927 2190 Β,
973 2148 1064 2182 vm.
1089 2145 1130 2182 τὰ
1157 2152 1185 2182 Α
1209 2147 1391 2191 ἐνδέχεται
1412 2146 1542 2190 μηδενὶ
1566 2147 1616 2193 τῷ
1638 2149 1680 2189 Β,

348 2203 389 2239 τὸ
416 2208 443 2239 Β
468 2201 624 2248 ΰπᾰρχει
646 2203 718 2237 τινὶ
741 2203 794 2249 τῷ
819 2206 858 2243 Γ,
1089 2203 1129 2237 τὸ
1157 2206 1184 2237 Β
1208 2202 1362 2246 ὑπάρχει
1384 2202 1457 2237 τινὶ
1480 2203 1532 2247 τῷ
1557 2205 1599 2244 Γ,

348 2265 390 2301 τὸ
418 2270 444 2299 Α
469 2265 651 2308 ἐνδέχεται
673 2265 746 2298 τινὶ
770 2266 818 2311 τῷ
846 2268 886 2298 Γ.
1088 2263 1129 2297 τό
1154 2267 1182 2297 Α
1205 2263 1385 2306 ἐνδέχεται
1408 2263 1479 2296 τινὶ
1503 2261 1678 2308 τῷΓμή.

260 2333 323 2366 lx.
349 2329 390 2367 τὸ
415 2334 443 2366 Α
465 2327 619 2375 ὖπᾶρχει
643 2329 753 2364 παντὶ
775 2330 826 2375 τῷ
846 2334 883 2373 Β,
1021 2331 1061 2364 Χ.
1087 2326 1128 2364 τὰ
1154 2333 1181 2363 Α
1203 2326 1358 2372 ὑπάρχει
1380 2327 1508 2371 μηδενὶ
1531 2329 1581 2372 τῷ
1603 2332 1643 2371 Β,

343 2387 385 2422 τὸ
413 2390 440 2421 Β
465 2385 647 2429 ἐνδέχεται
671 2384 744 2418 τινὶ
768 2386 819 2429 τῷ
845 2387 887 2424 Γ,
1087 2381 1129 2418 τὸ
1155 2388 1183 2419 Β
1207 2382 1386 2426 ἐνδέχεται
1409 2383 1480 2417 τινὶ
1503 2383 1554 2428 τῷ
1580 2386 1623 2424 Γ,

346 2448 387 2483 τὰ
412 2452 440 2482 A
466 2446 647 2490 ἐνδέχεται
671 2448 743 2480 τινὶ
767 2447 817 2492 τῷ
844 2450 885 2480 Γ.
1085 2443 1126 2479 τὸ
1154 2449 1181 2479 Α
1209 2443 1388 2487 ἐνδέχεται
1411 2442 1483 2477 τινὶ
1503 2443 1675 2489 τῷΓμή.

261 2514 319 2548 xl.
345 2512 388 2548 τὸ
412 2517 440 2547 Α
463 2512 617 2557 ὑπάρχει
640 2512 751 2546 παντὶ
776 2514 827 2558 τῷ
850 2515 887 2554 Β,
978 2512 1056 2546 XII.
1081 2509 1122 2545 τὰ
1147 2514 1174 2545 Α
1198 2505 1352 2554 ὑπάρχει
1375 2508 1502 2552 μηδενὶ
1524 2509 1575 2554 τῷ
1601 2512 1640 2552 Β,

343 2567 383 2602 τὰ
410 2572 438 2602 Β
463 2567 645 2611 ἐνδέχεται
668 2567 739 2601 τινὶ
755 2568 805 2613 τῷ
821 2565 929 2609 Γμῆ,
1078 2565 1120 2600 τὸ
1147 2570 1174 2600 Β
1200 2563 1380 2607 ἐνδέχεται
1403 2563 1475 2597 τινὶ
1492 2565 1544 2608 τῷ
1565 2566 1596 2598 Γ
1612 2561 1674 2606 μή,

342 2630 384 2664 τὸ
408 2633 436 2664 A
460 2629 644 2673 ἐνδέχεται
666 2630 740 2664 τινὶ
763 2630 812 2676 τῷ
836 2632 881 2664 Γ.
1079 2626 1120 2662 τὸ
1146 2630 1173 2661 A
1197 2623 1378 2669 ἐνδέχεται
1401 2624 1476 2659 τινὶ
1498 2623 1670 2671 τῷΓμή.

238 2717 472 2758 Tenendum
510 2722 573 2757 est
604 2716 652 2758 τὸ
680 2714 920 2770 ἐνδέχεσθαι
944 2715 1027 2757 τινὶ
1053 2714 1110 2768 μὴ
1136 2713 1336 2766 ὑπάρχειν
1363 2717 1402 2752 et
1429 2710 1477 2753 τὸ
1506 2709 1664 2763 ἐνδέχε-

240 2781 345 2821 σθαι
369 2778 519 2832 μηδενὶ
541 2779 744 2833 ὑπάρχειν
768 2782 810 2822 iu
835 2782 899 2821 his
923 2781 980 2821 ita
999 2778 1226 2830 accipienda
1253 2789 1356 2826 esne,
1382 2780 1425 2815 ut
1444 2776 1666 2826 significent
