1826 3112
291 198 374 239 234
790 205 1186 239 ΑΝΑΑΤΤΙΚΩΝ

292 296 340 343 δὲ
361 299 400 343 Β
427 298 578 354 παντί,
621 297 768 345 οὐδενὶ
796 304 861 364 τῷ
882 303 929 346 Γ
949 298 1129 361 ὑπάρξει
1160 298 1211 347 τὸ
1229 304 1279 347 Β.
1331 301 1404 346 καὶ
1433 302 1471 347 εἰ
1499 300 1549 348 τὸ
1576 304 1653 362 μὲν
1670 308 1708 350 Α

291 364 442 425 μηδενὶ
474 368 538 428 τῷ
562 332 611 421 Γ,
645 362 696 410 τὸ
733 366 778 410 δε
806 369 844 411 Β
877 368 1003 412 παντὶ
1034 370 1094 431 1:93
1119 370 1170 422 Γ,
1204 364 1308 413 τὸΑ
1343 365 1400 412 οὐ
1431 369 1557 413 παντὶ
1589 373 1652 433 τῷ
1670 374 1708 415 Β

244 444 279 473 1⁵
293 429 366 474 καὶ
387 427 489 489 ου’χὶ
505 410 618 485 ὅλως
637 428 894 477 nudavi-013
911 430 992 493 γὰρ
1013 433 1229 478 ἐδείκνυτο
1248 430 1299 478 τὸ
1318 432 1521 479 καθόλου
1541 415 1631 479 διὰ
1624 439 1708 481 τοῦ

293 493 475 554 ἐσχάτου
513 495 743 556 σχήματος.
811 496 925 554 ὅλως
953 499 999 544 δὲ
1036 496 1118 560 τὴν
1148 497 1262 556 πρὸς
1292 502 1356 561 τῷ
1389 500 1552 556 μείζονι
1589 498 1706 565 ἄκρῳ

289 560 502 617 πρότασιν
523 560 609 606 οὐκ
628 563 739 607 ἔστιν
759 562 1050 609 ἀνασκευάσαι
1074 564 1275 610 καθόλου
1297 562 1369 609 δια
1387 582 1464 625 της
1482 563 1705 625 ἀντιστρο-

288 629 401 686 φῆς·
446 624 509 671 ἀεὶ
539 645 621 686 γαρ
651 625 883 686 ἀναιρεῖται
903 627 973 675 δια
996 634 1079 675 τοῦ
1099 631 1248 688 τρίτου
1265 628 1504 691 σχήματος
1539 629 1707 694 ἀνάγκη

287 708 370 750 γαρ
402 689 514 774 πρὸς
546 690 596 737 τὸ
629 693 806 752 ε’σχατον
839 693 976 752 ἄκρον
1009 694 1255 755 ἀμφοτέρας
1276 699 1421 754 λαβεῖν
1445 694 1523 752 τὰς
1540 697 1704 756 προτά-

238 770 273 797 20
289 767 391 812 σεις.
433 757 506 801 καὶ
526 758 563 802 εἰ
580 758 826 820 στερητικός
848 758 874 805 6
895 762 1197 820 συλλογισμός,
1233 759 1451 816 ὡσαύτως.
1496 763 1704 821 δεδείχθω

287 840 369 882 γαρ
401 820 453 867 τὸ
466 826 504 867 Α
523 826 692 887 μηδενὶ
691 829 780 870 τῶν
804 829 848 870 Γ
861 824 1062 907 ὑπάρχον
1080 824 1151 871 δια
1173 830 1254 872 τοῦ
1274 829 1323 870 Β.
1360 825 1531 872 οὐκοῦν
1553 845 1606 872 αν
1623 831 1703 889 λη-

287 891 389 947 φθῇ
420 886 471 933 τὸ
495 892 532 933 Α
564 893 627 934 τῶ
651 883 697 935 Γ
722 892 848 935 παντὶ
881 889 1105 950 υπάρχειν,
1138 895 1202 954 τ9ἷ
1235 892 1280 936 ὁε
1299 895 1336 936 Β
1357 892 1521 953 μηδενί,
1555 891 1702 938 ουδενὶ

285 969 374 998 των
399 956 445 997 Γ
469 952 520 998 τὸ
548 958 585 998 Β
595 935 808 1011 ὑπάρξει.
854 957 927 1000 καὶ
961 958 997 1001 εἰ
1029 954 1080 1002 τὸ
1101 960 1138 1001 Α
1170 957 1243 1002 καὶ
1275 955 1324 1002 τὸ
1344 960 1382 1002 Β
1409 958 1535 1003 παντὶ
1567 955 1631 1022 τ9’ἷ
1648 962 1701 1015 Γ,

283 1016 334 1063 τὰ
356 1022 393 1063 Α
411 1019 491 1063 τινὶ
512 1023 576 1082 τ9ῖ
592 1023 650 1064 Β·
685 1019 779 1065 ἀλλ’
800 1019 948 1067 οὐδενὶ
967 1020 1176 1083 ὑπῆρχεν.

235 1101 270 1128 25
414 1081 518 1129 Ἐὰν
537 1064 574 1130 6’
594 1083 889 1145 ἀντικειμένως
921 1085 1187 1147 ἀντιστραφῇ
1207 1085 1258 1132 τὸ
1281 1087 1593 1147 συμπέρασμα,
1627 1089 1703 1134 καὶ

285 1149 329 1194 οὶ
348 1152 630 1210 συλλογισμοὶ
654 1150 935 1211 ἀντικείμενοι
953 1154 1025 1198 καὶ
1050 1152 1108 1199 οὐ
1127 1155 1329 1198 καθόλου
1351 1154 1532 1199 ε’.σονται
1588 1154 1700 1213 γίνε-

285 1232 354 1260 ται
386 1233 470 1276 γαρ
505 1214 534 1278 ἡ
568 1217 687 1274 ἑτέρα
721 1218 930 1276 πρότασις
957 1220 1002 1265 ἐν
1023 1219 1152 1278 μέρει,
1186 1216 1292 1264 ὥστε
1311 1220 1384 1263 καὶ
1407 1217 1456 1264 τὸ
1476 1220 1701 1279 συμπέρα-

286 1292 374 1340 σμα
408 1282 523 1327 ἔσται
555 1281 664 1328 κατὰ
698 1284 838 1342 μέρος.
886 1286 990 1365 ἔστω
1017 1283 1100 1345 γὰρ
1131 1282 1414 1346 κατηγορικός
1440 1283 1466 1330 6
1495 1289 1700 1345 συλλογι-

285 1346 411 1406 σμός,
445 1349 517 1392 καὶ
553 1347 904 1409 ἀντιστρεφέσθω
926 1348 1078 1406 οὕτως.
1119 1349 1290 1397 ου’κοῦν
1311 1351 1348 1395 εἰ
1366 1348 1418 1396 τό
1437 1354 1474 1395 A
1496 1349 1555 1396 ου’
1574 1351 1701 1397 παντὶ

235 1430 270 1456 so
285 1417 348 1477 τῷ
370 1416 421 1468 Γ,
455 1431 515 1458 τω
551 1416 596 1460 ὁὲ
617 1418 655 1460 Β
684 1417 822 1471 παντί,
855 1415 904 1461 τὸ
923 1420 960 1462 Β
988 1415 1046 1462 οὐ
1065 1417 1190 1462 παντὶ
1217 1420 1279 1495 τῷ
1301 1419 1357 1460 Γ·
1387 1417 1460 1461 καὶ
1487 1417 1525 1461 εἰ
1551 1415 1601 1461 τὸ
1624 1435 1700 1476 μεν

284 1458 326 1524 A
353 1476 413 1540 μὴ
443 1481 568 1524 παντι
588 1484 649 1544 τῷ
678 1484 737 1535 Γ,
782 1479 832 1526 τὸ
857 1483 901 1527 δε
926 1485 963 1527 Β
990 1483 1138 1536 παντί,
1182 1479 1234 1526 τὸ
1259 1486 1296 1526 Α
1326 1479 1385 1527 οὐ
1412 1483 1537 1527 παντὶ
1564 1487 1627 1545 τῷ
1647 1486 1696 1527 Β.

284 1542 444 1603 ὁμοίως
474 1545 520 1590 δε
545 1547 618 1590 καὶ
650 1547 687 1591 εἰ
712 1545 962 1608 στερητικὸς
993 1545 1017 1592 6
1051 1545 1353 1607 συλλογισιιός.
1399 1548 1437 1592 εἰ
1462 1566 1544 1607 γαρ
1579 1547 1629 1593 τὸ
1661 1551 1698 1593 Α

282 1611 364 1655 τινὶ
394 1627 454 1673 τω
482 1614 528 1655 Γ
550 1609 754 1670 ὑπάρχει,
786 1616 849 1676 τῷ
880 1614 925 1658 δε
960 1616 997 1658 Β
1026 1613 1200 1674 μηδενί,
1233 1611 1282 1658 τὸ
1314 1616 1350 1657 Β
1369 1615 1451 1658 τινὶ
1470 1617 1533 1658 τῶ
1556 1612 1698 1673 Γουχ

281 1655 478 1733 ὑπαρξει,
519 1675 604 1736 ου’χ
633 1675 784 1734 απλως
811 1658 984 1724 οὐδενί·
1021 1680 1094 1723 καὶ
1122 1680 1158 1724 εἰ
1189 1676 1240 1724 τὸ
1273 1696 1349 1737 μεν
1375 1682 1412 1723 Α
1441 1683 1504 1743 τῷ
1533 1682 1578 1724 Γ
1601 1680 1696 1736 τινί,

232 1740 331 1788 35τό
363 1743 410 1787 δε
440 1745 478 1787 Β
507 1744 655 1799 παντί,
687 1741 833 1804 οἵσπερ
864 1745 908 1790 ἐν
935 1742 1045 1804 ἀρχῇ
1079 1743 1277 1806 ἐλήφθη,
1313 1742 1364 1790 τὸ
1396 1748 1434 1789 Α
1463 1746 1545 1790 τινὶ
1569 1749 1630 1809 τῷ
1660 1749 1698 1790 Β

280 1805 479 1868 υπάρξει.

413 1872 508 1919 'Fal
542 1875 590 1920 δε
617 1878 703 1920 τῶν
740 1875 784 1920 ἐν
819 1875 935 1933 μέρει
963 1873 1307 1935 συλλογισμῶν
1289 1872 1394 1921 όταν
1416 1893 1493 1934 μεν
1512 1874 1696 1921 ἀντικει-

281 1938 419 1997 μένως
440 1938 772 2002 ἀντιστρέφηται
788 1939 839 1986 τὸ
868 1941 1171 1999 συμπέρασμα,
1202 1939 1482 1998 ἀναιροῦνται·
1507 1940 1695 2000 ἀμφότε-

282 2022 353 2062 ραι
385 2005 428 2049 αἱ
457 2005 703 2064 προτάσεις,
733 2004 839 2051 ὅταν
872 2005 910 2051 6'
941 2007 1154 2062 ἐναντίως,
1184 2005 1403 2064 οὐδετέρα.
1439 2005 1498 2052 013
1525 2005 1606 2066 γὰρ
1637 2007 1696 2052 ἔτι

231 2085 266 2112 40
282 2071 521 2130 συμβαίνει,
553 2070 755 2131 καθάπερ
783 2072 826 2116 ἐν
854 2077 944 2128 τοῖς
969 2071 1185 2126 καθόλου,
1215 2070 1405 2130 ἀναιρεῖν
1427 2073 1696 2128 ἐλλείποντος

280 2140 365 2181 τοῦ
392 2136 755 2195 συμπεράσματος
785 2135 894 2182 κατὰ
922 2136 1005 2199 τήν
1024 2136 1328 2198 ἀντιστροφήν,
1351 2136 1443 2183 ἀλλ’
1466 2136 1563 2183 οὐδ’
1584 2135 1696 2194 ὅλως

175 2225 210 2257 p.
220 2211 265 2246 60
282 2199 487 2260 ἀναιρεῖν.
519 2203 726 2262 δεδείχθω
755 2200 838 2262 γὰρ
860 2200 910 2247 τὸ
942 2207 977 2248 Α
1005 2201 1111 2247 κατὰ
1131 2201 1246 2258 τινὸς
1266 2207 1349 2248 τοῦ
1370 2207 1419 2248 Γ.
1455 2202 1623 2249 οὐκοῦν
1643 2201 1696 2250 ‹321›

278 2270 437 2329 ληφθῇ
462 2265 511 2313 τὸ
541 2272 577 2313 Α
609 2269 760 2330 μηδενὶ
801 2272 863 2332 τῷ
900 2271 945 2313 Γ
966 2266 1198 2328 ὑπάρχειν,
1233 2266 1284 2314 τὸ
1316 2269 1362 2314 δὲ
1391 2272 1429 2314 Β
1458 2270 1553 2325 τινί,
1583 2267 1633 2314 τὸ
1657 2274 1696 2314 Α

278 2337 341 2397 τῷ
372 2337 409 2379 Β
439 2334 522 2379 τινὶ
554 2332 639 2393 οὐχ
671 2314 874 2392 υπάρξει·
903 2335 976 2379 καὶ
1005 2335 1042 2380 εἰ
1070 2333 1120 2380 τὸ
1153 2338 1189 2379 Α
1211 2335 1359 2395 μηδενὶ
1382 2338 1446 2397 τῷ
1470 2338 1529 2391 Γ,
1561 2338 1624 2398 τῷ
1647 2336 1694 2380 δε

1028 2398 1050 2415 (Ι
1101 2398 1114 2416 2

278 2380 319 2445 Β
343 2400 485 2457 παντί,
514 2398 662 2447 οὐδενὶ
688 2404 752 2464 τ9ἷ
782 2398 888 2446 Γτὸ
917 2404 966 2446 Β.
1012 2412 1101 2446 ωστ
1141 2398 1418 2460 ἀναιροῦνται
1440 2398 1693 2461 ἀμφότεραι.

369 2555 411 2588 15
432 2566 497 2595 oux
519 2551 641 2592 ἁπλῶς
658 2565 693 2586 ιι.
717 2573 758 2579 --
786 2556 826 2588 19
848 2555 888 2590 τὸ
908 2552 1021 2598 ἄκρον
1037 2553 1077 2589 τὸ
1099 2554 1248 2596 ἔσχατον
1269 2556 1305 2588 C.
1330 2574 1374 2579 —
1405 2557 1445 2589 21
1471 2558 1521 2600 τῷ
1537 2569 1558 2598 γ
1573 2556 1692 2610 vuol-9-

279 2610 356 2641 χειν
381 2599 458 2640 Cas,
482 2596 656 2651 ὑπάρχον,
667 2599 718 2642 τῷ
734 2610 810 2641 ym.
834 2619 878 2625 —
914 2598 978 2634 ἐὰν
997 2612 1028 2633 ιι.
1056 2620 1096 2625 -
1130 2600 1173 2632 29
1195 2598 1256 2642 ου’]
1276 2597 1326 2643 μὴ
1345 2611 1376 2632 ιι.
1401 2619 1446 2625 —-
1477 2590 1521 2635 3‘4
1539 2599 1693 2647 ’ὑπάρξει

278 2642 341 2676 καὶ
358 2655 424 2685 ονχ
443 2655 477 2675 ιι.
504 2660 544 2667 -
570 2643 613 2675 40
633 2639 806 2696 ἀφαιρεῖν
825 2656 858 2676 ιι.
882 2662 924 2668 --
947 2646 988 2678 41
1009 2641 1088 2679 οὐδ’
1104 2656 1159 2677 om
1175 2655 1208 2676 ιι.

368 2686 452 2720 (soal
473 2683 638 2732 ἀναιρεῖν
658 2685 726 2721 ov’n
747 2685 970 2732 ἐνδέχεται
947 2702 968 2732 η
991 2690 1139 2731 συζυγία
1155 2686 1196 2722 τὸ
1216 2699 1240 2721 α
1256 2688 1365 2723 παντι
1383 2689 1434 2734 τῷ
1449 2690 1492 2735 β,
1515 2686 1556 2725 τὸ
1579 2691 1601 2735 β
1620 2690 1692 2726 τινὶ

278 2730 331 2776 τῷ
344 2742 376 2774 y·
399 2731 577 2775 δεδείχθω
593 2743 627 2764 ιι.
653 2751 694 2757 -
718 2733 792 2767 τῶν
809 2746 830 2777 γ
845 2745 879 2767 ιι
903 2752 948 2760 -
971 2736 992 2768 3
1011 2733 1084 2769 τινὶ
1097 2732 1148 2778 τῷ
1163 2733 1186 2773 β
1204 2733 1242 2765 C.
