1838 3086
604 211 859 258 Analytica
889 211 1062 257 priora.
1516 211 1598 252 391

134 306 225 365 Ιβ’,
253 313 294 353 ἱιι
320 324 398 364 quo
425 310 630 352 conclusio
658 325 738 353 non
764 312 812 350 fit
840 310 1091 361 necessaria,
1119 311 1154 350 si
1180 309 1307 350 maior
1334 309 1506 363 simplex
1532 317 1598 353 est

133 382 176 417 et
203 377 332 416 minor
358 377 596 416 necessaria.
652 377 795 428 Neque
823 375 1043 428 syllogismi
1073 374 1107 414 ΙΙ
1133 368 1173 426 β’
1200 374 1495 415 conclusionem
1524 389 1596 416 ne-

134 442 348 481 cessariam
376 441 479 491 fieri,
507 442 540 480 si
569 441 788 493 propositio
816 440 1045 478 necessaria
1072 439 1271 488 affirmet,
1308 440 1435 479 tribus
1463 440 1596 480 modis

134 506 303 558 probat:
332 518 378 543 ac
407 506 580 557 primum
609 505 770 555 quidem
799 516 873 555 per
890 504 1193 543 conversionem
1212 504 1497 555 propositionis
1519 504 1595 543 mi-

133 569 267 618 noris,
305 569 451 608 deinde
477 582 512 607 v.
540 571 591 607 ⁶25
620 568 863 607 deductione
891 567 993 606 facta
1022 569 1072 607 ad
1108 568 1384 621 impossibile,
1422 568 1595 623 denique

134 646 192 672 vs.
215 634 266 670 31
294 645 367 684 per
394 632 683 684 expositionem
711 631 987 670 terminorum.

80 697 231 736 30b25
258 695 487 747 συμβαίνει
512 693 560 735 τὸ
590 696 659 735 Γ.
684 725 694 735 .
718 722 729 733 .
778 695 879 734 Nam
908 695 986 734 hoc
1012 695 1231 748 hypothesi
1259 700 1479 748 repugnat,
1517 709 1597 749 qun

133 761 347 800 sumsimus
376 761 412 800 A
440 760 491 799 de
518 760 627 798 nullo
657 759 689 798 C
718 760 943 811 praedicari
972 760 1156 811 quidem,
1199 773 1330 812 neque
1363 766 1498 801 tamen
1524 775 1595 801 ne-

133 826 309 865 cessario
337 824 558 877 praedicari
586 825 638 863 de
665 823 772 862 nullo
801 822 858 869 C,
888 823 992 862 uude
1019 825 1199 874 sequitur
1227 825 1346 862 etiam
1377 824 1410 863 G
1437 826 1597 877 praedi-

133 890 217 930 cari
243 889 295 928 de
311 885 431 928 'nuno
448 889 495 936 A,
523 901 655 939 neque
683 893 814 927 tamen
841 888 1070 927 necessario
1097 901 1187 928 non-
1205 888 1428 939 praedicari
1456 891 1508 929 de
1526 891 1596 930 nli-

134 967 210 1005 qua
239 957 351 1006 parte
379 953 477 991 eius.

80 1019 234 1059 30b26
259 1013 412 1070 μηδενὶ
438 1014 645 1067 ὑπάρχειν
672 1011 714 1065 ἐξ
741 1013 933 1068 ἀνάγκης
959 1016 1187 1069 ambiguum
1217 1020 1301 1055 est:
1329 1021 1466 1069 potest
1488 1017 1596 1057 enim

132 1086 175 1121 et
202 1081 253 1120 de
282 1094 330 1120 eo
360 1081 513 1132 accipi,
543 1081 651 1131 quod
680 1080 731 1119 de
759 1081 867 1119 nullo
895 1081 1151 1132 praedicatur
1179 1085 1221 1119 et
1249 1081 1478 1120 necessario
1505 1082 1595 1133 qui-

132 1145 224 1184 dem
254 1144 306 1184 de
332 1144 442 1184 nullo
460 1145 586 1195 (quod
611 1157 666 1183 vs.
688 1146 740 1182 10
768 1145 866 1184 dixit
893 1142 1046 1196 μηδενὶ
1072 1140 1353 1196 ἐνδέχεσθαι),
1382 1150 1424 1185 et
1452 1145 1503 1184 de
1531 1157 1595 1195 eo,

132 1209 240 1262 quod
269 1209 499 1249 necessario
536 1209 697 1259 quidem
736 1222 814 1247 non
852 1209 1108 1261 praedicatur
1135 1209 1187 1248 de
1215 1210 1320 1257 ullo,
1358 1210 1431 1249 sed
1458 1207 1595 1260 ὑπαρ-

130 1272 293 1326 χόντως
320 1272 382 1312 vel
411 1268 694 1326 ἐνδεχομένως
722 1274 774 1312 de
802 1273 909 1312 nullo
938 1273 999 1312 vel
1022 1273 1072 1311 de
1092 1274 1200 1312 omni
1218 1274 1280 1313 vel
1302 1274 1353 1313 de
1374 1287 1450 1313 non
1473 1274 1595 1313 omni.

130 1337 285 1377 Eadem
314 1342 377 1377 est
405 1338 665 1387 ambiguitas,
705 1338 741 1376 si
767 1338 888 1376 verbo
917 1334 1165 1390 ἐνδέχεσθαι
1192 1339 1351 1389 negatio
1380 1338 1594 1378 adiicitur:

132 1401 332 1453 significat
359 1402 463 1440 enim
490 1400 538 1441 τὸ
565 1397 773 1454 ἐνδέχεται
799 1400 952 1454 μηδενί
968 1416 1074 1448 „non
1092 1407 1226 1453 potest
1248 1402 1351 1448 fieri,
1381 1407 1427 1442 ut
1444 1402 1495 1442 de
1518 1402 1593 1441 nli-

132 1477 212 1517 quo
241 1465 517 1516 praedicetur,
545 1466 587 1505 h.
608 1479 642 1505 e.
673 1466 724 1505 de
753 1467 860 1505 nullo
890 1467 1145 1518 praedicatur
1183 1472 1223 1505 et
1251 1468 1478 1506 necessario
1506 1467 1596 1517 qui·

131 1530 223 1568 dem
264 1530 316 1568 de
343 1530 480 1568 nullo²²
507 1535 576 1568 aut
603 1530 721 1578 „fieri
750 1535 903 1582 potest,
933 1536 977 1569 ut
1004 1531 1055 1569 de
1083 1530 1191 1568 nullo
1218 1531 1503 1582 praedicetur’'
1534 1533 1593 1579 (v.

130 1594 298 1639 33a2J:
326 1605 415 1631 nam
436 1592 485 1633 τὸ
502 1591 654 1646 μηδενὶ
677 1590 926 1646 ἐνδέχεσθαι
941 1600 1007 1633 aut
1030 1599 1092 1633 est
1108 1590 1167 1644 μὴ
1185 1589 1433 1646 ἐνδέχεσθαι
1453 1593 1594 1647 ὑπάρ-

130 1670 219 1710 χειν
247 1650 454 1712 ᾡτινιοῦν
483 1663 553 1698 aut
579 1656 825 1711 ἐνδέχεσθαι
853 1657 1060 1710 ὑπάρχειν
1087 1657 1251 1710 μηδενί.
1317 1659 1445 1699 Priori
1474 1673 1595 1700 sensu

129 1723 324 1777 accipitur
362 1728 406 1762 et
431 1718 481 1762 τὸ
509 1722 661 1775 μηδενὶ
686 1722 895 1776 ὑπάρχειν
922 1720 963 1772 ἐξ
990 1722 1180 1774 ἀνάγκης
1207 1729 1250 1762 et
1275 1722 1324 1763 τὸ
1351 1721 1503 1776 μηδενὶ
1530 1720 1594 1763 ἐν·

130 1784 343 1838 δέχεσθαι,
369 1786 437 1824 ubi
470 1799 606 1825 sermo
636 1793 699 1826 est
726 1789 778 1827 de
806 1787 1146 1840 propositionibus
1174 1789 1426 1827 necessariis.
1485 1789 1594 1829 Bene

131 1851 232 1890 cavit
262 1863 311 1888 ne
339 1850 435 1900 quid
464 1851 638 1902 ambigui
664 1851 832 1891 haberet
861 1852 988 1890 oratio
1016 1853 1177 1890 302127.

77 1916 164 1955 301»
177 1917 228 1953 33
265 1911 434 1965 Ιιςούτων
462 1914 614 1954 ὄντων.
653 1915 723 1956 ,ln
757 1920 893 1959 mente
930 1915 1052 1953 hibet
1091 1907 1195 1965 quae
1233 1914 1336 1954 dixit
1370 1928 1428 1956 vs.
1445 1917 1592 1968 ,7-9,

131 1991 256 2031 quare
282 1978 371 2016 Zell
400 1984 549 2026 „unter
576 1979 655 2017 den
682 1980 964 2032 angegebenen
993 1978 1322 2031 Bedingungen'’.
1363 1979 1435 2019 VS.
1455 1983 1507 2019 37
1528 1993 1592 2033 sq.

130 2042 327 2094 explicat,
349 2035 460 2093 ⁴quid
490 2043 565 2081 sibi
603 2043 725 2082 velint
763 2044 883 2081 verba
921 2041 1090 2082 τούτων
1118 2043 1272 2082 ὄντων.
1329 2037 1456 2082 Docet
1485 2041 1591 2084 enim

130 2106 397 2146 conclusionis
437 2107 720 2145 necessitatem
758 2119 991 2158 suspensam
1021 2120 1114 2146 esse
1142 2120 1191 2146 ex
1218 2108 1491 2159 propositione
1519 2122 1590 2148 ne-

128 2174 271 2222 gante:
299 2182 388 2208 nam
407 2182 526 2221 quum
547 2171 770 2222 propositio
793 2172 845 2210 de
874 2177 958 2210 toto
986 2177 1119 2224 negat,
1148 2172 1268 2210 etiam
1294 2172 1494 2210 conclusio
1514 2186 1592 2213 nou

129 2246 280 2286 negans
309 2246 401 2272 esse
429 2246 505 2272 non
533 2235 694 2286 poterit.
732 2235 844 2284 Quae
872 2235 1033 2287 quidem
1062 2235 1296 2274 Aristotelis
1318 2237 1438 2274 verba
1458 2237 1592 2289 suspi-

131 2299 283 2337 cionem
313 2302 487 2345 movent,
516 2298 622 2348 quod
651 2298 729 2337 hoc
751 2299 840 2338 loco
861 2300 1156 2346 necessitatem,
1185 2311 1260 2349 qua
1283 2298 1489 2338 conclusio
1507 2300 1591 2339 col-

130 2362 266 2415 ligitur
301 2374 350 2400 ex
387 2362 751 2414 propositionibus,
796 2375 874 2402 non
913 2363 1010 2401 satis
1042 2362 1267 2401 distinxerit
1295 2375 1318 2400 a
1348 2365 1589 2404 necessitate

128 2426 258 2479 ipsius
286 2425 576 2464 conclusionis:
619 2426 823 2466 conclusio
865 2427 970 2465 enim
999 2440 1075 2465 non
1103 2427 1150 2464 fit
1177 2427 1429 2475 necessaria,
1470 2427 1591 2468 etiam

131 2491 166 2529 si
194 2490 423 2528 necessario
463 2490 673 2540 colligitur.
732 2490 876 2530 Verbis
902 2490 1072 2530 τούτων
1099 2491 1241 2546 ὄντων
1266 2489 1509 2541 ἀναγκαῖον
1534 2492 1591 2531 si-

128 2554 289 2607 gnificat
317 2553 357 2591 id
386 2553 493 2605 quod
523 2554 659 2594 dicere
687 2555 791 2595 solet
814 2551 855 2604 ἐξ
882 2553 1129 2602 ὑποθέσεως
1156 2554 1395 2606 ἀναγκαῖον
1418 2556 1490 2602 (de
1509 2568 1590 2608 quo

129 2631 165 2660 v.
194 2618 313 2657 Biese
340 2617 370 2656 l.
400 2631 437 2669 p.
461 2619 538 2656 129
566 2623 647 2657 not.
665 2621 728 2665 4),
757 2620 810 2659 ct'.
839 2622 1011 2659 336al5
1039 2619 1099 2659 ἔτι
1127 2618 1173 2660 δὲ
1200 2617 1291 2660 ἐπεὶ
1315 2618 1345 2673 ἦ
1371 2617 1480 2660 κατὰ
1504 2618 1585 2673 τὴν

128 2679 274 2734 φορὰν
295 2679 462 2733 κίνησις
484 2679 694 2733 δέδεικται
710 2680 776 2724 ὅτι
802 2682 955 2732 α’ΐδιος,
982 2682 1148 2736 ἀνάγκη
1174 2683 1384 2725 τούτων
1410 2685 1588 2726 ὄντων

128 2743 202 2788 καὶ
217 2744 381 2798 γένεσιν
401 2741 511 2787 εἶναι
530 2748 794 2800 συνεχῶς.’-
821 2748 894 2792 Vs.
915 2750 968 2788 34
987 2747 1149 2799 ὁμοίως
1170 2754 1234 2789 est
1260 2750 1386 2798 „item
1400 2763 1448 2789 ac
1462 2751 1584 2790 modo

127 2811 336 2850 hnbnimus
362 2813 401 2851 in
429 2813 662 2865 syllogismo
690 2813 724 2851 Il
754 2806 806 2864 β’.

76 2876 194 2914 3181
222 2873 380 2927 ὁμοίως
406 2875 445 2916 δ’
473 2873 552 2926 ἕξει
575 2907 581 2916 .
609 2908 619 2920 .
642 2908 654 2920 .
684 2877 742 2918 Ut
770 2877 994 2932 syllogismi
1021 2878 1052 2918 ll
1082 2871 1120 2919 α’
1147 2881 1190 2918 et
1215 2872 1256 2931 β’
1283 2878 1581 2919 conclusionem
