1734 3100
183 229 261 270 502
693 229 948 275 Analytica
971 228 1148 272 priora.

238 327 356 375 σαῖος
381 325 453 368 καὶ
479 324 655 377 ὲῑιιυδρός
680 323 790 366 ἐστιν
825 328 892 364 aut
924 324 1085 376 τρόπον
1119 321 1197 376 μέν
1227 337 1323 365 τινα
1348 324 1537 376 χερσαῖος
1561 323 1655 375 τρό-

236 403 320 431 πον
347 390 384 431 δ’
406 392 533 430 ἄλλον
559 388 745 439 ἔνυδρος.
799 389 977 443 Alterum
1005 388 1190 428 orationis
1212 388 1429 427 membrum
1459 388 1560 439 quod
1587 388 1656 426 ha-

238 455 332 493 bere
352 455 517 492 debebat
535 453 763 503 particulam
790 448 836 492 δέ
862 453 1016 491 omnino
1043 451 1205 491 reticuit
1230 451 1389 500 23b30,
1418 452 1484 490 ubi
1503 463 1538 489 v·
1560 463 1658 502 quae
1684 468 1687 473 Δ

237 518 415 556 diximus.
447 538 494 544 —
524 516 581 555 De
609 514 825 566 ἀντιφάσει
851 528 886 556 v,
915 527 1014 566 quae
1041 515 1211 553 diximus
1238 513 1286 552 ad
1317 515 1472 552 Har-33.

185 581 333 618 61a22
358 591 440 630 sqq.
478 579 717 626 Discrimen,
758 580 836 627 ait,
875 578 913 617 in
942 590 989 616 eo
1018 582 1078 616 est
1105 578 1208 628 quod
1234 577 1281 616 fit
1307 575 1521 623 conversio,
1550 577 1659 626 post·

238 655 350 692 quam
379 642 507 681 factus
528 647 591 681 est
612 643 858 694 syllogismus
879 654 929 680 ex
948 640 1278 693 propositionibus
1298 639 1507 686 concessis,
1535 637 1658 680 dedu-

236 705 313 742 ctio
341 704 388 742 ad
417 705 626 744 absurdum
654 718 729 744 non
755 706 849 743 item
879 717 926 743 ex
954 703 1207 742 concessione
1244 703 1439 754 oppositi,
1479 706 1524 740 ut
1560 712 1659 751 quae

236 779 285 805 ex
312 767 469 806 alterius
498 768 657 807 arbitrio
685 769 874 819 pendeat,
909 768 978 805 sed
1007 769 1134 804 sumto
1163 766 1344 816 opposito
1369 769 1508 815 utpote
1534 763 1660 802 mani-

235 828 354 869 festo.
391 831 607 870 Obscurius
627 832 724 869 haec
744 832 846 869 dicta
867 835 976 868 sunt:
1005 841 1145 867 sensus
1167 828 1232 865 hic
1252 832 1326 866 est.
1374 827 1547 866 Primum
1569 837 1660 865 con-

237 893 366 932 versio
394 907 416 931 a
443 894 675 932 deductione
702 894 755 932 ita
783 892 937 946 differt,
974 896 1018 930 ut
1055 891 1118 929 illa
1147 890 1245 929 binis
1274 890 1510 942 syllogismis
1538 889 1660 927 conti-

237 961 394 1004 neatur,
422 957 521 994 haec
547 969 646 994 uno:
685 955 828 994 deinde
854 954 893 992 in
920 954 1194 1001 conversione,
1223 953 1367 1004 quippe
1395 965 1494 1003 quae
1521 952 1662 1003 probet

236 1018 398 1057 alteram
425 1019 730 1070 propositionem
767 1017 904 1055 falsam
943 1030 1055 1066 csse,
1098 1017 1182 1055 dari
1219 1016 1339 1055 debet
1366 1016 1468 1066 quod
1498 1015 1662 1053 conclu-

239 1081 336 1120 sioni
364 1086 577 1132 repugnat,
615 1082 655 1119 in
692 1081 926 1119 deductione
953 1092 1046 1118 vero
1075 1079 1327 1118 concessione
1356 1090 1454 1129 opus
1481 1090 1559 1116 non
1586 1080 1661 1126 est,

241 1144 310 1182 sed
339 1145 373 1182 si
400 1156 476 1182 non
504 1145 621 1183 datur
648 1143 858 1192 conclusio,
895 1142 1061 1181 sumitur
1095 1147 1139 1181 ut
1165 1142 1411 1181 manifestum
1440 1140 1543 1192 quod
1571 1152 1661 1179 con-

241 1207 404 1247 clusioni
430 1211 622 1258 repugnat
657 1211 715 1253 (v.
742 1200 1026 1252 622113-172:
1065 1218 1154 1244 nam
1193 1205 1258 1255 qui
1294 1208 1409 1256 negat
1446 1203 1662 1242 conclusio-

240 1283 353 1319 nem,
390 1271 438 1308 ab
474 1282 520 1308 eo
557 1282 632 1308 non
660 1270 831 1321 petimus
859 1273 904 1308 ut
929 1269 1119 1307 concedat
1146 1268 1250 1318 quod
1278 1266 1517 1306 conclusioni
1543 1278 1661 1317 repu-

239 1338 355 1384 gnet,
393 1333 464 1371 sed
491 1333 567 1371 hoc
594 1334 668 1386 iam
697 1332 886 1372 sumimus
915 1331 1014 1383 ipsi,
1058 1331 1203 1382 quippe
1232 1330 1336 1381 quod
1373 1328 1583 1367 manifesto
1611 1330 1664 1368 sit

239 1397 281 1436 id
309 1397 412 1447 quod
439 1395 506 1434 ille
534 1409 666 1434 verum
694 1409 783 1434 esse
811 1395 1030 1434 contendat.
1084 1394 1172 1432 Hoc
1193 1393 1350 1444 quidem
1373 1397 1434 1431 est
1452 1392 1663 1431 discrimen

242 1459 346 1510 quod
374 1459 610 1498 Aristoteles
637 1461 792 1506 statuit,
822 1459 891 1496 sed
920 1458 1022 1509 quod
1051 1457 1260 1495 maximum
1289 1460 1351 1493 est
1375 1455 1533 1493 videtur
1550 1467 1663 1506 prae-

242 1521 480 1570 termisisse,
519 1523 565 1559 ut
591 1521 693 1571 quod
722 1533 835 1558 nemo
862 1532 937 1558 non
965 1520 1115 1558 videat:
1153 1530 1320 1567 namque
1348 1522 1409 1556 est
1435 1517 1535 1567 hoc,
1561 1517 1663 1566 quod

240 1597 314 1636 per
340 1583 629 1622 conversionem
657 1583 847 1621 evertitur
873 1581 994 1619 altera
1021 1581 1234 1632 propositio
1262 1592 1469 1627 concessa,
1496 1592 1568 1631 per
1595 1581 1665 1618 de-

242 1647 466 1686 ductionem
494 1647 768 1695 comprobatur
795 1643 992 1681 conclusio
1021 1656 1119 1697 quae
1147 1643 1220 1681 iam
1248 1642 1352 1680 facta
1379 1647 1462 1681 est:
1504 1654 1664 1682 conver-

241 1709 300 1747 sio
329 1708 508 1747 consistit
533 1708 573 1746 in
609 1707 875 1758 propositione
911 1705 1144 1752 evertenda,
1182 1705 1364 1743 deductio
1397 1705 1547 1755 longius
1572 1718 1665 1757 pro-

241 1772 435 1822 greditur,
464 1771 512 1809 ad
536 1769 823 1809 conclusionem
850 1769 1101 1820 probandam.

189 1836 337 1873 61a30
362 1833 525 1872 Rectius
554 1834 778 1883 scripsisset
804 1829 830 1882 ἢ
856 1829 912 1883 μὴ
937 1828 1065 1870 παντὶ
1090 1829 1117 1882 ἢ
1143 1828 1302 1883 μηδενί,
1329 1835 1374 1869 ut
1401 1843 1501 1881 qnae
1527 1830 1575 1869 iis
1602 1843 1665 1869 re-

242 1898 479 1948 sponderent
506 1909 604 1947 quae
630 1896 834 1934 habuimus
853 1907 908 1932 vs.
930 1897 1004 1933 28:
1033 1895 1280 1945 syllogismus
1308 1894 1410 1932 enim
1437 1893 1482 1930 fit
1509 1898 1575 1932 aut
1602 1906 1666 1932 se-

242 1960 368 1999 cundo
396 1963 462 1997 aut
488 1963 625 2009 quarto
656 1959 772 1996 modo
801 1958 996 1996 secundae
1031 1958 1203 2007 figurae3
1240 1959 1280 1994 et
1307 1955 1480 1993 secundo
1508 1955 1664 2006 quidem

242 2035 314 2074 per
340 2022 551 2061 absurdum
579 2022 870 2060 demonstratur
896 2020 937 2058 A
962 2019 1180 2070 praedicari
1207 2019 1258 2057 de
1284 2018 1412 2068 aliquo
1440 2017 1499 2064 B,
1527 2023 1665 2068 quarto

244 2086 285 2124 A
300 2085 519 2137 praedicari
545 2085 596 2123 de
620 2084 724 2122 omni
748 2083 806 2122 B:
837 2083 1050 2121 secundum
1070 2082 1201 2133 igitur,
1230 2094 1349 2131 quum
1368 2081 1409 2119 in
1427 2080 1512 2118 solo
1528 2085 1666 2130 quarto

245 2149 448 2199 colligatur
474 2148 578 2198 quod
604 2146 800 2195 volumus,
840 2145 989 2184 addidit
1016 2145 1187 2195 exempli
1213 2156 1351 2182 causa:
1388 2156 1474 2182 nam
1503 2143 1569 2193 qui
1597 2156 1665 2182 ne-

243 2217 309 2264 gat
335 2211 620 2250 conclusionem
650 2211 690 2249 A
722 2209 939 2261 praedicari
977 2208 1027 2246 de
1063 2208 1167 2246 omni
1195 2207 1231 2246 Β
1255 2212 1382 2245 sumat
1416 2218 1580 2245 necesse
1607 2210 1668 2244 est

244 2276 285 2314 A
310 2274 529 2326 praedicari
555 2286 631 2312 non
659 2273 709 2311 de
737 2273 841 2311 omni
864 2272 913 2318 B,
940 2271 978 2309 h.
1007 2284 1040 2310 e.
1070 2275 1136 2309 aut
1164 2283 1239 2309 non
1267 2270 1341 2308 nisi
1369 2269 1418 2307 de
1446 2269 1575 2319 aliquo
1598 2272 1666 2307 aut

244 2339 294 2377 de
323 2337 448 2385 nullo,
480 2350 711 2387 quamquam
739 2340 867 2374 utrum
897 2334 1127 2373 sumendum
1157 2335 1208 2372 sit
1235 2334 1272 2372 in
1299 2333 1450 2371 incerto
1477 2331 1666 2382 relinqui-

244 2405 321 2441 tur.
343 2422 393 2428 -
420 2400 475 2438 Ut
501 2399 653 2437 facilius
681 2399 942 2450 intelligantur
970 2410 1071 2447 quae
1094 2401 1321 2448 sequuntur,
1349 2395 1518 2433 breviter
1546 2405 1666 2444 expo-

244 2476 379 2502 namus
405 2464 505 2501 viam
534 2468 575 2500 et
602 2463 808 2507 rationem,
836 2474 911 2512 qua
925 2460 1157 2499 Aristoteles
1186 2472 1279 2498 usus
1300 2463 1360 2496 est
1374 2469 1486 2507 capp.
1512 2458 1666 2494 11—13

246 2526 285 2564 in
313 2527 540 2578 explicanda
563 2525 797 2563 deductione
818 2524 867 2562 ad
900 2524 1124 2562 absurdum.
1180 2522 1306 2571 Quum
1334 2521 1373 2559 iu
1400 2519 1666 2572 propositione

247 2602 345 2639 quae
380 2589 581 2639 probanda
621 2591 684 2626 est
722 2601 794 2640 per
832 2586 1106 2625 deductionem
1145 2588 1213 2624 aut
1253 2584 1416 2622 alterum
1453 2583 1504 2620 de
1542 2582 1666 2621 altero

247 2652 426 2690 universo
453 2651 700 2703 praedicetur
727 2655 794 2690 aut
819 2654 997 2701 negetur,
1025 2653 1093 2688 aut
1119 2649 1170 2688 de
1195 2651 1307 2699 parte
1333 2645 1581 2698 praedicetur
1599 2650 1668 2683 aut

248 2718 432 2765 negetur,
459 2715 613 2766 profert
640 2715 811 2765 singulas
837 2713 1125 2765 propositiones
1152 2723 1251 2762 quae
1277 2709 1318 2749 in
1345 2708 1504 2760 singulis
1530 2707 1666 2759 figuris

251 2776 575 2818 demonstrandae
602 2780 704 2818 sunt.
768 2776 892 2816 Sumit
928 2779 995 2815 aut
1029 2774 1132 2828 quod
1170 2773 1219 2813 iis
1245 2775 1434 2825 repugnat
1460 2774 1526 2811 aut
1562 2769 1666 2820 quod
