1780 3100
209 230 288 270 374
730 230 979 275 Analytica
1003 231 1174 275 priora.

264 329 351 368 801»
361 329 413 367 25
425 327 641 379 propositio
663 327 805 367 dicitur
820 326 1183 378 ἀντιστρέφεσθαι,
1211 340 1312 378 quae
1333 327 1394 365 vel
1415 340 1462 366 ex
1476 328 1697 369 affirmante

262 390 369 430 facta
397 395 459 429 est
486 403 631 440 negans
659 390 720 428 vel
746 404 767 428 e
785 396 951 441 negante
974 392 1174 430 affirmans
1193 403 1268 428 non
1285 392 1484 428 conversis
1504 392 1696 438 terminis,

266 452 318 492 cf.
347 454 505 491 321143.
556 453 681 490 Etiam
711 466 798 492 eam
825 456 1134 505 propositionem
1164 454 1241 491 dici
1269 446 1570 504 ἀντιστρέφειν,
1599 466 1698 504 quae

264 529 340 554 non
369 516 443 553 nisi
471 528 542 566 per
569 517 751 553 accidens
781 518 1049 563 convertitur,
1086 522 1127 555 ut
1155 517 1289 555 dicunt
1316 517 1697 567 scholasticipliilo-

266 579 382 628 sophi
417 598 470 605 —
508 590 622 627 quam
651 579 806 628 quidem
836 580 1130 618 conversionem
1159 580 1374 630 Appuleius
1402 579 1440 616 in
1469 584 1601 617 mente
1627 578 1698 616 ha-

265 641 335 679 bet
363 641 427 679 ubi
456 641 553 678 dicit
579 642 676 685 (642
698 642 759 680 ed.
784 643 913 688 Flor.)
952 642 1146 692 „simplex
1184 643 1387 679 conversio
1415 643 1452 680 in
1481 641 1698 679 conclusio-

266 715 359 741 num
390 703 625 740 illationibus
653 703 813 742 reflexio
832 704 1344 748 nominatur’'(veriinderte
1359 704 1697 752 Umkelirnng)—

266 778 290 803 e
316 770 452 803 nostro
481 765 568 803 loco
596 766 684 816 ipso
721 767 908 818 colligere
947 767 1038 805 licet
1066 769 1115 804 25
1129 768 1207 812 a83
1245 762 1351 804 idem
1387 766 1472 804 fere
1508 766 1699 815 significat

269 825 569 878 μετατίθεσθαι
597 830 750 867 511124.
790 829 915 867 Alium
946 841 1118 875 sensum,
1148 841 1262 877 quem
1293 828 1461 866 habeant
1489 826 1697 876 ἀντιστρέ-

267 902 365 941 φειν
388 896 430 929 et
457 889 738 941 μετατιθέναι,
765 891 929 940 exponit
954 891 1084 929 59b1.
1122 891 1209 928 Non
1238 890 1289 928 de
1317 890 1573 928 terminorum
1605 903 1698 929 con-
1726 886 1731 888 ’

265 954 449 991 versione
477 955 727 1003 cogitandum
757 959 818 991 est
843 955 989 991 641111
1018 958 1057 991 et
1073 955 1146 991 40:
1175 966 1262 991 nam
1287 949 1636 1003 ἀντιστρέφεσθαι
1659 957 1699 992 et

265 1013 534 1064 ἀντιστρέψαι
561 1012 629 1054 ἐπὶ
655 1015 741 1054 τῶν
769 1010 884 1066 ὅρων
910 1016 949 1054 in
983 1016 1045 1053 his
1073 1016 1296 1066 significant
1325 1016 1374 1054 de
1410 1017 1530 1067 priori
1562 1017 1697 1054 termi-

265 1090 316 1116 no
344 1079 552 1117 dicendum
582 1091 671 1117 esse
700 1079 802 1128 quod
832 1083 944 1116 antea
974 1078 1024 1116 de
1052 1078 1201 1126 altero,
1230 1079 1280 1116 de
1299 1079 1421 1116 altero
1445 1083 1574 1117 autem
1595 1080 1698 1129 quod

264 1144 379 1178 antea
408 1141 458 1178 de
487 1141 631 1191 priori,
668 1141 719 1180 cf.
753 1143 910 1181 14a30.
965 1138 1248 1190 ἀντίστροφον
1284 1141 1423 1179 dicitur
1458 1142 1560 1190 quod
1599 1142 1697 1178 alius

263 1203 323 1241 rei
350 1204 461 1253 quasi
491 1209 620 1252 partes
649 1204 731 1254 agit
749 1217 913 1253 eamque
933 1209 1215 1253 repraesentat,
1243 1216 1280 1240 v.
1301 1204 1486 1241 1292117.
1527 1205 1697 1241 661327

265 1262 313 1304 ἐν
351 1263 428 1315 μὲν
456 1260 535 1304 οὖν
561 1265 728 1312 τούτοις
753 1267 841 1312 τοῖς
879 1264 998 1316 ζῴοις
1023 1264 1051 1317 ἡ
1077 1266 1238 1316 γλῶττα
1266 1264 1438 1316 τοιαύτη
1464 1263 1542 1316 τὴν
1568 1264 1699 1314 φύσιν

267 1326 401 1378 ἐστίν,
442 1326 580 1378 ὥσπερ
610 1328 900 1379 ἀντιστρόφως
928 1327 1080 1379 ἔχουσα
1119 1330 1179 1383 τῷ
1205 1330 1386 1381 μυκτῆρι
1422 1329 1481 1382 τῷ
1506 1328 1592 1367 τῶν
1616 1325 1698 1367 ἐλε-

265 1391 462 1441 φάντων;
490 1393 528 1430 in
556 1393 619 1430 his
649 1394 768 1444 igitur
795 1391 1084 1443 ἀντιστρόφως
1112 1393 1215 1430 idem
1245 1396 1307 1430 est
1334 1392 1436 1442 quod
1465 1390 1697 1442 ἀνάλογονε

266 1453 548 1505 ἀντίστροφος
576 1457 692 1493 etiam
722 1457 869 1494 dicitur
897 1469 960 1494 res
989 1456 1181 1493 contraria
1208 1455 1333 1503 alteri,
1363 1467 1474 1504 quam
1506 1459 1700 1503 potestate

268 1519 510 1567 aequiparat,
553 1519 730 1555 7431128
767 1515 814 1556 τὸ
853 1517 1021 1568 ψυχρὸν
1049 1516 1295 1566 συνίστησιν
1338 1516 1623 1568 ἀντίστροφον
1647 1520 1699 1568 τῇ

266 1579 493 1630 θερμότητι
520 1584 572 1631 τῇ
601 1578 694 1629 περὶ
723 1578 800 1631 τὴν
827 1581 1008 1630 καρδίαν
1034 1579 1109 1619 τὸν
1136 1578 1382 1630 ἐγκέφαλον.

213 1645 358 1681 251117
386 1639 433 1681 τὸ
462 1641 543 1694 γὰρ
573 1644 615 1682 Γ
648 1643 734 1681 τῶν
764 1644 799 1682 Β
836 1643 875 1682 τί
903 1640 1026 1681 ἐστιν.
1082 1643 1299 1682 Obscurius
1338 1644 1414 1681 hoc
1449 1642 1570 1680 dixit:
1610 1654 1699 1680 nam

267 1705 614 1744 demonstrandum
644 1713 706 1744 est
733 1707 764 1744 B
794 1707 843 1744 de
871 1706 976 1743 nullo
1006 1707 1038 1744 A
1066 1706 1284 1756 praedicari
1312 1718 1443 1756 posse,
1471 1706 1504 1742 si
1526 1705 1557 1742 A
1586 1717 1698 1754 prae-

266 1768 420 1806 dicetur
447 1769 498 1806 de
525 1769 632 1807 nullo
661 1769 705 1807 B.
760 1769 803 1807 Si
832 1771 931 1806 enim
962 1769 992 1805 Β
1021 1769 1071 1806 de
1098 1769 1226 1818 aliquo
1257 1769 1309 1814 A,
1339 1781 1422 1805 eam
1452 1772 1603 1818 partem
1629 1779 1700 1804 no·-

264 1831 381 1869 tionis
410 1832 456 1877 A,
485 1832 535 1869 de
563 1845 638 1882 qua
667 1833 915 1883 praedicatur
943 1832 999 1880 B,
1027 1832 1270 1881 appellemus
1300 1831 1344 1869 C.
1370 1846 1374 1849 ’
1400 1830 1480 1868 Iam
1509 1830 1700 1869 habemus

265 1893 363 1932 duas
393 1895 696 1944 propositiones,
725 1895 887 1933 unamC
916 1896 1022 1933 estA
1040 1894 1092 1938 (C
1121 1895 1223 1931 enim
1252 1907 1341 1943 pars
1371 1892 1621 1931 est-notionis
1634 1893 1698 1940 A),

266 1955 427 1994 alteram
458 1956 490 1993 C
519 1963 581 1994 est
610 1958 653 1994 B.
710 1958 743 1996 A
768 1959 944 2008 igiturvet
968 1958 997 1994 B
1027 1960 1139 1993 unam
1170 1960 1320 2006 partem
1349 1957 1495 1993 habent
1524 1967 1700 1992 commu-

264 2031 369 2065 nem,
398 2031 483 2056 eam
504 2019 626 2059 intell.
652 2033 754 2069 quae
781 2018 998 2065 vocaturC,
1026 2019 1066 2058 h.
1087 2031 1120 2056 e.
1146 2019 1177 2056 A
1200 2023 1241 2056 et
1259 2019 1288 2055 B
1308 2018 1540 2055 conveniunt
1560 2018 1598 2054 in
1618 2021 1699 2054 ter-

265 2081 371 2119 mino
401 2080 446 2119 C.
502 2080 649 2120 Verum
677 2083 795 2132 igitur
823 2082 899 2119 erit
927 2082 1060 2119 dicere
1091 2085 1132 2118 et
1160 2081 1318 2131 aliquod
1347 2081 1379 2118 A
1398 2079 1539 2125 (intell.
1558 2079 1608 2124 C)
1640 2082 1702 2116 est
1763 2119 1765 2121 ,

265 2143 312 2191 B,
340 2143 444 2194 quod
474 2156 576 2181 nunc
603 2145 968 2195 praetermittimus,
999 2149 1039 2181 et
1067 2144 1222 2193 aliquod
1254 2144 1283 2180 B
1315 2143 1458 2188 (intell.
1486 2141 1536 2187 C)
1566 2145 1627 2178 est
1653 2141 1700 2188 A,

264 2207 371 2258 quod
398 2206 616 2256 hypothesi
643 2212 856 2259 repugnat,
894 2219 994 2256 quae
1021 2206 1094 2243 fuit
1125 2206 1270 2244 nullum
1300 2207 1330 2244 B
1361 2211 1421 2243 est
1448 2206 1494 2244 A.
1550 2204 1700 2242 Aristo-

262 2269 365 2306 teles
393 2269 469 2306 hoc
497 2281 572 2307 non
602 2274 679 2307 tam
710 2270 1013 2315 demonstravit,
1051 2281 1165 2318 quam
1205 2269 1400 2318 quomodo
1441 2266 1701 2306 demonstrari

263 2326 395 2382 possit
422 2331 568 2379 innuit3
596 2339 695 2382 quae
724 2333 882 2382 quidem
912 2333 1190 2370 demonstratio
1220 2332 1304 2369 fieri
1334 2332 1452 2369 debet
1481 2343 1551 2380 per
1579 2326 1701 2367 ἔκθε-

264 2402 333 2433 σιν
363 2398 416 2439 (ν.
441 2407 542 2443 quae
564 2396 740 2433 dicemus
772 2396 820 2433 ad
850 2397 932 2434 261,
945 2399 1011 2442 U:
1049 2395 1151 2432 haud
1182 2398 1330 2432 temere
1361 2395 1462 2431 enim
1492 2392 1637 2430 adiecit
1662 2389 1702 2431 τὶ

264 2470 322 2496 vs.
347 2459 410 2506 17,
440 2470 518 2507 quo
548 2457 790 2507 significaret
826 2471 901 2496 non
941 2459 990 2496 de
1019 2457 1220 2495 indefinita
1249 2457 1410 2507 quadam
1442 2461 1552 2505 parte
1581 2467 1700 2505 gene-

265 2521 322 2559 ris
351 2521 387 2559 A
416 2533 639 2558 sermonem
669 2533 780 2566 esse,
810 2521 879 2558 sed
910 2521 959 2558 de
988 2518 1172 2570 ἀτόμοις.
1229 2519 1381 2557 Eodem
1410 2531 1526 2555 sensu
1556 2520 1701 2554 282124

265 2579 306 2622 τὶ
332 2582 418 2621 τῶν
444 2583 489 2622 Σ
512 2583 660 2621 dictum
690 2587 761 2620 est.
798 2582 1182 2629 Demonstrationem
1210 2583 1335 2633 ipsam
1357 2582 1622 2632 exposuimuS,
1652 2594 1701 2618 ne

265 2647 351 2696 quis
381 2647 455 2686 loci
484 2646 723 2685 obscuritate
762 2645 944 2684 inductus
971 2634 1166 2697 'opinetur
1200 2644 1492 2683 conversionem
1522 2644 1701 2694 proposi-

263 2709 384 2747 tionis
424 2709 606 2747 universe
644 2709 822 2758 negantis
864 2710 1024 2759 probari
1061 2703 1248 2748 conversa
1286 2707 1555 2758 propositione
1591 2706 1700 2745 affir-

264 2775 394 2811 mante
433 2771 484 2811 de
511 2776 625 2823 parte
665 2771 807 2817 (schol.
839 2773 1050 2822 149a35j,
1090 2771 1194 2822 quod
1226 2770 1393 2809 circulus
1423 2774 1539 2817 esset
1564 2770 1604 2809 in
1628 2769 1698 2808 de-
