1794 3086
583 176 836 222 Analyticn
867 176 1041 221 priora.
1499 174 1580 215 Μ

116 277 227 319 nullo
263 276 519 330 praedicetur
546 277 588 316 A
597 292 607 316 :
649 277 728 317 hoc
756 288 855 315 vero
882 287 960 315 non
988 279 1053 314 est
1079 273 1377 322 demonstrare,
1405 274 1478 314 sed
1511 288 1579 315 su-

114 355 228 382 mere
257 342 363 393 quod
390 342 654 381 demonstrari
673 341 834 387 debeat,
863 340 1048 390 quoniam
1068 338 1111 378 id
1138 338 1191 377 de
1221 350 1300 389 quo
1320 337 1429 377 nullo
1458 352 1576 390 prae-

117 408 276 446 dicatur
300 406 343 445 A
372 406 471 444 nihil
499 405 606 444 aliud
634 410 696 444 est
724 417 842 456 quam
871 404 929 443 P:
969 403 1185 443 discrimen
1219 405 1331 442 certe
1359 414 1438 441 uon
1466 402 1506 442 in
1534 416 1579 442 re

116 474 194 519 est,
223 469 294 510 sed
323 470 364 509 in
392 470 537 509 verbis.

64 534 184 573 581³!
217 533 390 573 Codices
419 534 612 585 praebent
639 530 728 580 διό,
769 544 840 571 nos
871 530 1106 581 scripsimus
1147 528 1202 570 δι’
1223 527 1272 580 ὅ,
1300 528 1406 580 quod
1436 542 1577 569 sensus

116 603 256 650 aperte
274 598 475 649 postulat:
504 609 592 634 nam
619 597 796 647 ineptum
820 600 942 643 esset,
964 595 997 633 si
1019 595 1260 634 Aristoteles
1281 594 1435 633 diceret
1450 594 1579 644 „Pro-

116 662 265 714 positio
292 660 527 700 universalis
556 660 823 698 demonstrari
850 659 1011 708 nequit,
1041 659 1134 709 quia
1161 659 1240 697 iam
1269 663 1383 697 antea
1411 658 1489 697 hoc
1517 658 1580 698 di-

113 724 286 774 ximus'’,
314 724 395 762 imo
432 722 729 773 „demonstrari
757 723 895 774 nequit
924 725 974 762 ob
1004 736 1092 761 eam
1123 735 1281 761 causam
1311 735 1428 772 quam
1458 736 1581 774 supra

117 787 426 828 indicavimus’':
462 800 496 827 v.
525 800 583 825 vs.
614 789 666 827 29
704 784 776 827 διὰ
803 785 883 839 τὴν
909 783 1047 839 αὐτὴν
1074 784 1216 826 αἰτίαν
1242 784 1378 839 ἥνπερ
1406 784 1581 838 εἴπομεν

114 850 188 893 καὶ
213 851 438 904 πρότερον.
489 850 562 889 Iul.
591 851 736 890 Pacius
771 856 884 891 recte
921 852 1043 891 vertit
1071 852 1150 900 „ob
1179 851 1222 890 id
1251 847 1410 903 quod’',
1447 864 1580 902 neque

115 922 250 956 tamen
287 916 465 957 correxit
502 913 556 955 δι’
587 913 634 966 ὅ,
664 917 770 967 quod
802 916 891 954 iure
920 915 1148 954 emendavit
1177 915 1319 954 Buhle.
1376 915 1488 954 Idem
1517 920 1582 954 est

114 982 267 1020 9381st
296 980 326 1034 ἦ
353 978 399 1020 δὲ
428 977 536 1032 αὐτὴ
574 979 687 1020 αἰτία
716 977 789 1019 καὶ
816 978 872 1020 δι’
902 977 927 1020 ὅ
953 992 994 1019 τι
1019 978 1072 1020 τὰ
1100 977 1236 1031 ἑλώδη
1263 980 1343 1019 τοῦ
1371 979 1580 1031 χειμῶνος

114 1045 283 1098 ψυχρά,
312 1047 378 1086 ubi
406 1044 536 1091 διότι,
565 1045 673 1095 quod
701 1045 801 1083 Bkk.
829 1044 942 1083 dedit
969 1057 993 1083 e
1022 1045 1165 1092 codd.,
1192 1044 1294 1084 ferri
1322 1045 1385 1083 vix
1413 1045 1578 1096 poterit.

116 1109 184 1150 Sic
210 1111 331 1150 etiam
365 1111 515 1149 95429
543 1109 797 1149 scribendum
836 1109 914 1148 erit
946 1106 1000 1148 δι’
1029 1105 1054 1148 ὅ
1079 1122 1121 1149 τι
1149 1106 1196 1149 δὲ
1224 1105 1326 1148 οὐδὲ
1354 1107 1512 1156 πάντες
1538 1106 1583 1149 οἱ

114 1171 413 1226 μελαγχολικοὶ
439 1170 616 1226 σκληροὶ
637 1202 647 1211 .
674 1203 684 1214 .
711 1201 721 1211 .
743 1173 872 1219 ἄλλος
897 1171 1048 1225 Myos:
1065 1187 1168 1226 ‘nam
1199 1173 1291 1212 loco
1317 1173 1433 1212 valde
1461 1173 1581 1212 simili

115 1239 294 1278 854b19
321 1238 469 1278 dicitur
496 1236 521 1278 ὁ
550 1235 680 1284 αὐτὸς
707 1234 754 1277 δὲ
779 1236 909 1288 λόγος
934 1235 1008 1278 καὶ
1034 1235 1106 1278 διὰ
1133 1236 1173 1277 τί
1199 1236 1248 1277 τὸ
1276 1233 1344 1276 ἐπὶ
1358 1238 1435 1291 τῆς
1451 1238 1578 1278 πλευ-

116 1304 194 1354 ρᾶς
232 1301 473 1356 φερόμενον
508 1298 664 1342 ἐλάττω
703 1300 930 1354 διέρχεται;
969 1316 1094 1354 quare
1128 1302 1386 1341 scribendum
1420 1302 1580 1342 videtur

115 1365 171 1407 δι’
200 1364 225 1407 ὅ
251 1379 306 1416 τι,
335 1368 370 1406 si
394 1368 669 1419 interrogetur
696 1364 767 1407 διὰ
795 1365 855 1413 τίς
886 1380 978 1406 cur
1005 1367 1154 1418 aliquid
1180 1367 1273 1415 fiat,
1300 1365 1410 1406 διότι
1437 1370 1580 1419 (quo-

115 1433 282 1482 niam),
311 1433 345 1471 si
372 1443 491 1471 causa
509 1430 573 1470 vel
594 1431 696 1470 ratio
713 1432 918 1479 afferatur,
948 1431 998 1470 ob
1022 1444 1142 1482 quam
1165 1430 1315 1482 aliquid
1335 1430 1488 1469 factum
1510 1431 1578 1470 sit.

114 1496 231 1545 Quod
257 1497 291 1534 si
309 1508 449 1535 verum
473 1499 548 1542 est,
578 1496 760 1533 &49:221
788 1496 999 1547 legendum
1028 1495 1107 1534 erit
1134 1492 1191 1534 δι’
1220 1491 1244 1533 ὅ
1271 1507 1313 1533 τι
1339 1491 1387 1534 δὲ
1412 1491 1466 1534 τὰ
1493 1491 1573 1545 μὲν

112 1558 238 1613 μείζω
261 1557 368 1611 ζυγὰ
385 1557 661 1610 ἀκριβέστερα
688 1555 776 1598 ἐστι
801 1559 889 1599 τῶν
917 1555 1157 1599 ἐλαττόνων
1185 1557 1378 1610 φανερὸν
1405 1556 1452 1599 ἐκ
1478 1556 1576 1598 τού-

111 1637 212 1664 των.
241 1626 389 1664 '152229
414 1621 470 1663 δι’
500 1617 526 1662 ὅ
552 1635 594 1662 τι
618 1620 699 1674 μὲν
726 1617 809 1663 οὖν
834 1621 888 1663 τὰ
914 1620 994 1674 μὲν
1020 1622 1242 1675 μονόχροα
1269 1621 1321 1663 τὰ
1349 1621 1398 1663 δὲ
1425 1622 1576 1676 δίχροα
1620 1621 1622 1623 ’

111 1688 200 1729 τῶν
234 1685 333 1740 ᾠῶν
372 1685 547 1738 εἴρηται.
603 1687 715 1726 Idem
744 1692 807 1726 est
835 1687 887 1726 de
915 1688 1015 1727 coel.
1044 1688 1156 1727 2701)
1167 1690 1204 1738 1,
1232 1690 1286 1728 26
1314 1692 1357 1727 et
1384 1690 1575 1737 136836,

115 1754 184 1793 ubi
211 1753 310 1793 Bkk.
338 1752 451 1791 dedit
478 1750 534 1791 δι’
563 1745 642 1801 ὅτι,
669 1764 905 1802 quamquam
925 1753 1040 1790 7441)
1056 1754 1106 1789 10
1132 1757 1243 1790 recte
1266 1752 1389 1790 habet
1410 1750 1466 1791 δι’
1486 1746 1579 1793 ὅτι.

117 1817 321 1856 interdum
354 1817 474 1856 etiam
505 1814 614 1856 διότι
654 1815 749 1854 nihil
783 1815 893 1854 aliud
922 1815 1120 1866 significat
1155 1828 1271 1866 quam
1309 1815 1481 1868 simplex
1513 1811 1579 1857 ὅτι

117 1881 281 1933 (quod),
310 1881 428 1920 cuius
449 1882 509 1920 rei
533 1881 612 1919 duo
634 1878 818 1931 exempla
839 1878 1024 1918 dedimus
1040 1879 1090 1918 ad
1106 1880 1275 1917 16216:
1304 1879 1579 1931 frequentiora

115 1951 207 1984 sunt
223 1945 264 1983 in
275 1943 467 1995 Topicis:
490 1945 600 1984 1101)
611 1945 651 1995 2,
671 1944 857 1993 122a23‚
876 1944 988 1983 1281)
1000 1945 1066 1991 32,
1086 1943 1200 1982 134b
1216 1944 1356 1993 10,13‚
1383 1945 1496 1985 1541)
1508 1947 1576 1995 28,

116 2011 280 2057 155a3,
310 2009 499 2047 1601131.

60 2073 185 2113 58b8
206 2086 267 2124 sq.
296 2071 463 2112 Reiecta
489 2071 664 2111 lectione
690 2070 855 2122 vulgari,
884 2083 1003 2121 quam
1031 2069 1152 2109 etiam
1171 2070 1292 2110 Biese
1318 2071 1504 2123 probavit
1519 2075 1576 2119 (v-

114 2137 146 2176 Ι.
176 2150 216 2190 p.
238 2137 317 2174 192
343 2140 473 2184 not-J,
511 2136 724 2188 pristiam
750 2135 1001 2174 restituimus
1029 2147 1079 2174 ex
1108 2134 1268 2186 optimis
1298 2135 1504 2175 codicibus
1532 2142 1576 2176 et

115 2212 166 2240 ex
203 2201 302 2252 intp.
330 2200 418 2239 cod.
449 2200 592 2239 Goth:
630 2212 721 2240 nam
749 2199 844 2238 satis
874 2198 1134 2238 manifestum
1163 2203 1228 2238 est
1254 2198 1296 2237 id
1324 2199 1431 2250 quod
1458 2200 1577 2252 vulgo

115 2265 322 2316 legebatur
349 2264 398 2303 ab
426 2264 474 2302 iis
501 2263 728 2315 profectum
757 2276 847 2302 esse
875 2263 943 2315 qui
969 2262 1294 2314 Theophrastum
1324 2263 1453 2303 secuti
1481 2265 1575 2305 sint.

115 2328 318 2381 Interpres
352 2340 573 2378 anonymus
601 2327 750 2374 (schol.
778 2328 978 2373 1891143)
1007 2327 1126 2366 docet
1154 2327 1408 2379 syllogismos
1436 2328 1575 2378 quales

116 2397 158 2432 et
186 2393 253 2431 hic
280 2392 477 2431 habemus
506 2396 548 2431 et
575 2394 658 2430 58³
671 2393 735 2439 30,
758 2391 848 2430 123⁷
874 2404 896 2430 a
919 2390 1203 2442 Theophrasto
1232 2391 1455 2443 appellatos
1483 2404 1576 2432 esse

114 2450 431 2509 συλλογισμοὺς
467 2453 576 2496 κατὰ
607 2454 863 2507 πρόσληψιν,
891 2468 968 2494 non
997 2456 1045 2494 ab
1073 2455 1317 2494 Aristotele:
1347 2456 1494 2494 etenim
1523 2468 1574 2496 ex

115 2534 165 2560 eo
205 2521 312 2573 quod
348 2521 447 2561 dicit
484 2515 588 2572 ὅπερ
620 2519 897 2571 Θεόφραστος
922 2520 1045 2560 καλεῖ
1067 2517 1175 2559 κατὰ
1204 2517 1460 2570 πρόσληψιν,
1489 2520 1575 2560 col-

114 2585 181 2638 ligi
215 2586 367 2637 poterit
403 2598 481 2625 non
519 2587 569 2625 ab
597 2585 814 2625 Aristotele
852 2586 951 2624 illud
979 2597 1121 2623 nomen
1149 2584 1214 2622 his
1242 2583 1486 2635 syllogismis
1512 2584 1573 2623 in-

114 2649 244 2688 ditum
272 2663 388 2690 esse:
417 2662 542 2701 quare
564 2649 738 2688 alienum
767 2662 859 2689 esse
886 2649 1008 2687 debet
1035 2661 1059 2686 a
1084 2652 1224 2687 nostro
1251 2647 1355 2687 loco.
1403 2647 1575 2688 Accedit

114 2713 221 2764 quod
241 2713 282 2753 in
306 2714 356 2753 iis
374 2727 476 2766 quae
498 2717 722 2765 sequuntur
747 2713 984 2766 πρόσληψις
1012 2725 1063 2751 eo
1090 2725 1210 2752 sensu
1237 2711 1371 2763 posita
1396 2724 1475 2752 non
1501 2724 1572 2751 oc-

114 2777 265 2827 currit,
301 2790 539 2830 quamquam
575 2777 654 2818 hac
680 2790 792 2828 voce,
819 2777 1058 2831 praesertim
1086 2789 1207 2829 quum
1233 2788 1336 2816 nova
1362 2776 1429 2826 sit,
1459 2780 1573 2817 certo
