1826 3112
266 207 345 246 188
778 209 1181 244 ΑΝΑΛΤΤΙΚΩΝ

265 303 369 352 τόδε
401 303 695 367 συλλογισμὸς
719 304 766 350 ἐκ
782 308 872 350 τῶν
901 304 1017 364 πρὸς
1043 304 1140 352 τόδε
1157 305 1418 365 προτάσεων,
1442 303 1468 352 ὁ
1487 305 1534 351 δὲ
1550 309 1681 353 τοῦδε

265 369 377 432 πρὸς
393 370 495 418 τόδε
516 370 589 417 διὰ
611 375 700 416 τῶν
715 374 844 417 τοῦδε
863 370 977 431 πρὸς
993 371 1090 418 τόδε
1113 371 1371 430 προτάσεων.
1406 370 1624 418 ἀδύνατον
1635 373 1682 419 δὲ

264 435 383 495 πρὸς
422 435 472 482 τὸ
515 441 552 482 Β
593 440 739 495 λαβεῖν
775 436 985 494 πρότασιν
1021 438 1155 498 μηδὲν
1188 437 1294 500 μήτε
1333 441 1682 499 κατηγοροῦντας

267 502 409 549 αὐτοῦ
436 501 532 563 μήτ’
564 500 936 562 ἄπαρνονμένους,
962 501 992 565 ἢ
1021 503 1151 549 πάλιν
1178 508 1260 550 τοῦ
1280 507 1317 549 Α
1337 501 1447 563 πρὸς
1468 502 1519 549 τὸ
1541 506 1578 548 Β
1597 521 1681 565 μη-

217 583 251 610 10
266 570 339 614 δὲν
377 566 527 613 κοινὸν
567 568 864 628 λαμβάνοντας
908 568 1001 615 ἄλλ’
1042 570 1249 627 ἑκατέρου
1292 571 1380 615 ἴδια
1416 567 1520 614 ἄττα
1521 587 1681 651 ,κατη-

264 652 508 695 γορουντας
523 630 552 696 ἢ
564 632 935 694 απαρνουμένους.
965 633 1071 681 ωστε
1083 636 1272 697 ληπτέον
1291 654 1331 681 τι
1352 635 1485 694 μέσον
1504 633 1680 695 α’μφοῖν,

264 698 290 746 ὃ
309 699 496 754 συνάψει
516 718 592 757 τας
611 702 881 783 κατηγορίας,
903 703 1018 760 εἰπερ
1037 702 1152 747 ἔσται
1171 704 1300 748 τοῦδε
1325 699 1435 759 πρὸς
1456 700 1552 746 τόδε
1571 704 1680 746 συλ-

262 765 486 827 λογισμός.
530 767 568 812 εἰ
586 784 671 812 ουν
701 766 866 829 αιάγκη
896 768 974 826 μέν
1000 785 1040 812 τι
1071 761 1215 826 λαβεῖν
1237 765 1348 825 πρὸς
1365 784 1495 825 αμφω
1514 765 1680 817 κοινόν,

262 849 395 878 τουτο
439 830 477 877 ὁ
504 832 711 892 ἐνδέχεται
741 837 897 893 τριχῶς
907 830 994 914 Ἣ(ἢ
1020 851 1102 891 γαρ
1128 830 1178 878 τὸ
1214 836 1247 876 A
1273 836 1355 877 τοῦ
1385 835 1430 875 Γ
1455 833 1527 876 καὶ
1555 829 1605 876 τὸ
1642 834 1686 876 Γ

215 914 249 943 1⁵
263 902 349 944 τοῦ
387 901 425 943 Β
462 898 862 960 κατηγορήσαντας,
897 916 926 958 η
968 895 1019 942 τὸ
1068 901 1114 941 Γ
1147 895 1239 941 κατ’
1268 895 1454 955 αμφοῖν,
1484 893 1515 957 ἢ
1549 914 1680 956 αμφω

262 961 371 1009 κατὰ
412 980 495 1008 του
537 964 630 1022 Γ),
668 968 806 1008 ταῦτα
843 961 882 1008 ὁ’
911 963 998 1007 ἐστὶ
1024 980 1076 1006 τα
1108 962 1306 1023 εἰρημένα
1334 960 1550 1024 σχήματα,
1590 979 1679 1020 φα-
1724 1019 1730 1022 ⁴

260 1027 388 1087 νερὸν
416 1025 482 1073 ὅτι
506 1027 645 1072 πάντα
676 1025 973 1087 συλλογισμὸν
1001 1026 1168 1089 ανάγκη
1194 1028 1390 1087 γίνεσθαι
1413 1025 1486 1072 δια
1513 1026 1681 1072 τούτων

260 1092 378 1150 τινὸς
406 1097 492 1138 τῶν
521 1091 761 1154 σχημάτων.
811 1092 836 1139 ὁ
862 1090 943 1154 γὰρ
976 1091 1108 1149 αὐτὸς
1136 1092 1267 1153 λόγος
1296 1094 1368 1138 καὶ
1399 1095 1436 1138 εἰ
1468 1090 1540 1138 διὰ
1558 1097 1679 1138 πλει-

262 1159 376 1206 όνων
414 1158 627 1204 συνάπτοι
661 1158 772 1218 πρὸς
808 1157 858 1205 τὸ
895 1162 955 1204 Β·
993 1156 1130 1204 ταιῗτὸ
1173 1157 1254 1220 γὰρ
1297 1160 1412 1205 ἔσται
1439 1162 1582 1221 σχῆμα
1606 1160 1680 1204 καὶ

212 1247 248 1275 zo
263 1226 331 1272 ἐπὶ
357 1229 447 1271 τοῖν
467 1228 658 1270 πολλῶν.

384 1288 568 1350 ’Ὄτιμὲν
579 1283 663 1336 οὖν
679 1290 721 1335 οἳ
738 1290 938 1335 demvm}
951 1289 1221 1347 περαίνονται
1233 1287 1305 1334 διὰ
1323 1292 1408 1334 τῶν
1425 1288 1679 1350 προειρημέ-

262 1374 350 1403 νων
367 1356 607 1417 σχημάτων,
638 1356 854 1415 φανερόν·
885 1353 950 1402 ὅτι
972 1357 1017 1400 δὲ
1038 1357 1107 1400 καὶ
1130 1356 1173 1400 οἱ
1193 1357 1253 1411 εἰς
1269 1353 1318 1400 τὸ
1343 1353 1572 1407 ἀδύνατον,
1594 1358 1682 1416 625--

263 1426 342 1468 λον
359 1422 474 1468 ἔσται
487 1420 560 1468 διὰ
573 1421 750 1469 τούτων.
764 1421 918 1478 πάντες
929 1419 1010 1482 γὰρ
1031 1422 1073 1466 οἱ
1091 1419 1163 1466 διὰ
1183 1424 1268 1466 τοῦ
1287 1419 1511 1466 α’δυνάτου
1529 1420 1680 1478 περαί-

262 1506 408 1545 νοντες
443 1487 494 1534 τὰ
532 1490 609 1547 μὲν
650 1491 816 1544 ψεῦδος
859 1488 1205 1547 συλλογίζονται,
1243 1485 1294 1532 τὸ
1334 1485 1373 1532 ‹5'
1400 1485 1445 1541 ἐξ
1473 1484 1607 1548 ἀρχῆς
1637 1484 1682 1541 ἐξ

213 1573 248 1602 25
262 1552 522 1611 ὑποθέσεως
534 1553 825 1605 δεικνύουσιν,
837 1551 940 1598 ὅταν
952 1551 1170 1598 α’δύνατόν
1187 1571 1225 1598 τι
1239 1553 1455 1612 συμβαίνῃ
1472 1557 1548 1614 τῆς
1561 1551 1679 1597 ἄντι-

262 1619 440 1682 φασεως
457 1621 668 1682 τεθείσης,
686 1617 782 1665 οἷον
801 1638 868 1665 οτι
879 1617 1149 1678 ασινμμετρος
1168 1617 1196 1681 ἡ
1211 1618 1433 1677 διάμετρος
1447 1616 1518 1663 δια
1538 1616 1588 1663 τὸ
1611 1618 1677 1678 γί-

262 1692 419 1734 νεσθαι
435 1684 487 1731 τᾶ
498 1684 670 1743 περιττα
685 1687 756 1731 ισα
767 1691 858 1741 τοῖς
872 1683 1035 1743 ἄρτίοις
1052 1686 1304 1743 συμμέτρου
1314 1685 1523 1746 τεθείσης.
1543 1682 1592 1729 τὸ
1603 1684 1680 1742 μὲν

264 1770 351 1798 ουν
379 1754 452 1798 ἴσα
480 1753 676 1813 γίνεσθαι
704 1750 755 1796 τὰ
777 1749 948 1811 περιττὰ
975 1756 1065 1807 τοῖς
1098 1749 1259 1808 αρτίοις
1286 1751 1592 1810 συλλογίζεται,
1625 1747 1677 1795 τὸ

263 1816 302 1864 δ’
332 1817 606 1877 ἆσυμμετρον
630 1823 737 1863 εἰναι
755 1836 837 1879 την
858 1817 1086 1898 διάμετρον
1104 1816 1148 1872 ἐξ
1164 1814 1423 1872 ὑποθέσεως
1447 1817 1679 1870 δείκνυσιν,

213 1904 249 1932 ao
267 1884 354 1931 ἐπεὶ
397 1888 564 1941 ψεῦὸος
605 1885 830 1943 συμβαίνει
858 1881 930 1929 δια
968 1881 1051 1943 τὴν
1079 1881 1319 1943 αντίφασιν.
1359 1885 1491 1927 τοῦτο
1516 1899 1596 1941 γαρ
1625 1874 1680 1943 ἦν

262 1948 315 1996 τὸ
344 1948 416 1995 διὰ
448 1954 531 1995 τοῦ
562 1949 787 1995 ιῖδυνάτου
822 1961 873 1995 σι
872 1950 1183 2008 λλογίσασθαι,
1215 1946 1266 1992 vd
1296 1946 1430 2002 δεῖξαί
1448 1965 1487 1992 τι
1514 1945 1677 1993 ἆδύνα-

262 2033 340 2062 ταν
371 2013 443 2061 δια
470 2033 550 2076 την
579 2014 624 2069 ἐξ
648 2014 782 2076 ἀρχῆς
800 2013 1029 2060 ὑπόθεσιν.
1065 2011 1166 2059 ὥστ’
1187 2014 1274 2059 ἐπεὶ
1293 2017 1375 2059 τοῦ
1393 2012 1592 2068 ψεύδους
1612 2013 1677 2073 γί-

263 2099 381 2128 νεται
408 2079 700 2141 συλλογισμὸς
731 2078 942 2136 ὁεικτικὸς
972 2081 1017 2126 ἐν
1041 2085 1131 2136 τοῖς
1164 2081 1224 2135 εἰς
1253 2077 1303 2124 τὸ
1324 2078 1543 2125 α’δύνατον
1565 2077 1677 2124 ἅπα-

262 2147 473 2208 γομένοις,
508 2145 558 2192 τὸ
585 2145 622 2192 δ’
653 2146 700 2202 ἐξ
725 2147 859 2208 ἀρχῆς
885 2145 930 2200 ἐξ
953 2144 1210 2201 ὑποθέσεως
1240 2146 1478 2202 δείκνυται,
1506 2142 1613 2200 τούς
1632 2145 1678 2189 δὲ

215 2233 250 2261 85
265 2211 507 2296 δεικτιῗιούς
524 2212 735 2272 πρότερον
757 2214 930 2272 εἴπομεν
949 2210 1015 2257 ὅτι
1033 2210 1105 2257 διὰ
1120 2210 1286 2257 τούτων
1304 2212 1573 2270 περαίνονται
1591 2214 1680 2256 τοῖν

264 2278 514 2341 σχημάτων,
549 2277 741 2339 φανερὸν
772 2276 837 2324 ὅτι
873 2280 946 2323 καὶ
977 2279 1018 2323 οἱ
1045 2276 1117 2323 δια
1146 2282 1230 2323 τοῦ
1261 2276 1487 2323 α’δυνάτου
1515 2280 1678 2322 συλλο-

264 2347 410 2407 γισιιοὶ
451 2343 524 2391 δια
567 2344 732 2391 τούτων
770 2345 937 2390 ἔσονται
973 2349 1062 2390 τοῖν
1100 2342 1338 2405 σχηματων.
1382 2341 1602 2424 ωσαύτως
1632 2342 1678 2388 δε

264 2413 338 2458 καὶ
379 2412 421 2457 οἱ
463 2410 587 2456 αλλοι
629 2410 785 2467 παντες
824 2408 866 2457 οἱ
906 2409 951 2465 ἐξ
980 2409 1256 2465 υποθέσεως
1301 2409 1345 2454 ἐν
1376 2406 1510 2454 απασι
1541 2406 1623 2468 γὰρ
1653 2406 1679 2453 ὁ

265 2496 343 2538 μεν
379 2476 672 2538 συλλογισμὸς
708 2478 865 2539 γίνεται
899 2475 1013 2537 πρὸς
1047 2475 1099 2522 τὸ
1139 2473 1588 2536 μεταλαμβανόμενον,
1628 2472 1678 2520 τὸ

355 2614 376 2646 6
387 2611 489 2654 τόδε]
503 2624 615 2646 τουτο
626 2613 720 2654 bisf.
733 2630 777 2637 —
795 2609 933 2646 Ίτόνδε
943 2609 1005 2645 διὰ
1019 2623 1074 2666 pr
1071 2612 1109 2645 Β.
1120 2629 1162 2638 -
1177 2611 1196 2643 9
1209 2605 1367 2650 oev'tefivf.
1381 2627 1426 2634 —
1444 2605 1522 2643 12“
1501 2621 1542 2648 ος
1560 2610 1677 2642 Au.—

268 2658 311 2691 15
328 2670 512 2703 κατηγορη
493 2654 641 2702 ἡσαντες
658 2657 695 2689 C.
720 2676 761 2682 —
788 2658 829 2690 16
850 2654 1017 2711 φανερὸν
1028 2668 1096 2690 ουν
1115 2668 1171 2690 οτι
1190 2667 1231 2699 pr
1250 2656 1286 2688 C.
1309 2672 1354 2678 -
1379 2654 1419 2687 17
1433 2652 1481 2693 ὦς
1500 2655 1534 2686 d.
1550 2672 1593 2679 —
1617 2665 1678 2696 γε·

265 2701 398 2736 νέσθαι
417 2703 451 2735 d.
476 2721 518 2726 ——
548 2704 595 2736 18
607 2703 643 2735 εἰ
657 2714 711 2733 om
730 2713 771 2744 pr
794 2703 831 2734 C.
855 2720 897 2727 --
924 2703 964 2735 19
979 2699 1019 2735 τὸ
1040 2697 1128 2734 αυτό
1145 2701 1179 2742 f.
1202 2717 1246 2725 —
1274 2700 1315 2731 21
1337 2697 1372 2732 οὶ
1389 2710 1444 2731 om
1465 2699 1498 2731 d
1522 2716 1566 2724 -—
1597 2697 1675 2741 διὰ]

265 2744 400 2788 πάντες
415 2746 478 2781 διὰ
490 2745 824 2790 1.-28γενέσθαι
835 2748 869 2790 f.
880 2763 927 2772 —
949 2746 992 2780 36
1010 2743 1173 2791 φανερὸν
1188 2756 1256 2780 ουν
1269 2756 1328 2779 οτι
1342 2755 1384 2788 pr
1398 2744 1440 2777 Β.
1454 2761 1499 2769 -
1510 2742 1571 2778 καὶ
1583 2745 1676 2786 oms
