1794 3086
597 166 846 213 analytica
878 166 1048 212 priora.
1517 163 1598 204 453

140 268 324 308 edicatur
352 265 421 316 H)
450 267 503 308 de
530 279 578 307 ea
604 272 722 321 parte
748 265 907 308 termini
932 267 976 307 E
1000 263 1224 319 negabitur,
1251 261 1305 303 de
1331 275 1409 319 qua
1436 263 1594 315 praedi-

136 335 254 372 catur
283 330 350 371 H:
389 343 486 384 ergo
515 331 567 380 Β,
605 331 711 383 quod
748 330 1004 383 praedicatur
1031 329 1089 370 de>
1111 318 1219 369 omni
1245 327 1300 378 A,
1338 331 1508 380 negatur
1542 327 1595 367 de

135 397 267 448 aliquo
295 397 350 446 E,
390 396 496 435 unde
524 395 774 447 concluditur
803 393 858 442 (ΙΙ
879 388 952 442 δ’),
981 393 1088 445 quod
1113 394 1156 433 A
1182 395 1351 445 negatur
1375 392 1429 446 de
1457 391 1592 443 aliquo

130 462 187 509 E,
215 464 271 502 ut·
287 460 643 505 dicitAr-istoteles
670 471 729 498 vs.
753 459 818 496 10.
865 457 940 496 His
970 458 1164 508 expositis
1191 457 1272 496 iam
1292 456 1449 508 reliqua
1476 454 1594 507 plana

134 529 248 574 sunt3
276 513 391 578 patet
420 528 552 563 autem
581 529 720 565 vocem
750 518 898 562 οὐδενὶ
918 534 978 563 vs.
997 522 1047 560 12
1066 521 1296 572 neutiquam
1322 519 1424 560 ferri
1451 531 1593 572 posse:

131 599 223 628 nam
260 588 407 627 falsum
447 587 574 638 plane·
601 590 724 634 esset,
764 586 799 624 si
827 585 1071 625 Aristoteles
1110 585 1266 625 diceret
1294 585 1332 624 Β
1369 582 1593 636 praedicari

131 652 184 691 de
210 651 321 691 nullo
348 651 411 690 E:
452 650 602 689 clarum
641 653 705 688 est
742 648 845 688 enim
886 662 936 688 ex
964 649 1010 687 iis
1039 662 1143 699 quae
1169 650 1342 688 diximus
1370 645 1596 699 praedicari

133 714 186 755 de
213 716 345 768 aliquo
374 726 516 766 posse,
546 714 598 753 de
625 713 758 765 aliquo
784 725 863 753 non
891 725 1028 765 posse.
1096 712 1187 751 Erit
1213 711 1390 751 fortasse
1416 710 1484 762 qui
1512 715 1594 749 sta-

131 783 216 819 tuat
245 778 502 818 Aristotelem
538 778 579 817 in
615 779 692 818 hac
719 790 763 817 re
798 777 1009 822 erravisse,
1046 787 1180 827 neque
1207 775 1296 827 ipse
1323 775 1372 813 ab
1399 774 1478 813 hac
1503 773 1594 827 opi-

132 843 251 882 nione
278 843 553 889 abhorrerem,
590 841 664 881 nisi
701 844 857 881 certum
885 843 999 881 esset
1024 852 1082 879 vs.
1103 841 1153 878 11
1177 852 1236 891 sq.
1272 838 1406 879 verbis
1433 836 1483 878 τὸ
1509 835 1594 890 γὰρ

134 907 172 947 Β
285 905 461 958 ὑπάρξει
488 905 783 960 propositiones
811 905 927 954 tradi,
956 916 1006 944 ex
1034 904 1177 956 quibus
1206 903 1248 941 in
1273 903 1447 943 secunda
1465 902 1595 956 figura

133 971 343 1022 colligatur
379 970 582 1010 conclusio
621 983 737 1022 quam
774 969 943 1022 legimus
969 981 1026 1008 vs.
1048 969 1101 1006 10
1128 965 1194 1007 ὅτι
1219 965 1304 1007 τινὶ
1329 966 1418 1007 τῶν
1445 967 1488 1006 Ε
1515 964 1595 1019 οὐχ

133 1033 310 1086 ὑπάρξει
334 1033 384 1075 τὸ
412 1036 476 1074 A:
504 1047 607 1086 quae
634 1034 796 1085 quidem
825 1033 1025 1086 quomodo
1054 1044 1103 1071 ex
1132 1031 1209 1071 illis
1238 1032 1330 1071 elici
1356 1032 1489 1084 possit
1515 1043 1595 1071 uon

131 1099 262 1148 video,
288 1100 376 1149 nisi,
405 1099 502 1138 licet
528 1098 660 1137 invitis
688 1098 908 1144 codicibus,
935 1096 1161 1137 tacentibus
1189 1088 1492 1148 interpretibus,
1519 1093 1596 1135 οὐ-

134 1161 225 1204 δενὶ
252 1164 535 1203 mutaverimus
555 1163 596 1201 iu
617 1160 670 1202 οὐ
692 1160 789 1211 τινί,
819 1162 870 1201 de
892 1174 970 1212 quo
988 1173 1025 1199 v.
1046 1174 1147 1212 quae
1168 1158 1344 1200 diximus
1366 1159 1416 1198 ad
1434 1160 1595 1199 24a19.

130 1229 245 1268 Haec
273 1227 498 1267 emendatio
521 1231 631 1266 certe
657 1226 814 1266 facilior
833 1229 897 1265 est
917 1239 1036 1278 quam
1064 1239 1110 1265 ea
1131 1237 1250 1277 quam
1269 1223 1495 1263 faciendam
1519 1237 1595 1276 pu-

132 1296 317 1332 taverunt
330 1292 588 1342 Philoponus,
617 1291 685 1343 qui
704 1290 844 1330 habuit
861 1280 914 1329 H
928 1286 1075 1330 οὐδενὶ
1087 1303 1142 1328 vs.
1163 1290 1228 1337 12,
1256 1291 1299 1328 et
1319 1292 1461 1328 auctor
1478 1288 1595 1327 scho-

133 1355 178 1394 lii
206 1357 296 1395 cod.
322 1356 449 1396 Marc.
468 1357 563 1402 201,
594 1368 630 1395 v.
651 1367 774 1407 supra
790 1368 830 1407 p.
854 1355 908 1393 46
929 1366 989 1405 sq.
1047 1354 1233 1403 Uterque
1271 1353 1378 1392 enim
1406 1352 1487 1392 ΒΘ
1523 1364 1595 1391 no-

132 1425 220 1460 stro
248 1420 338 1459 loco
365 1432 440 1472 per
474 1431 655 1460 errorem
692 1418 888 1471 scriptum
915 1422 1033 1470 putat
1058 1431 1133 1470 pro
1161 1417 1274 1456 AH:
1315 1416 1422 1468 quod
1449 1430 1501 1456 ne
1529 1415 1596 1455 cui

131 1484 381 1538 probandum
393 1482 586 1531 videatur,
605 1482 747 1534 paucis
768 1494 1011 1533 exponamus
1030 1495 1132 1533 quae
1148 1476 1338 1533 leguntur
1351 1493 1409 1520 vs.
1424 1481 1595 1526 13—15.

134 1548 426 1601 Complectitur
452 1547 648 1586 terminus
681 1545 718 1585 Θ
744 1557 1007 1596 quaecunque
1034 1546 1085 1584 de
1113 1545 1285 1583 termino
1304 1545 1348 1583 E
1373 1543 1597 1596 praedicari

132 1616 348 1664 nequeunt,
380 1610 433 1650 H
452 1613 585 1649 autem
613 1609 868 1662 praedicatur
894 1610 946 1648 de
973 1610 1107 1661 aliquo
1135 1609 1190 1659 Ε,
1227 1609 1280 1648 de
1309 1610 1450 1648 eadem
1476 1608 1598 1659 igitur

135 1680 252 1728 parte
288 1675 448 1713 termini
486 1675 528 1713 E
563 1673 617 1713 de
652 1686 730 1724 qua
768 1673 1025 1724 praedicatur
1064 1672 1131 1719 H,
1181 1673 1218 1711 Β
1255 1672 1482 1725 praedicari
1516 1684 1598 1711 non

136 1742 277 1792 potest
316 1735 407 1783 (διὰ
442 1736 491 1778 τὸ
528 1735 586 1789 μὴ
614 1733 815 1789 ἐγχωρεῖν
848 1734 898 1776 τὸ
928 1736 964 1775 Β
991 1732 1065 1776 καὶ
1093 1735 1146 1774 Η
1165 1739 1224 1788 τῷ
1252 1735 1369 1789 αὐτῷ
1395 1736 1599 1787 παρεῖναι

135 1816 194 1843 vs.
212 1805 283 1850 9)=
311 1802 418 1841 unde
446 1804 557 1854 patet
583 1801 795 1840 terminum
817 1801 855 1840 B
882 1800 1076 1840 contineri
1103 1801 1275 1839 termino
1291 1800 1342 1839 Θ.
1359 1821 1410 1829 -—-
1450 1799 1598 1839 Lectio

139 1866 192 1908 H
224 1863 370 1906 οὐδενὶ
405 1879 465 1907 vs,
490 1866 541 1904 12
576 1878 654 1904 non
690 1865 809 1904 video
848 1877 925 1916 qua
961 1864 1117 1904 ratione
1145 1863 1310 1903 defendi
1336 1864 1477 1915 possit,
1518 1862 1598 1902 nisi

135 1932 206 1980 ita,
234 1936 279 1971 ut
305 1930 369 1969 his
398 1930 529 1969 verbis
558 1942 679 1968 causa
707 1929 956 1980 exprimatur
971 1940 1110 1967 eorum
1132 1939 1236 1978 quae
1255 1931 1477 1978 sequnntur
1495 1922 1595 1966 ὥστ’

135 1994 302 2048 ἀνάγκη
321 1992 370 2034 τὸ
387 1993 424 2033 Β
439 2020 509 2043 ...,
538 1993 609 2032 sed
639 2006 761 2043 quum
784 2006 958 2041 causam,
988 2005 1060 2030 cur
1074 1991 1111 2031 B
1138 1991 1245 2030 idem
1270 1991 1323 2030 sit
1341 1989 1426 2031 τινὶ
1437 1990 1526 2032 τῶν
1543 1991 1595 2042 Θ,

135 2074 197 2101 vs.
217 2060 374 2099 13-15
403 2058 548 2109 exponi
575 2061 779 2109 appareat,
808 2058 940 2096 verbis
968 2059 1027 2108 τῷ
1141 2052 1318 2106 ὑπάρξει
1344 2068 1401 2094 vs.
1422 2058 1474 2094 12
1494 2056 1596 2096 nihil

137 2124 245 2164 aliud
272 2134 507 2174 expressum
535 2134 626 2160 esse
653 2122 803 2172 poterit
830 2134 948 2172 quam
971 2121 1096 2160 altera
1114 2120 1338 2172 propositio
1358 2119 1595 2172 syllogismi,

139 2188 252 2228 cuius
281 2184 573 2226 conclusionem
602 2185 813 2223 habuimus
841 2196 899 2223 vs.
925 2186 988 2224 10.
1043 2183 1162 2222 Patet
1181 2187 1314 2223 autem
1338 2196 1388 2223 ex
1414 2183 1464 2223 iis
1492 2196 1595 2235 quae

140 2251 316 2292 diximus
351 2261 430 2289 non
468 2252 562 2287 ante
590 2248 805 2288 Alexandri
841 2252 1022 2300 tempora
1049 2248 1244 2299 scriptum
1273 2260 1364 2287 esse
1393 2246 1446 2286 H
1468 2248 1596 2300 (quod

139 2316 218 2355 iam
245 2314 514 2365 Philoponum
541 2312 580 2350 in
603 2312 714 2351 libris
742 2312 944 2364 reperisse
970 2312 1171 2357 videmus)
1199 2324 1274 2363 pro
1303 2312 1347 2351 E
1371 2325 1432 2351 vs·
1454 2313 1522 2352 12.

87 2381 171 2419 45³
184 2381 235 2418 18
261 2377 505 2429 Recepimus
530 2376 741 2415 lectionem
762 2376 944 2415 codicum
962 2374 1074 2423 Bnu,
1103 2388 1219 2426 quam
1249 2376 1368 2414 etiam
1396 2380 1477 2415 vet.
1495 2375 1594 2427 intp.

140 2443 230 2484 cod.
250 2442 426 2482 Gothan.
449 2441 624 2489 exhibet,
663 2444 747 2479 tum
776 2440 870 2491 quia
898 2442 952 2479 οῖυ
980 2438 1019 2479 δ’
1050 2437 1086 2479 εἰ
1112 2440 1152 2478 in
1178 2452 1273 2479 mss.
1302 2439 1422 2479 facile
1449 2440 1594 2480 mutari

139 2511 300 2561 poterat
334 2506 375 2545 in
411 2502 466 2545 ἂν
493 2501 539 2545 δὲ
575 2504 639 2543 vel
675 2499 750 2543 ἐὰν
788 2500 834 2544 δὲ
871 2506 920 2544 ab
950 2504 1110 2543 homine
1138 2504 1364 2555 compendii
1391 2516 1470 2543 non
1497 2504 1594 2544 satis

139 2572 286 2625 perito,
321 2573 406 2609 tum
443 2570 537 2620 quia
573 2568 758 2607 infinitivi
796 2568 863 2619 qui
901 2573 1125 2619 sequuntur
1161 2580 1241 2607 non
1268 2568 1461 2608 haberent
1485 2568 1595 2608 unde

141 2636 378 2690 penderent,
407 2647 527 2685 quum
555 2633 824 2685 praecesserit
851 2629 928 2672 ὅτι.
984 2631 1139 2671 Deinde
1167 2632 1289 2671 etiam
1315 2645 1380 2670 res
1408 2631 1494 2684 ipsa
1521 2645 1593 2672 no·

142 2704 266 2739 stram
291 2698 502 2739 lectionem
539 2696 769 2737 confirmat:
808 2696 1006 2736 sententia
1043 2696 1149 2735 enim
1183 2695 1285 2736 haec
1312 2700 1389 2736 est.
1453 2695 1498 2736 Si
1525 2709 1593 2736 su-

143 2762 289 2804 mimus
327 2775 407 2804 non
444 2771 547 2814 quae
583 2760 725 2802 eadem
754 2764 859 2809 sunt,
895 2760 967 2801 sed
1003 2772 1105 2813 quae
1132 2759 1291 2802 diversa
1317 2764 1358 2802 et
1383 2760 1592 2811 contraria,
