1838 3086
704 162 1009 208 euagon-iae.
1535 163 1618 203 303

213 263 312 315 Cap.
339 262 378 301 8.
419 260 654 311 qualitatis
674 263 816 316 prima
854 262 1016 314 species
1053 258 1221 301 habitus
1255 265 1318 300 est
1357 266 1399 300 et
1434 263 1617 315 affectio,

104 341 212 382 quae
259 325 460 380 quomodo
507 327 707 381 differant
749 326 1001 378 exponitur,
1042 327 1170 366 9314
1207 326 1346 366 altera
1377 327 1618 378 facultates

104 392 394 444 complectitur
424 396 464 430 et
495 404 604 444 quae
631 391 695 430 his
720 394 816 429 sunt
847 391 1078 437 contraria,
1106 393 1159 430 28
1177 391 1309 430 tertia
1337 403 1410 430 eas
1437 403 1547 444 quae
1572 392 1619 430 in

99 455 305 510 patiendo
333 456 562 494 consistunt
593 458 665 500 (36
682 455 856 507 faciunt
893 456 1003 492 enim
1031 460 1078 493 ut
1105 468 1262 504 sensus,
1291 454 1366 494 sub
1393 468 1513 507 quem
1543 468 1618 493 ca-

103 521 220 570 dant,
255 520 450 572 patiatur
480 518 663 572 aliquid,
704 519 763 556 b9
794 519 980 570 exceptis
1018 520 1116 558 solis
1154 520 1379 567 coloribus,
1418 520 1491 572 qui
1516 518 1618 558 inde

100 586 358 638 gignuntur,
388 583 497 635 quod
525 596 592 621 res
620 583 666 620 iu
693 595 776 635 qua
805 582 947 621 insunt
978 583 1139 636 aliquid
1162 585 1342 636 patitur.
1372 586 1423 622 19
1455 583 1619 623 Colores

103 654 144 687 ot
184 647 412 701 qualitates
451 659 539 684 esse
568 651 745 699 possunt
786 651 826 685 et
855 645 1002 697 πάθη,
1042 651 1094 686 33
1121 649 1225 687 item
1254 649 1387 687 animi
1414 653 1549 686 motus
1578 653 1620 687 et

101 712 329 766 qualitates
355 715 396 749 et
415 709 576 758 πάθη),
607 712 752 749 10311
783 717 938 763 quarta
955 714 1147 765 figuram
1177 718 1217 751 et
1236 714 1437 764 sormam.
1467 714 1519 751 27
1550 711 1620 751 Ab

101 777 165 815 his
193 777 325 828 igitur
352 775 627 827 qualitatibus
653 774 927 828 παρωνύμως
954 782 1159 816 vocantur
1185 777 1342 830 quales.
1385 777 1407 814 b
1423 778 1474 814 12
1506 775 1620 825 Qua-

101 841 238 888 litati,
277 852 526 892 quamquam
554 851 637 878 non
667 841 800 887 omni,
840 846 900 879 est
939 840 1101 894 aliquid
1129 841 1398 880 contrarium.
1439 842 1489 878 17
1518 839 1571 879 Si
1599 853 1623 879 e

103 903 261 943 duobus
282 904 505 942 contrariis
526 903 705 942 alterum
729 908 791 942 est
812 905 952 957 quale,
982 905 1164 944 alterum
1185 918 1346 958 quoque
1373 904 1499 957 quale
1527 905 1621 944 erit.

100 970 153 1007 26
195 966 382 1006 aradum
425 968 673 1021 plerumque
710 967 899 1007 admittit
935 970 1132 1021 qualitas.
1177 971 1328 1007 11315
1367 966 1540 1007 Similia
1580 973 1622 1007 et

102 1032 324 1072 dissimilia
363 1043 446 1069 non
485 1031 685 1069 (licuntur
722 1033 805 1070 nisi
832 1038 1040 1086 quatenus
1066 1038 1164 1072 sunt
1191 1033 1366 1086 qualia;
1402 1032 1480 1071 hoc
1510 1032 1622 1071 enim

96 1096 316 1150 proprium
353 1099 414 1133 est
452 1096 686 1148 qualitatis.
737 1098 790 1134 20
818 1097 1084 1149 Difficultati
1123 1097 1331 1144 occurrit,
1372 1109 1481 1149 quae
1523 1095 1623 1135 inde

101 1161 313 1206 nascitur,
353 1157 464 1212 quod
498 1158 667 1197 habitus
696 1165 738 1199 et
767 1162 938 1215 affectio
968 1167 1010 1200 et
1040 1163 1084 1200 in
1111 1161 1261 1200 relatis
1290 1166 1329 1199 et
1361 1161 1407 1199 in
1436 1161 1622 1214 qualita-

101 1225 212 1265 tibus
241 1228 524 1262 numerentur.

100 1290 226 1329 8b25
257 1287 317 1326 De
354 1287 546 1338 qualitate
584 1299 620 1326 v.
663 1289 866 1327 1020b13
905 1287 1058 1340 σχεδὸν
1096 1287 1149 1342 δὴ
1186 1287 1295 1329 κατὰ
1325 1287 1405 1329 δύο
1434 1286 1624 1340 τρόπους

154 1350 308 1404 λέγοιτ’
331 1349 386 1391 ἂν
404 1348 452 1390 τὸ
477 1349 619 1400 ποιόν,
647 1348 720 1391 καὶ
747 1352 917 1394 τούτων
945 1352 1022 1394 ἕνα
1047 1354 1126 1395 τὸν
1152 1353 1440 1405 κυριώτατον·
1473 1351 1622 1404 πρώτη

155 1415 234 1470 μὲν
270 1414 354 1468 γὰρ
394 1414 571 1467 ποιότης
598 1414 626 1468 ἦ
651 1418 728 1470 τῆς
754 1416 904 1466 οὐσίας
931 1417 1135 1470 διαφορά.
1163 1417 1320 1471 ταύτης
1349 1416 1394 1459 δέ
1421 1432 1462 1458 τι
1489 1416 1560 1458 καὶ
1593 1416 1623 1471 ἦ

153 1480 202 1523 έν
236 1482 328 1528 τοῖς
364 1478 567 1531 ἀριθμοῖς
604 1480 783 1532 ποιότης
817 1479 968 1534 μέρος·
996 1481 1191 1535 διαφορὰ
1218 1483 1300 1535 γάρ
1339 1497 1403 1531 τις
1440 1482 1617 1529 οὐσιῶν,

153 1546 243 1587 ἀλλ’
281 1543 308 1598 ἢ
347 1543 401 1585 ού
432 1543 704 1597 κινουμένων
730 1544 758 1598 ἢ
788 1547 866 1600 οὐχ
893 1541 923 1600 ’ᾗ
950 1548 1198 1600 κινούμενα.
1227 1546 1280 1588 τὰ
1309 1546 1355 1588 δὲ
1382 1547 1504 1600 πάθη
1531 1547 1619 1587 τῶν

152 1608 426 1661 κινουμένων
470 1602 500 1660 ᾗ
538 1609 796 1662 κινούμενα,
832 1610 906 1652 καὶ
946 1614 992 1655 αἱ
1024 1614 1113 1653 τῶν
1148 1613 1360 1666 κινήσεων
1397 1611 1619 1664 διαφοραί.

154 1672 282 1728 ἀρετὴ
303 1671 437 1714 δὲκαὶ
460 1672 589 1714 κακία
608 1676 696 1715 τῶν
716 1676 985 1728 παθημάτων
1006 1675 1134 1729 μέρος
1152 1692 1207 1722 τι,
1230 1678 1283 1716 cf.
1305 1680 1476 1717 226327
1495 1680 1621 1717 -29,

100 1743 226 1781 8112ss
255 1739 448 1778 Dedimus
469 1739 872 1792 πολυχρονιώτερον
892 1755 940 1780 ex
960 1743 1122 1792 optimis
1144 1742 1268 1779 libris.
1311 1742 1620 1793 Comparativus

154 1806 273 1845 huius
297 1803 479 1842 vocabuli
502 1806 598 1842 satis
618 1803 809 1855 frequens
838 1810 901 1845 est
929 1806 1033 1857 apud
1058 1805 1343 1845 Aristotelem:
1373 1818 1411 1843 v.
1430 1806 1623 1853 465b28,

155 1871 234 1908 584
247 1870 355 1917 b20,
382 1869 606 1915 1296314,
648 1870 846 1908 1299373
886 1870 946 1908 sic
974 1871 1157 1908 891b29
1196 1867 1619 1921 ὀλιγοχρονιώτερον.

153 1935 300 1972 94037
319 1931 678 1982 πολυκενώτερος.
712 1935 813 1971 1321
828 1936 851 1972 b
868 1935 918 1971 25
942 1932 1413 1984 πολυανθρωπότεροςι
1442 1934 1621 1973 occurrit

152 2003 285 2037 tamen
313 1996 432 2035 etiam
459 1995 753 2047 χρονιώτερος,
780 2011 816 2036 v.
847 2010 880 2036 c.
914 1999 1125 2036 1175b14.

99 2063 223 2102 81135
254 2060 312 2100 De
331 2057 521 2100 διαθέσει
545 2066 586 2099 et
616 2059 694 2110 ἕξει
720 2074 755 2101 ν.
787 2061 904 2100 Biese
931 2061 960 2099 Ι.
992 2075 1030 2114 p.
1060 2065 1110 2101 75
1139 2067 1222 2104 not.
1254 2063 1292 2102 1.
1322 2063 1501 2101 1022b1
1532 2059 1620 2101 διά·

153 2128 275 2172 θέσις
300 2123 462 2176 λέγεται
487 2127 567 2164 τοῦ
596 2123 768 2177 ἔχοντος
796 2123 903 2178 μέρη
931 2124 1069 2175 τάξις,
1098 2124 1125 2178 ἢ
1154 2124 1262 2166 κατὰ
1289 2125 1426 2166 τόπον
1453 2124 1480 2178 ἢ
1508 2124 1617 2166 κατὰ

155 2189 345 2239 δύναμιν
371 2186 398 2240 ἢ
427 2189 519 2228 κατ’
549 2183 685 2236 εἶδος·
722 2187 848 2229 θέσιν
874 2188 957 2241 γὰρ
989 2190 1056 2231 δεῖ
1079 2189 1176 2230 τινὰ
1204 2185 1337 2239 εἶναι,
1379 2187 1519 2240 ὥσπερ
1548 2188 1621 2230 καὶ

154 2255 350 2304 τοῦνομα
386 2251 512 2304 δηλοῖ
526 2252 572 2305 ,ἦ
611 2252 816 2301 διάθεσις.
857 2252 940 2304 ἕξις
976 2253 1023 2295 δὲ
1054 2253 1220 2307 λέγεται
1247 2252 1324 2296 ἕνα
1351 2253 1431 2306 μὲν
1457 2254 1621 2305 τρόπον

156 2313 253 2360 οἷον
280 2315 469 2370 ἐνέργειά
495 2331 559 2365 τις
585 2321 667 2359 τοῦ
694 2316 867 2371 ἔχοντος
893 2317 964 2359 καὶ
993 2317 1249 2372 ἐχομένου..
1266 2349 1275 2358 .
1291 2321 1423 2359 ἄλλον
1451 2316 1497 2359 δὲ
1523 2318 1619 2371 τρό-

154 2397 240 2424 πον
276 2379 358 2432 ἕξις
392 2381 558 2435 λέγεται
593 2382 783 2431 διάθεσις
818 2385 920 2424 καθ’
957 2384 1014 2437 ἣν
1048 2383 1076 2437 ἢ
1114 2379 1161 2424 εὗ
1189 2383 1215 2436 ἢ
1244 2385 1387 2432 κακῶς
1414 2383 1619 2426 διάκειται

153 2448 203 2490 τὸ
232 2446 523 2499 διακείμενον,
560 2446 630 2488 καὶ
659 2446 687 2500 ἢ
714 2449 816 2488 καθ’
846 2447 951 2489 αὐτὸ
978 2447 1005 2501 ἢ
1033 2448 1140 2500 πρὸς
1168 2450 1295 2490 ἄλλο.
1313 2447 1418 2489 ..ἔτι
1445 2445 1526 2498 ἕξις
1552 2447 1618 2490 λέ-

154 2526 272 2566 γεται
308 2510 364 2552 ἂν
389 2508 419 2565 ᾗ
446 2513 601 2564 μόριον
629 2510 863 2561 διαθέσεως
887 2513 1102 2565 τοιαύτης.
1160 2513 1340 2552 Maxime
1368 2511 1454 2563 ἕξιν
1480 2515 1616 2567 appel·

154 2579 229 2618 lari
258 2577 453 2618 διάθεσιν
481 2577 609 2628 φύσει
636 2578 911 2618 συνεστῶσαν
939 2592 962 2617 e
990 2584 1129 2616 nostro
1158 2579 1247 2616 loco
1269 2583 1448 2630 apparet.
1471 2581 1618 2618 87236

157 2641 201 2683 οἱ
235 2641 313 2693 μὲν
348 2641 504 2695 θερμοὶ
545 2643 664 2689 ὄντες
690 2640 763 2683 καὶ
791 2642 926 2696 ξηροί,
955 2641 984 2695 ἦ
1011 2640 1093 2693 γὰρ
1121 2644 1202 2683 τοῦ
1231 2640 1392 2694 ἀνδρὸς
1420 2641 1503 2692 ἕξις
1528 2656 1617 2683 τοι-

159 2707 279 2760 αύτη.
317 2710 497 2749 1335b9
522 2704 827 2760 πεπονημένην
854 2704 933 2758 μὲν
961 2701 1043 2747 οὖν
1069 2705 1178 2759 ἔχειν
1205 2706 1275 2747 δεῖ
1297 2704 1377 2761 τὴν
1403 2706 1511 2758 ἕξιν,
1550 2720 1619 2748 πε-

156 2770 403 2824 πονημένην
452 2771 498 2813 δὲ
539 2772 695 2819 πόνοις
730 2769 788 2825 μὴ
825 2771 1004 2824 βιαίοις,
1058 2770 1167 2824 μηδὲ
1209 2768 1318 2824 πρὸς
1363 2769 1441 2814 ἕνα
1479 2771 1619 2825 μόνον
