1748 3106
161 248 244 282 vm
727 248 1068 282 PRAEFATIO.

162 349 315 408 gismis
346 349 649 407 disputantur,
684 365 729 407 p.
755 351 814 394 19
839 364 932 406 sqq.
965 364 1079 407 quae
1108 348 1328 391 habentur
1355 349 1400 391 in
1428 349 1636 390 Laurent.

164 427 241 478 71,
263 427 324 470 32
357 426 414 469 de
446 427 669 485 categoria
693 422 808 467 ποτέ.
877 426 1052 468 Ioannis
1080 425 1182 467 Itali
1213 423 1266 483 (e
1296 425 1436 468 Marc.
1466 425 1560 470 265
1595 431 1639 466 et

162 503 370 546 Laurent.
405 504 482 554 71,
516 501 604 560 32)
647 508 691 544 et
721 502 890 560 Georgi
923 502 1110 545 Gemisti
1142 502 1312 544 scholia
1349 499 1401 559 (e
1433 501 1637 543 Riccard.

165 579 301 622 chart.
326 579 370 632 4,
396 578 485 637 76)
519 595 564 638 p.
593 580 649 623 13
675 594 783 636 Sqq-‚
820 594 863 636 p.
892 580 950 624 18
976 595 1039 636 sq.
1078 585 1122 622 et
1152 595 1197 637 p.
1222 580 1283 623 23
1320 579 1522 621 dedimus
1551 591 1639 620 non

163 661 269 710 tam,
291 658 393 713 quia
407 657 588 699 alicuius
612 657 821 698 momenti
845 672 895 698 ea
909 672 1002 699 esse
1021 656 1368 708 iudicaverimus,
1396 670 1527 712 quam
1546 661 1639 697 tum

164 749 220 775 ne
249 734 354 789 quid
387 733 745 791 praetermissum
774 733 974 776 videatur
993 733 1113 790 quod
1143 733 1311 790 aliquid
1335 733 1485 775 auxilii
1508 732 1639 788 ,nobis

165 810 280 852 ferre
300 810 517 867 potuerit,
552 810 713 852 tum'ut
736 811 888 867 quales
911 818 1109 853 auctores
1140 811 1211 852 isti
1233 810 1396 852 fuerint
1415 814 1641 867 appareat.

166 886 368 942 Denique
400 901 453 928 ex
482 887 580 928 cod.
601 887 738 929 Basil.
767 887 820 929 F.
841 887 898 929 ll.
929 889 988 932 21
1023 888 1195 929 initium
1227 886 1528 929 commentarii
1560 885 1642 927 de-

166 963 333 1021 perditi
362 963 602 1006 adiecimus
633 979 764 1020 quem
794 964 1048 1022 Simplicius
1081 964 1137 1006 de
1170 962 1418 1022 Categoriis
1450 962 1642 1005 conscri-

163 1040 266 1096 psit.
291 1064 354 1070 —
377 1038 614 1082 codicibus
634 1041 865 1098 descriptis
885 1042 1131 1083 notavimus
1152 1041 1273 1098 p.28
1289 1053 1357 1096 sq.
1379 1055 1490 1096 quae
1511 1032 1642 1101 praej-

163 1122 230 1158 ter
254 1132 306 1159 ea
327 1117 505 1173 quaein
527 1104 842 1160 commentario
872 1118 1157 1160 indicavimus
1183 1115 1248 1174 (v.
1273 1132 1316 1174 p.
1338 1116 1433 1160 438
1458 1122 1501 1159 et
1518 1113 1640 1173 473)

166 1193 211 1234 in
232 1193 411 1240 scholiis
435 1210 459 1235 a
473 1188 930 1237 Brandisio·c'ollectis
954 1194 1217 1252 corrigenda
1236 1194 1360 1235 nobis
1378 1194 1640 1235 viderentur.

264 1271 518 1326 Sequuntur
542 1270 720 1325 scholia·
736 1268 807 1328 (p.
832 1268 935 1328 30),
967 1272 1012 1313 in
1034 1273 1190 1328 quibus
1213 1270 1475 1329 colligendis
1496 1270 1641 1312 Bran-

167 1347 267 1389 disii
290 1348 543 1405 exemplum
577 1348 734 1388 imitati
767 1362 927 1400 sumus,
964 1349 1037 1403 qui
1062 1363 1197 1404 quum
1226 1363 1276 1389 ea
1296 1348 1467 1404 recepit
1488 1347 1643 1401 quibus

164 1424 270 1481 quid
290 1430 462 1466 veteres
486 1425 749 1480 interpretes
773 1423 830 1464 de
862 1425 1047 1480 singulis
1078 1425 1184 1464 locis
1210 1422 1422 1464 senserint
1442 1423 1643 1480 explice-

163 1507 247 1554 tur,
282 1507 375 1542 tum
407 1500 596 1542 maxime
638 1500 769 1541 etiam
800 1514 851 1540 ea
881 1514 993 1554 quae
1028 1499 1072 1540 in
1100 1499 1372 1541 recensendo
1408 1505 1450 1541 et
1491 1514 1641 1541 emen-

169 1577 321 1619 dando
352 1577 592 1619 Aristotele
620 1576 801 1618 alicuius
834 1576 1048 1618 momenti
1079 1591 1173 1618 esse
1204 1577 1376 1634 possint
1421 1573 1503 1633 (ad
1534 1576 1644 1618 haec

171 1654 288 1697 enim
331 1655 375 1696 in
421 1654 576 1711 primis
622 1668 720 1695 eum
764 1654 1010 1710 respexisse
1043 1658 1170 1710 patet
1215 1667 1267 1695 ex
1301 1653 1353 1695 iis
1389 1668 1500 1709 quae
1536 1653 1645 1695 dicit

165 1746 211 1789 p.
250 1732 341 1775 108
372 1729 490 1787 not.)
530 1737 573 1773 et
615 1745 728 1787 quae
769 1730 827 1772 ad
864 1729 1186 1787 philosophiae
1226 1730 1457 1772 historiam
1499 1730 1642 1788 perti-

166 1813 310 1850 neant.
378 1808 549 1850 Eadem
583 1808 719 1865 igitur
749 1807 920 1849 ratione
945 1807 1066 1849 ducti
1087 1822 1173 1864 qua
1190 1807 1268 1849 ille
1298 1806 1467 1848 scholia
1485 1807 1546 1849 ita
1568 1822 1643 1849 ex-

166 1885 423 1942 cerpsimus,
458 1891 506 1927 ut
537 1884 711 1926 collatis
742 1884 792 1926 iis
817 1899 928 1941 quae
959 1899 984 1925 a
1004 1884 1237 1926 Brandisio
1261 1884 1379 1926 edita
1410 1890 1508 1926 sunt
1532 1883 1644 1926 nihil

165 1961 417 2004 dederimus
439 1962 559 2018 quod
590 1962 636 2003 in
658 1961 726 2002 his
755 1961 826 2003 vel
854 1960 1009 2005 iisdem
1031 1961 1175 2003 verbis
1197 1975 1450 2018 expressum
1472 1961 1542 2002 vel
1563 1975 1640 2002 eo-

165 2038 267 2081 dem
287 2038 437 2092 modo,
468 2039 572 2080 licet
592 2038 688 2080 aliis
708 2038 867 2090 verbis,
901 2038 1149 2095 expositum
1176 2037 1419 2094 legeretur:
1455 2052 1644 2093 namque

164 2114 254 2156 hoc
285 2129 462 2172 semper
493 2114 619 2156 nobis
650 2116 933 2171 propositum
964 2115 1060 2167 fuit,
1096 2119 1144 2155 ut
1168 2128 1280 2170 quae
1314 2113 1484 2156 dederit
1511 2114 1588 2156 ille
1618 2130 1644 2157 a

166 2191 316 2246 nobis,
347 2191 383 2233 si
406 2191 503 2233 fieri
522 2196 699 2249 posset,
743 2190 1070 2248 supplerentur.
1137 2190 1286 2232 Labor
1305 2191 1482 2246 quidem
1515 2197 1647 2247 atque

166 2268 280 2311 adeo
311 2267 531 2322 taedium,
579 2267 699 2324 quod
731 2252 995 2325 interpretes
1028 2267 1277 2326 perlegenti
1305 2267 1426 2310 haud
1447 2282 1544 2309 raro
1573 2269 1643 2310 fa—

168 2347 301 2398 ciunt,
346 2346 484 2389 maius
520 2345 759 2402 aliquando
792 2345 876 2387 fuit
909 2360 1039 2401 quam
1075 2345 1196 2400 quod
1226 2350 1412 2403 propter
1441 2344 1645 2399 fructum,

166 2423 241 2477 qui
258 2422 362 2464 inde
382 2423 648 2480 proveniret,
671 2421 946 2464 subeundum
966 2422 1213 2464 videretur:
1234 2421 1354 2478 quod
1379 2436 1644 2477 quamquam

167 2512 304 2556 opere
331 2500 400 2541 vix
432 2499 610 2557 incepto
632 2495 955 2557 perspeximus,
990 2514 1126 2555 quum
1155 2499 1294 2541 virum
1319 2499 1643 2556 sagacissimum

167 2574 558 2632 doctissimumque
590 2577 710 2619 idem
733 2582 777 2619 et
806 2576 1051 2634 suscepisse
1085 2582 1128 2618 et
1154 2576 1382 2634 praeclare
1416 2575 1644 2633 peregisse

166 2653 540 2711 intelligeremus,
590 2660 740 2696 tamen
779 2653 937 2712 religio
982 2653 1107 2696 nobis
1161 2653 1244 2696 fuit
1293 2653 1644 2710 praetermittere

135 2778 137 2780 ¹
168 2729 287 2787 quod
311 2730 439 2788 operi
469 2731 606 2773 semel
632 2737 837 2789 suscepto
865 2731 1033 2788 aliquid
1058 2730 1298 2772 adiumenti
1322 2729 1480 2772 afferre
1511 2744 1645 2788 posse

165 2806 401 2850 videretur.
470 2807 523 2850 In
558 2807 739 2850 scholiis
773 2807 1072 2851 exscribendis
1103 2808 1174 2850 vix
1207 2807 1301 2862 erit,
1347 2807 1521 2865 opinor,
1569 2807 1644 2864 qui
