1716 3120
167 204 246 244 444
694 204 947 249 Analytica
968 204 1136 248 prlora.

219 312 309 340 men
333 300 432 340 ¹ferri
461 304 601 353 potest,
639 312 758 350 quum
796 297 907 353 πλὴν
934 301 1093 353 saepius
1121 311 1198 339 non
1225 299 1444 351 excipiendi
1470 300 1546 339 vim
1575 302 1645 340 ha-

222 365 329 414 bent,
358 364 427 403 sed
457 363 668 402 definiendi
696 367 737 401 et
763 363 968 407 imitandi,
1009 376 1085 413 quo
1113 374 1230 401 sensu
1256 363 1462 403 habuimus
1488 364 1646 411 421139,

221 426 276 466 cf.
307 427 478 465 119b22
505 421 619 464 ἔσται
646 422 727 477 γὰρ
753 424 824 465 καὶ
850 425 1042 476 ἀναιρεῖν
1069 423 1141 465 καὶ
1165 424 1497 473 κατασκευάζειν,
1537 422 1648 477 πλὴν

223 485 269 529 ἐκ
296 487 374 539 μὲν
399 490 478 528 τοῦ
506 486 661 538 ὁμοίως
687 487 917 541 ἀμφότερα,
946 485 992 529 ἐκ
1020 485 1066 528 δὲ
1082 490 1162 528 τοῦ
1180 480 1307 540 ἧττον
1325 487 1647 537 κατασκευάζειν

222 551 370 603 μόνον.
424 551 571 590 Similis
598 551 849 602 pieonasmus
877 556 938 591 est
965 553 1166 591 10341119
1199 550 1287 591 ἀλλ’
1314 550 1341 604 ἢ
1370 550 1546 604 δυνάμει
1572 550 1647 603 μό-

224 628 316 655 νον.
353 635 406 643 ·-
457 613 516 653 De
544 612 644 666 δόξῃ
671 627 707 652 ν.
730 615 846 653 Biese
865 615 894 653 1.
918 628 954 666 p.
975 617 1049 652 163
1077 618 1158 652 not.
1184 616 1222 655 4.
1251 615 1450 654 Aristotel.
1480 616 1649 664 1112ιι8

223 676 453 728 δοξάζομεν
473 676 500 716 ἃ
521 677 573 717 οὐ
590 677 704 718 πάνυ
723 676 864 728 ἴσμενι
893 690 1014 727 quare
1033 689 1266 728 quamquam
1285 690 1361 716 non
1383 678 1499 717 datur
1520 677 1648 716 scien-

223 742 280 782 tia
305 740 391 780 τῶν
418 738 627 791 άορίστων
654 739 724 781 διὰ
750 739 797 780 τὸ
824 741 1007 779 ἄτακτον
1034 734 1142 780 εἶναι
1167 738 1214 779 τὸ
1244 737 1374 790 μέσον
1394 743 1448 786 (ν.
1465 741 1647 788 32b19),

221 809 355 845 tamen
383 805 596 843 eorundem
625 806 740 844 datur
768 803 883 853 δόξα,
911 803 963 844 cf.
979 803 1110 841 Ritter
1122 803 1267 841 Gesch.
1282 802 1435 842 d.Phil.
1455 801 1518 840 ΙΙΙ.
1533 815 1569 852 p.
1584 803 1647 840 54.

221 869 395 909 254a29
421 865 449 919 ἦ
475 865 556 918 γὰρ
585 867 798 919 φαντασία
824 865 896 907 καὶ
922 864 950 917 ἦ
976 863 1078 913 δόξα
1103 864 1286 917 κινήσεις
1311 863 1420 911 τινὲς
1446 858 1554 903 εἶναι
1577 862 1648 903 δο-

222 934 385 972 κοῦσιν.
438 932 718 969 427ὺ1Ί-24
747 927 876 978 δόξαν
902 942 923 967 a
952 927 1164 982 φαντασίᾳ
1190 930 1245 967 ita
1273 928 1493 979 distinguit,
1520 931 1566 966 ut
1583 927 1649 966 illa

221 1007 298 1035 non
326 1007 349 1032 e
376 997 510 1032 nostro
539 994 698 1031 arbitrio
726 993 909 1044 pendeat,
934 992 1081 1043 quippe
1108 1005 1207 1042 quae
1226 991 1449 1030 necessario
1468 994 1536 1029 aut
1557 1002 1649 1028 vera

221 1058 274 1096 sit
300 1061 367 1095 aut
392 1055 508 1103 falsa,
535 1055 678 1094 deinde
708 1057 823 1094 etiam
852 1068 913 1104 eo,
940 1055 1044 1105 quod
1071 1067 1144 1106 per
1159 1054 1263 1092 illam
1291 1053 1437 1104 aliquid
1457 1053 1650 1103 patiamur

221 1133 258 1160 e.
286 1133 320 1159 c.
348 1119 547 1166 timentes,
574 1119 672 1157 haec
697 1131 792 1157 vero
819 1117 1055 1169 imaginibus
1083 1118 1162 1155 suis
1191 1117 1360 1155 animum
1388 1128 1464 1154 non
1491 1119 1648 1166 pertur-

220 1185 302 1233 bet,
341 1181 392 1220 cf.
423 1182 596 1219 428a19
626 1193 726 1231 sqq„
765 1181 819 1221 ib.
851 1182 902 1218 22
938 1179 1049 1231 πάσῃ
1084 1178 1162 1230 μὲν
1190 1178 1290 1231 δόξῃ
1326 1178 1558 1219 άκολουθεῖ
1581 1175 1648 1216 πί-

222 1254 323 1295 στις,
351 1242 484 1283 πίστει
512 1242 558 1283 δὲ
583 1242 631 1282 τὸ
658 1245 893 1293 πεπεῖσθαι,
919 1244 1065 1283 πειθοῖ
1089 1241 1134 1283 δὲ
1159 1243 1298 1294 λόγος.
1352 1243 1409 1283 Ib.
1438 1244 1488 1280 2¹1
1517 1240 1648 1293 δῆλον

221 1308 287 1350 ὅτι
313 1306 392 1348 οὐκ
418 1308 549 1348 ἄλλου
577 1305 691 1353 τινός
719 1304 830 1347 ἐστιν
855 1306 883 1360 ἦ
912 1306 1027 1355 δόξα,
1055 1305 1143 1346 ἀλλ’
1172 1304 1335 1346 ἐκείνου
1359 1302 1472 1344 ἐστὶν
1500 1295 1552 1344 οὗ
1578 1301 1649 1342 καὶ

222 1371 428 1423 αἴσθησις.
484 1372 536 1410 b]
570 1370 618 1410 τὸ
645 1365 725 1410 οὖν
752 1369 982 1421 φαίνεσθαί
999 1367 1084 1409 ἐστι
1110 1369 1158 1410 τὸ
1177 1368 1363 1418 δοξάζειν
1380 1366 1480 1418 ὅπερ
1500 1364 1649 1407 αἰσθά-

220 1449 336 1478 νεται
363 1431 420 1486 μὴ
447 1432 553 1474 κατὰ
589 1434 864 1486 συμβεβηκός.
928 1435 1053 1484 Quam
1090 1437 1200 1472 arcto
1235 1433 1389 1471 vinculo
1423 1431 1650 1470 coniunctae

223 1501 302 1540 sint
329 1496 430 1546 δόξα
456 1502 496 1536 et
523 1496 730 1547 αἴσθησις,
768 1510 867 1547 quae
895 1501 1144 1548 opponuntur
1170 1496 1247 1546 ipsi
1275 1494 1443 1542 veritati,
1480 1492 1651 1531 ostendit

221 1563 346 1602 43b8
367 1574 426 1612 sq.
455 1565 495 1599 et
516 1561 691 1598 318b27
719 1558 941 1611 συμβαίνει
969 1557 1022 1610 δὴ
1049 1556 1156 1598 κατὰ
1182 1557 1310 1605 δόξαν
1335 1554 1407 1597 καὶ
1432 1556 1521 1596 κατ’
1549 1553 1649 1606 άλή-

222 1628 347 1666 θειαν
373 1624 508 1669 ἄλλως
528 1620 575 1662 τὸ
596 1620 790 1674 γίνεσθαί
809 1635 852 1661 τε
870 1620 1011 1668 ἁπλῶς
1029 1619 1100 1661 καὶ
1116 1621 1163 1660 τὸ
1183 1618 1455 1672 φθείρεσθαι·
1482 1619 1650 1668 πνεῦμα

222 1688 304 1741 γὰρ
333 1684 404 1727 καὶ
429 1684 510 1738 άὴρ
538 1683 645 1725 κατὰ
671 1683 748 1735 μὲν
773 1682 852 1736 τὴν
878 1684 1078 1736 αἴσθησιν
1104 1676 1231 1736 ἧττόν
1251 1681 1362 1723 ἐστιν
1382 1711 1392 1721 .
1414 1712 1424 1723 .
1445 1711 1456 1723 .
1476 1679 1582 1721 κατὰ
1610 1679 1649 1720 δ’

222 1751 426 1803 ἀλήθειαν
461 1750 621 1800 μᾶλλον
659 1746 756 1787 τόδε
792 1759 846 1786 τι.
911 1749 1088 1799 Apparet
1123 1746 1322 1797 αἴσθησιν
1359 1745 1525 1796 positam
1562 1756 1651 1782 esse

220 1828 294 1869 pro
322 1812 436 1865 δόξῃ
464 1816 603 1864 utpote
631 1824 730 1861 quae
758 1823 807 1849 ex
832 1810 899 1848 illa
926 1813 1108 1848 nascatur
1135 1811 1405 1860 (opponuntur
1426 1808 1528 1846 enim
1550 1804 1652 1854 δόξα

223 1883 264 1918 et
290 1876 470 1930 ἀλήθεια
496 1879 540 1914 ut
566 1871 797 1925 διαλεκτικὴ
821 1877 862 1912 et
883 1870 1165 1924 ἀποδεικτική,
1192 1884 1229 1910 v.
1248 1872 1451 1917 46a10):
1477 1870 1651 1908 4581112

223 1941 277 1982 οὐ
313 1939 396 1992 γὰρ
430 1937 566 1990 μόνον
603 1936 652 1976 τὸ
689 1935 868 1986 προσιόν
895 1948 1035 1987 φαμεν
1060 1936 1296 1985 ἄνθρωπον
1321 1932 1348 1984 ἢ
1377 1932 1505 1972 ι’ππον
1531 1926 1652 1981 εἶναι,

221 2003 328 2045 ἄλλα
353 2001 426 2043 καὶ
451 1999 604 2041 λευκὸν
629 1999 656 2051 ἢ
682 1999 834 2039 καλόν·
863 1989 924 2038 ὧν
950 1997 978 2050 ἦ
1005 1997 1107 2046 δόξα
1133 1998 1236 2037 ἄνευ
1265 1996 1500 2048 αἰσθήσεως
1525 1993 1652 2035 οὐδεν

224 2082 278 2108 αν
311 2066 484 2119 φήσειεν
523 2064 612 2104 οὔτ’
650 2061 822 2114 άληθῶς
858 2063 956 2102 οὔτε
990 2059 1170 2109 ψευδῶς.
1237 2062 1384 2098 459a6
1419 2056 1486 2098 ὅτε
1520 2056 1597 2110 μὲν
1623 2056 1652 2110 ἦ

221 2130 326 2180 δόξα
351 2127 460 2181 λέγει
487 2126 550 2168 ὅτι
575 2126 736 2175 ψεῦδος
759 2123 826 2166 τὸ
836 2124 1064 2177 ὁρώμενον,
1094 2121 1233 2174 ὥσπερ
1260 2120 1548 2174 εγρῃγορόσιν,
1584 2119 1652 2162 ὁτὲ
1685 2171 1691 2174 ξ

227 2193 274 2236 δὲ
299 2193 510 2246 κατέχεται
535 2189 608 2231 καὶ
634 2189 868 2230 ἀκολουθεῖ
890 2192 947 2240 τῷ
975 2186 1251 2240 φαντάσματι.
1315 2187 1492 2224 4131327
1527 2182 1579 2224 τὰ
1607 2182 1653 2224 δὲ

224 2256 351 2299 λοιπὰ
377 2256 506 2307 μόρια
532 2256 607 2308 τῆς
631 2255 770 2328 ψυχῆς
797 2251 986 2304 φανερὸν
1013 2265 1060 2292 εκ
1085 2249 1249 2290 τούτων
1276 2246 1339 2288 ὅτι
1366 2247 1445 2288 οὐκ
1470 2244 1557 2288 ε’στι
1571 2260 1652 2299 χω-

225 2320 361 2374 ριστά,
399 2318 592 2368 καθάπερ
629 2315 739 2364 τινές
766 2324 921 2367 φασιν·
963 2316 1022 2370 τῷ
1050 2312 1096 2354 δὲ
1121 2313 1233 2366 λόγω
1261 2310 1324 2351 ὅτι
1349 2308 1484 2362 ἔτερα,
1521 2323 1651 2361 φανε-

223 2384 322 2436 ρόν·
365 2382 597 2436 αἰσθητικῷ
631 2380 713 2433 γὰρ
749 2374 857 2420 εἶναι
890 2376 962 2419 καὶ
989 2359 1216 2428 δοξαστικῷ
1243 2374 1396 2426 ἕτερον,
1433 2373 1546 2425 ε’ίπερ
1579 2372 1653 2414 καὶ

224 2448 274 2489 τὸ
301 2446 585 2487 αἰσθάνεσθαι
610 2447 688 2485 τοῦ
717 2442 914 2493 δοξάζειν.
980 2442 1106 2491 Quam
1143 2440 1334 2478 rationem
1367 2438 1513 2476 habeat
1549 2436 1652 2486 δόξα

225 2511 275 2550 ad
300 2509 513 2562 ὑπόληψιν
539 2522 575 2550 ν.
596 2509 728 2555 8932,
756 2519 872 2557 quem
899 2506 1029 2544 locum
1058 2503 1324 2543 adscribamus
1351 2500 1399 2538 ad
1426 2501 1511 2538 661)
1524 2501 1589 2541 19.

173 2575 298 2614 43b5
327 2569 391 2621 οἷς
417 2572 456 2613 δ’
485 2570 626 2612 αὐτὸ.
685 2597 696 2608 .
750 2570 810 2608 Ea
844 2568 894 2607 de
934 2568 1074 2618 quibus
1110 2562 1254 2616 aliquid
1289 2575 1366 2602 non
1400 2563 1652 2613 praedicatur

224 2649 303 2676 non
330 2638 475 2677 debent
503 2634 619 2681 sumi,
647 2634 735 2685 quia
763 2631 899 2671 eadem
927 2634 1018 2670 sunt
1045 2633 1162 2680 atque
1182 2640 1229 2665 ea
1255 2637 1355 2675 quae
1381 2626 1433 2664 de
1459 2626 1546 2676 ipso
1573 2636 1652 2664 non

225 2700 525 2750 praedicantur·
562 2698 640 2736 illis
678 2696 799 2747 igitur·
823 2698 988 2745 propter
1014 2690 1304 2733 conversionem
1333 2700 1409 2725 non
1436 2700 1535 2739 opus
1561 2686 1651 2726 erit.

174 2761 299 2802 4311}
338 2763 472 2802 Invitis
511 2759 711 2800 codicibus
747 2757 921 2797 melioris
958 2759 1073 2796 notae
1107 2751 1285 2793 omnibus
1322 2750 1566 2790 servavimus
1593 2746 1651 2795 ὡς
