1794 3086
624 195 874 242 Annlytlca
897 194 1074 241 priora.
1514 197 1594 236 503

139 294 382 336 contrarium
408 298 494 343 est,
521 295 690 335 assumit
714 294 831 335 aliam
861 294 1191 348 propositionem,
1219 306 1324 347 quse
1349 295 1404 335 its
1430 308 1592 349 compa-

138 363 224 400 rata
261 372 355 400 esse
390 358 535 408 debet,
576 363 647 410 ut,
685 359 720 398 si
758 360 942 411 iungatur
975 358 1124 411 priori,
1159 359 1232 400 fiat
1259 359 1512 412 syllogismus
1542 382 1592 390 —

138 424 207 476 qui
233 424 394 476 quidem
422 423 677 477 syllogismus
705 424 740 462 si
767 424 858 463 fleri
885 424 1008 463 debet
1033 423 1074 463 in
1102 424 1230 476 prima
1255 424 1404 475 figura,
1445 437 1592 476 propo·

137 488 232 528 sitio
258 493 437 528 assumta
463 494 534 528 aut
561 488 740 539 incipere
767 487 888 527 debet
921 501 944 526 a
983 489 1156 528 termino
1184 487 1221 528 Β
1250 493 1318 528 aut
1343 488 1528 528 desinere
1554 489 1593 528 in

136 552 352 593 terminum
380 554 441 601 A;
468 552 504 592 si
528 552 567 591 in
596 551 783 602 secunda,
812 551 991 603 incipere
1019 551 1142 592 debet
1168 553 1217 591 ab
1242 554 1305 602 A;
1333 553 1368 592 si
1394 553 1433 593 in
1458 553 1592 603 tertia,

137 616 324 656 desinere
351 617 471 656 debet
496 617 536 656 in
564 615 616 655 Β.
671 615 853 667 Denique
880 615 921 654 id
950 616 1058 667 quod
1085 617 1240 668 cogitur
1266 618 1481 657 absurdum
1501 630 1593 657 esse

135 681 318 733 ponitur,
351 681 459 720 unde
495 680 692 732 colligitur
725 679 874 719 falsum
908 679 1042 720 fuisse
1069 681 1174 732 quod
1201 681 1250 720 ab
1278 682 1389 721 initio
1417 685 1592 722 sumtum

136 749 212 786 est.

83 811 233 850 61239
259 809 391 859 Quum
418 808 460 849 in
487 808 615 861 prima
644 810 773 862 figura
801 807 1074 860 syllogismum
1102 808 1366 849 universalem
1385 808 1591 850 affirman-

134 879 216 914 tem
244 886 322 912 non
356 873 517 926 probari
554 887 628 926 per
664 873 879 913 absurdum
916 872 1262 914 demonstraturus
1301 874 1378 923 sit,
1423 875 1592 914 assumit

99 978 102 985 ,
135 937 454 991 propositiones,
500 950 551 978 ex
588 939 732 990 quibus
763 951 855 978 cum
882 937 962 977 AB
990 936 1210 978 coniunctis
1236 937 1328 979 fieri
1354 938 1482 991 possit
1508 938 1590 991 syl-

134 1003 326 1053 logismus
352 1002 394 1042 in
422 1003 550 1054 prima
577 1003 723 1056 figura.

82 1067 206 1107 (3le
234 1065 329 1108 οὐδ’
357 1063 462 1107 ὅταν
491 1094 502 1104 .
521 1096 533 1108 .
554 1096 564 1107 .
617 1065 837 1120 ὑπάρχειν.
891 1066 1031 1106 Facile
1057 1066 1120 1106 his
1148 1079 1400 1118 careremus,
1447 1066 1483 1106 si
1520 1067 1590 1106 nb-

135 1135 293 1180 essent,
334 1145 455 1184 quum
483 1131 587 1170 hanc
614 1132 931 1184 propositionum
960 1130 1275 1189 coniugationem
1303 1132 1382 1171 iam
1409 1131 1590 1183 comple-

135 1208 211 1236 xus
249 1196 303 1236 sit
337 1208 398 1235 vs.
427 1197 452 1234 1
485 1193 846 1247 ὁποτερωθενοῦν
880 1196 956 1249 τῆς
992 1207 1063 1248 πρ.
1100 1195 1248 1248 λαμβ.,
1294 1209 1423 1247 neque
1457 1198 1592 1236 tamen

135 1264 351 1313 propterea
377 1273 401 1300 e
427 1264 618 1300 contextu
655 1261 848 1301 eiicienda
887 1266 1000 1300 sunt:
1053 1274 1143 1300 nam
1165 1260 1419 1300 ‹Aristoteles
1461 1260 1591 1312 (quod

135 1324 306 1364 vidimus
327 1324 377 1364 ad
392 1326 444 1363 36
456 1327 535 1371 a9)
551 1337 787 1378 quamquam
810 1326 943 1365 brevis
974 1338 1064 1364 esse
1091 1325 1206 1375 solet,
1235 1330 1370 1364 tamen
1389 1324 1589 1364 interdum

135 1388 250 1442 plura
275 1388 376 1428 dicit
403 1402 520 1440 quam
559 1402 663 1440 qnae
698 1390 796 1429 satis
825 1394 939 1429 sunt:
989 1390 1188 1428 1295b30
1216 1390 1314 1430 οὔτε
1346 1387 1429 1441 γὰρ
1466 1386 1590 1429 αὐτοὶ

133 1452 222 1493 τῶν
248 1450 485 1504 ἀλλοτρίων
512 1449 654 1506 ὥσπερ
683 1452 727 1494 οἱ
750 1450 924 1506 πένητες
950 1451 1250 1507 ἐπιθυμοῦσιν,
1280 1454 1378 1494 οὔτε
1396 1455 1471 1507 τῆς
1485 1452 1590 1494 τού-

133 1531 222 1559 των
249 1514 406 1570 ἕτεροι,
446 1516 642 1569 καθάπερ
678 1519 754 1572 τῆς
786 1519 875 1558 τῶν
910 1517 1132 1571 πλουσίων
1168 1517 1211 1558 οῖ
1235 1516 1410 1569 πένητες
1435 1516 1589 1558 ἐπιθυ-

133 1585 305 1636 μοῦσιν.
359 1584 539 1623 920b25
567 1580 615 1623 έν
642 1580 690 1622 δὲ
715 1586 775 1634 τῷ
802 1582 922 1635 ᾄδειν
958 1583 1007 1624 τὸ
1040 1578 1116 1634 ὀξὺ
1152 1582 1375 1634 δυνάμεως
1403 1585 1590 1636 σημεῖον.

133 1646 183 1689 τὸ
220 1644 298 1700 μὲν
333 1644 416 1699 γὰρ
454 1645 657 1699 σφοδρῶς
692 1646 933 1699 φερόμενον
968 1643 1074 1700 ταχὺ
1113 1646 1306 1699 φέρεται,
1345 1646 1400 1688 δι’
1438 1644 1462 1688 ὃ
1500 1646 1589 1696 (διὸ

133 1713 255 1759 Bkk.)
281 1710 330 1752 τὸ
358 1705 433 1760 ὀξὺ
462 1710 686 1763 δυνάμεως
712 1713 900 1762 σημεῖον.
957 1713 1133 1751 783b12
1159 1715 1361 1753 τοιοῦτον
1383 1710 1488 1753 δέτι
1508 1711 1589 1754 πά-

133 1778 217 1824 θος
241 1773 314 1816 καὶ
339 1774 368 1829 ἡ
395 1775 666 1828 φαλακρότης
692 1773 806 1816 ἐστὶν
834 1773 902 1816 ἐπὶ
927 1776 1015 1816 τῶν
1041 1774 1309 1827 α’νθρώπων,
1339 1774 1456 1824 ὅσοις
1482 1784 1589 1828 συμ-

135 1841 275 1895 βαίνει
301 1842 648 1892 φαλακροῦσθαι.
703 1841 853 1880 *140112
880 1839 928 1881 τὸ
956 1834 1062 1890 αἷμα
1097 1839 1176 1893 μὲν
1211 1840 1352 1894 τροφή
1388 1838 1524 1892 ἐστιν,
1560 1839 1590 1895 ἦ

135 1905 182 1948 δὲ
207 1904 363 1959 καρδία
390 1904 534 1957 πρώτη
561 1903 722 1957 γίνεται
749 1903 920 1958 ἔναιμος
948 1899 1056 1946 οὖσα
1065 1937 1077 1956 ,
1103 1905 1152 1945 τὸ
1182 1903 1219 1945 δ’
1248 1899 1352 1958 αἷμα
1378 1906 1533 1960 τροφή,
1559 1905 1589 1960 ἦ

134 1969 182 2014 δὲ
208 1968 349 2023 τροφὴ
375 1969 587 2022 θύραθεν.
642 1973 719 2010 ‘155
736 1970 824 2010 b20
850 1972 936 2011 νῦν
963 1969 1002 2010 δ’
1030 1968 1074 2011 οἱ
1098 1967 1177 2022 μὲν
1204 1968 1348 2023 ἔχουσι
1369 1969 1526 2022 θορικὰ
1547 1970 1591 2012 οἱ

135 2035 174 2078 δ’
201 2034 393 2087 ὑστέρας,
421 2033 494 2076 καὶ
523 2032 571 2075 έν
598 2032 758 2075 ἅπασιν
785 2032 862 2084 ἔξω
890 2034 1032 2086 δυοῖν,
1061 2032 1298 2086 ἐρυθρίνου
1316 2033 1389 2076 καὶ
1415 2037 1587 2089 χάννης,

133 2099 242 2154 αὕτη
266 2099 380 2142 ἐστὶν
396 2098 427 2154 ἦ
446 2098 655 2153 διαφορά·
686 2098 817 2152 οἱμὲν
827 2098 910 2153 γὰρ
922 2097 1081 2151 θορικὰ
1091 2096 1263 2152 ἔχουσιν
1282 2099 1326 2141 οἱ
1337 2099 1376 2141 δ’
1390 2099 1585 2152 ὑστέρας.

135 2168 246 2206 'moa
258 2167 308 2204 13
337 2163 380 2205 οἱ
412 2163 491 2216 μὲν
527 2164 610 2217 γὰρ
644 2162 848 2217 ἡγεμόνες
882 2164 1050 2218 μεγέθει
1085 2162 1163 2216 μὲν
1203 2163 1347 2218 ὅμοιοί
1383 2163 1463 2205 εἰσι
1497 2167 1588 2214 τοῖς

133 2230 296 2284 κηφῆσι
321 2229 381 2285 τῷ
410 2227 456 2270 δὲ
481 2227 661 2280 κέντρον
689 2225 797 2282 ἔχειν
832 2231 926 2278 ταῖς
960 2228 1179 2281 μελίτταις.
1230 2228 1276 2270 αἱ
1300 2227 1379 2281 μὲν
1406 2224 1487 2270 οὖν
1513 2227 1585 2282 μέ-

134 2296 270 2336 λιτται
294 2292 404 2335 κατὰ
429 2294 547 2334 τοῦτ’
587 2291 775 2335 ἐοίκασιν
803 2294 967 2345 αὐτοῖς,
1005 2293 1049 2335 οἱ
1084 2293 1130 2335 δὲ
1167 2296 1356 2349 κηφῆνες
1391 2293 1499 2336 κατὰ
1536 2294 1585 2336 τὸ

134 2358 328 2413 μέγεθος.
383 2359 530 2398 Ultima
559 2365 746 2411 quattuor
774 2361 958 2412 exempla
984 2360 1107 2399 libros
1137 2360 1187 2398 de
1214 2361 1471 2412 generatione
1501 2361 1584 2399 ani-

135 2425 296 2464 malium
327 2424 422 2463 satis
450 2423 527 2462 levi
557 2424 718 2463 brachio
748 2430 928 2464 exaratos
958 2436 1050 2463 esse
1070 2424 1306 2463 ostendunt:
1337 2424 1388 2463 cf.
1409 2425 1584 2464 '124014

134 2486 243 2541 ἀρχὴ
272 2485 318 2529 δὲ
344 2485 415 2529 καὶ
442 2485 598 2539 ταύτης
625 2490 700 2542 τῆς
740 2485 927 2537 σκέψεως
954 2486 1026 2528 καὶ
1052 2487 1139 2527 τῶν
1165 2483 1384 2540 ἑπομένων
1409 2488 1584 2540 πρῶτον

134 2553 283 2607 λαβεῖν
307 2550 404 2604 περὶ
430 2549 666 2605 σπέρματος
691 2551 732 2592 τί
758 2548 884 2594 ἐστιν.
941 2554 1092 2592 744a7
1131 2548 1271 2592 ἔπειτα
1307 2549 1494 2607 ἐνεργείᾳ
1518 2567 1582 2605 γι-

134 2619 295 2671 νόμενα
330 2616 521 2670 ὕστερον.
585 2619 663 2657 ’147
685 2618 709 2657 b
730 2619 781 2657 12
819 2615 1072 2669 ἀμφοτέρως
1105 2614 1284 2669 α”ῤῥενος
1321 2616 1392 2658 καὶ
1426 2617 1583 2671 θήλεος

136 2681 430 2735 ὁποτερουοῦν
457 2684 592 2730 ὄντος.
621 2705 671 2712 -
717 2684 832 2723 6801,
845 2685 896 2721 19
923 2679 1030 2723 κατὰ
1056 2680 1285 2734 διάμετρον
1319 2681 1402 2735 γὰρ
1437 2681 1492 2724 ἂν
1526 2677 1582 2736 ἦν

138 2745 209 2788 διὰ
234 2747 283 2789 τὸ
311 2747 470 2801 ὁμοίως
495 2747 585 2789 δεῖν
611 2744 719 2799 ἔχειν
744 2742 794 2787 τὸ
819 2743 946 2787 ἔνθεν
972 2743 1044 2787 καὶ
1071 2745 1210 2796 ἔνθεν,
1238 2746 1274 2788 εἰ
1289 2741 1344 2800 ἦν
1364 2749 1490 2800 ἄρτια
1510 2745 1582 2789 καὶ

138 2810 245 2854 κατὰ
271 2811 511 2867 διάμετρον.
563 2814 709 2853 68888
736 2808 761 2853 ὁ
786 2809 870 2865 γὰρ
897 2808 1085 2864 πέμπτος
1119 2808 1259 2869 ὥσπερ
1291 2811 1316 2854 ό
1341 2814 1418 2868 τῆς
1442 2811 1581 2866 χειρὸς
