1838 3086
651 203 1024 237 Hermeneutica.
1486 200 1594 240 -851

131 302 279 343 falsum
317 315 434 354 quam
474 302 581 353 quod
618 302 714 341 dicit
741 303 808 352 qui
836 303 924 341 sine
952 299 1163 352 negatione
1190 299 1422 352 pronuntiat
1450 311 1596 340 nomen

133 368 197 406 vel
225 367 411 416 verbum,
451 368 541 417 quia
578 379 723 405 nomen
760 379 850 404 cum
879 366 1090 417 negatione
1118 365 1370 404 coniunctum
1399 365 1594 411 (16b15)

132 429 202 483 ἐφ’
229 430 421 472 ὁτουοῦν
446 430 627 483 ὑπάρχει
652 426 727 471 καὶ
752 430 880 477 ὄντος
906 428 978 469 καὶ
1004 425 1063 482 μὴ
1091 430 1229 477 ὄντος.
1257 451 1306 459 --
1334 427 1405 469 Vs.
1434 430 1486 466 33
1515 426 1596 467 οὐκ

133 494 212 536 εἰσὶ
250 494 319 536 δέε
363 496 532 534 sumitur
573 496 679 534 euim
718 495 757 533 in
798 495 862 533 his
903 493 952 534 τὸ
991 494 1074 534 οὐκ
1111 495 1370 544 ἄνθρωπος,
1415 498 1458 531 ut
1496 493 1596 531 dixit

135 563 302 608 191132,
331 566 374 598 ut
412 573 477 599 res
514 573 592 598 una
621 559 814 609 quaedam
845 560 1016 598 orationi
1044 560 1242 599 subiecta.
1274 579 1322 586 —
1352 557 1471 608 Quod
1501 557 1596 595 dicit

133 638 190 663 vs.
220 628 284 670 37,
314 625 354 662 id
384 625 459 661 iam
489 623 725 674 significavit
753 637 810 664 VS.
842 625 881 664 2.

0 706 5 712 ·
79 690 227 727 20:13³
265 688 455 726 Dedimus
491 685 681 738 δόξαιεν,
735 689 840 739 quod
883 687 1060 727 nonnuili
1101 688 1218 726 codd.
1259 700 1350 726 cnm
1386 684 1597 725 Ammonio

131 752 280 800 (schol.
310 751 510 797 125b36)
541 753 754 802 praebent:
791 765 905 791 error
944 753 1049 790 enim
1089 765 1207 802 quem
1247 751 1437 789 meliores
1477 749 1594 789 codd.

131 816 432 865 commiserunt,
455 817 521 866 qui
557 816 706 856 habent
742 815 922 867 δόξειεν,
958 817 1018 855 sic
1047 815 1175 855 levior
1203 819 1267 853 est
1295 827 1414 865 quam
1442 815 1477 852 si
1506 827 1595 854 cum

131 881 245 920 Bkko
274 880 425 919 scribas
455 879 646 931 δόξειαν,
676 882 782 933 quod
811 882 878 920 ille
906 886 1120 933 propterea
1148 879 1307 918 videtur
1336 878 1594 930 praetulisse,

133 946 241 997 quod
288 945 326 982 in
363 947 548 994 sequenti
585 943 640 984 ἂν
676 946 759 984 vitii
799 946 992 996 originem
1033 944 1338 995 deprehendere
1376 943 1453 982 sibi
1489 943 1596 981 visus

132 1014 206 1049 est.
249 1008 374 1047 Nobis
407 1008 577 1047 alterum
607 1010 732 1060 magis
761 1009 925 1060 placuit,
953 1010 992 1047 in
1021 1021 1099 1058 quo
1126 1009 1245 1045 etiam
1276 1008 1369 1045 edd.
1391 1020 1471 1057 prr.
1502 1019 1597 1045 con-

132 1073 321 1112 sentiunt.
380 1071 599 1123 Utriusque
620 1073 776 1111 formae
810 1073 995 1124 exempla
1028 1073 1067 1111 in
1086 1070 1301 1110 Aristotele
1328 1070 1597 1122 reperiuntur.

131 1137 306 1175 1297a4
330 1133 622 1187 ὑπομείνειαν,
663 1138 860 1175 1323ηὲὗό
900 1135 1244 1188 συγχωρήσειαν,
1282 1134 1354 1174 sed
1394 1135 1534 1174 1283b
1550 1135 1598 1173 15

131 1199 312 1250 δόξαιεν,
343 1202 540 1239 12872241
570 1200 805 1254 ζητήσαιεν,
836 1214 938 1251 quae
969 1201 1066 1239 Bkk.
1096 1200 1260 1251 recepit.

77 1268 227 1306 20:135
257 1262 451 1312 εἰπόντος
474 1272 568 1318 post
594 1268 690 1315 rofi„
719 1279 840 1316 quum
869 1264 1150 1317 explicationis
1177 1263 1300 1314 gratia
1328 1261 1508 1302 additum
1537 1262 1597 1300 vi-

132 1331 287 1376 deatur,
316 1330 404 1368 cod.
434 1329 476 1367 B
502 1332 633 1370 secuti
661 1331 880 1370 omisimus.

78 1395 199 1434 20b4
218 1406 303 1444 sqq.
334 1393 629 1434 Demonstratio
651 1408 767 1446 quam
791 1393 1032 1434 Aristoteles
1056 1392 1166 1431 dedit
1186 1404 1264 1431 non
1284 1391 1332 1430 ab
1354 1391 1460 1429 omni
1483 1395 1600 1442 parte

129 1459 231 1498 bene
258 1458 392 1497 hahet.
461 1458 813 1499 Demonstraturus
855 1459 959 1498 euim
989 1458 1300 1496 enuntiationem
1330 1453 1417 1495 ἔστι
1444 1454 1598 1503 λευκὸς

130 1522 366 1577 ἄνθρωπος
403 1524 569 1562 eandem
598 1537 690 1563 esse
727 1537 846 1575 quam
886 1520 1001 1562 ἔστιν
1039 1522 1278 1572 ἄνθρωπος
1313 1518 1466 1567 λευκός
1493 1525 1597 1559 tam-

131 1599 248 1637 quam
288 1599 522 1626 concessum
560 1589 682 1627 sumit
720 1593 800 1634 (vs.
828 1590 875 1633 9)
911 1587 1221 1625 enuntiationem
1262 1582 1344 1624 οὐκ
1380 1580 1495 1624 ἔστιν
1521 1585 1597 1624 ἄν·

130 1652 311 1701 θρωπος
346 1650 499 1696 λευκός
538 1665 760 1703 repugnare
797 1653 835 1691 ei
873 1664 977 1702 quae
1005 1651 1103 1689 dicit
1131 1648 1217 1690 ἔστι
1243 1647 1395 1697 λευκὸς
1421 1650 1595 1700 ἄνθρω-

128 1726 234 1761 ποςι
274 1715 396 1752 sumit
431 1714 551 1765 igitur
587 1713 899 1752 enuntiationem
930 1713 1011 1753 οὐκ
1037 1710 1153 1754 ἔστιν
1180 1715 1418 1764 ἄνθρωπος
1443 1712 1597 1761 λευκός

131 1778 299 1818 eandem
324 1778 404 1815 vim
425 1777 575 1815 habere
602 1781 724 1827 atque
751 1777 917 1815 aiteram
946 1775 1028 1816 οὐκ
1055 1774 1143 1816 ἔστι
1169 1776 1322 1824 λευκὸς
1349 1780 1597 1830 ἄνθρωπος,

131 1842 240 1893 quod
278 1841 340 1879 vix
378 1842 487 1880 dabit
525 1842 593 1893 qui
631 1841 918 1880 affirmationes
947 1841 1127 1880 diversas
1157 1855 1250 1881 esse
1277 1843 1506 1882 contendat.
1545 1865 1597 1872 —

132 1906 241 1945 Bene
269 1906 419 1944 notavit
447 1905 517 1944 ΙιιΙ.
539 1905 684 1944 Pacius
715 1906 820 1956 quod
850 1917 907 1943 vs.
934 1908 959 1943 ”1
986 1903 1035 1945 τὸ
1062 1905 1144 1946 οὐκ
1173 1902 1287 1946 ἔστιν
1315 1905 1396 1946 οὐκ
1423 1907 1597 1958 ἄνθρω-

128 1981 211 2017 πος
236 1968 388 2016 λευκός
407 1970 648 2009 Aristoteles
672 1969 863 2008 sumserit
886 1982 960 2021 pro
985 1971 1172 2023 exemplo
1186 1970 1285 2009 alius
1307 1971 1596 2011 enuntiationis

131 2035 424 2084 cuiuscunque,
464 2046 541 2084 qua
578 2034 669 2085 quis
709 2033 846 2085 negari
876 2034 1190 2074 enuntiationem
1218 2032 1333 2074 ἔστιν
1361 2036 1599 2087 ἄνθρωπος

128 2097 280 2146 λευκός
317 2110 468 2152 ponere
506 2098 611 2137 velit.
641 2120 685 2127 -
741 2096 813 2137 Vs.
846 2100 898 2136 10
935 2095 1106 2139 ἔσονται
1141 2098 1223 2140 δύο
1260 2103 1383 2152 μιᾶςε
1426 2114 1596 2153 namque

129 2162 412 2203 enuntiationis
450 2159 536 2201 ἔστι
571 2162 723 2210 λευκὸς
757 2163 993 2216 ἄνθρωπος
1031 2165 1188 2215 negatio
1225 2166 1302 2204 erit
1331 2170 1372 2204 et
1401 2163 1482 2205 οὐκ
1510 2161 1596 2205 ἔστι

129 2224 282 2274 λευκὸς
300 2226 534 2277 ἄνθρωπος
557 2230 634 2273 (vs.
655 2230 699 2274 5)
718 2232 760 2266 et
784 2226 864 2268 οὐκ
885 2226 998 2268 ἔστιν
1016 2229 1252 2281 ἄνθρωπος
1271 2227 1424 2277 λευκός
1440 2231 1520 2277 (vs.
1532 2232 1595 2280 9).

187 2354 287 2407 Cap.
311 2354 377 2394 11.
406 2353 461 2394 Si
478 2367 531 2394 ea·
546 2355 737 2408 pluribus
755 2357 948 2409 partibus
970 2358 1231 2411 componitur
1253 2358 1321 2397 vel
1339 2357 1450 2410 quod
1465 2370 1595 2411 prae-

77 2419 245 2460 dicatur
271 2419 339 2459 vel
366 2418 420 2458 de
447 2433 548 2473 quo,
588 2421 823 2460 enuntiatio
851 2435 934 2461 non
962 2435 1049 2461 una
1078 2428 1160 2470 est,
1201 2423 1286 2461 nisi
1312 2435 1381 2461 res
1417 2428 1479 2462 est
1507 2435 1595 2462 una

77 2497 186 2539 quae
217 2484 410 2537 pluribus
437 2485 573 2524 verbis
596 2486 782 2538 proferri
810 2485 956 2526 debet:
999 2489 1051 2526 22
1080 2487 1272 2540 exemplo
1311 2492 1372 2525 est
1401 2487 1592 2540 quaestio

77 2548 306 2588 dialectica
335 2554 378 2588 et
404 2551 627 2602 responsio.
693 2551 742 2588 31
775 2549 895 2600 Quae
928 2556 1134 2604 separata
1168 2550 1498 2604 praedicantur,
1541 2564 1593 2591 ea

77 2626 160 2652 non
191 2615 337 2667 utique
375 2615 504 2653 etiam
533 2615 784 2654 coniuncta.-
824 2617 875 2653 21
888 2618 943 2653 a5
974 2616 1199 2655 coniuncta
1227 2629 1310 2655 non
1333 2614 1591 2669 praedican-

78 2681 149 2716 tur
175 2691 285 2731 quae
302 2691 384 2718 non
400 2680 616 2731 pertinent
643 2678 699 2718 ad
725 2680 861 2732 ipsam
887 2680 955 2718 rei
979 2686 1194 2728 naturam,
1223 2683 1275 2720 16
1301 2679 1456 2720 deinde
1482 2693 1592 2735 quae

79 2741 220 2780 insunt
240 2743 285 2781 in
307 2744 442 2782 altero
464 2757 547 2783 non
562 2743 872 2797 praedicantur
901 2745 1126 2786 coniuncta
1155 2759 1248 2787 cum
1274 2746 1378 2792 ileo„
1393 2748 1444 2786 18
1470 2745 1590 2797 Quae

77 2811 280 2858 separata
302 2807 559 2860 praedicare
585 2809 716 2850 liceat
743 2808 981 2862 exponitur.
