1884 3100
606 178 960 215 ΠΡΟΤΕΡΩΝ
986 180 1026 214 Α.
1464 177 1546 218 lffi

88 277 316 346 ἄνθρωπῳ
328 276 576 326 ἀκολουθεῖ
581 275 635 325 τό
653 281 781 344 ζῷον,
804 277 878 324 καὶ
890 275 1071 335 τούτοις
1083 273 1246 325 ἅπασιν
1258 274 1543 326 αἰιολουθεῖν.

88 326 333 408 οἰκειότεροι
362 347 411 394 65
427 349 567 394 ταῦτα
588 349 668 410 τῆς
685 349 769 393 τοῦ
785 342 1040 405 ἀνθρώπου
1060 345 1254 432 ὢιλογῆς.
1282 346 1475 409 ληπτέον
1492 346 1542 393 65

87 416 163 461 καὶ
210 413 265 461 τοὶ
315 433 380 472 ως
429 414 498 461 ἐπὶ
537 411 590 460 τὸ
631 411 754 460 πολὺ
794 411 982 472 ἑπόμενα
1019 414 1096 459 καὶ
1133 410 1202 471 οἷς
1233 414 1402 461 ἕπεται·
1456 417 1546 462 τῶν

87 480 173 544 γὰρ
230 500 293 538 ως
342 482 411 528 ἐπὶ
450 479 505 528 τὸ
542 478 662 528 πολὺ
701 478 1022 542 προβλημάτων
1061 481 1135 527 καὶ
1174 479 1202 528 ὃ
1242 479 1546 544 συλλογισμὸς

89 550 138 596 ἐκ
161 553 253 596 τοῖν
276 547 337 605 ὣς
359 549 428 595 ἐπὶ
449 546 501 595 τὸ
513 545 634 594 πολὺ
647 546 916 606 προτάσεων,
939 544 971 610 ἢ
991 552 1148 594 πασῶν
1165 546 1197 612 ἢ
1214 553 1366 596 τινῶν·
1387 547 1544 610 ὅμοιον
1557 566 1592 596 ⁸5

87 614 171 677 γὰρ
212 615 404 662 ἑκάστου
438 612 491 661 τὸ
532 615 829 674 συμπέρασμα
866 619 962 671 ταῖς
1004 612 1169 675 οἷρχαῒς.
1223 617 1282 663 ἔτι
1324 615 1379 663 τὰ
1406 620 1544 664 πᾶσιν

86 681 273 766 ἑπόμενα
301 700 388 728 ουκ
412 682 656 728 ἐκλεκτέον
677 680 738 728 οὐ
755 679 838 744 γὰρ
855 682 973 728 ἔσται
992 682 1291 744 συλλογισμὸς
1315 683 1364 740 ἐξ
1380 682 1543 732 αὐτῶν.

87 748 143 797 δι’
164 747 220 814 ἢν
243 747 281 795 δ’
300 749 457 806 αἰτίαν,
484 749 530 796 ἐν
549 755 642 806 τοῖς
663 749 937 809 ἓπομένοις”
913 762 1031 796 εσται
1052 752 1201 812 δηλον.

223 816 584 874 Κατασκευάζειν
611 818 691 877 μὲν
721 819 807 864 οὐν
830 817 1120 877 βουλομένοις
1149 815 1259 863 κατά
1283 834 1403 875 τινος
1426 815 1542 865 ὅλου
1560 818 1626 864 28

84 886 169 930 τοῦ
186 884 266 944 μὲν
286 884 727 944 κατασκευαζομένου
743 884 951 952 βλεπτέον
973 885 1035 941 εἰς
1055 903 1108 931 τα
1125 882 1411 945 ὑποκείμενα,
1435 883 1542 932 καθ’
1556 904 1592 932 40

87 951 153 997 ὠν
179 949 292 999 αυτὸ
321 950 524 1013 τυγχάνει
554 951 802 1013 λεγόμενον,
833 953 893 999 οὑ
916 952 962 997 65
983 954 1051 998 δεῖ
1069 958 1430 1014 κατηγορεῖσθαι,
1454 950 1543 999 οσοι

84 1016 232 1082 τούτῳ
251 1018 425 1064 ἕπεται·
463 1037 518 1064 αν
548 1018 632 1079 γάρ
657 1037 698 1065 τι
713 1017 888 1067 τούτων
906 1011 937 1078 ᾖ
957 1017 1136 1074 ταύτόν,
1152 1018 1330 1104 ανάγκη
1346 1019 1541 1080 θάτερον

84 1085 261 1149 θατέρῳ
284 1082 514 1146 ὑπάρχειν.
547 1082 605 1147 ἢν
628 1087 675 1132 65
695 1083 757 1168 μὴ
785 1083 854 1132 ὅτι
875 1087 1002 1131 παντὶ
1031 1083 1127 1132 αλλ’
1146 1083 1214 1133 ὅτι
1239 1088 1337 1142 τινί,
1355 1083 1422 1143 οἷς
1442 1087 1538 1134 ἕπε-

83 1169 154 1198 ται
167 1151 394 1212 ἑκάτερον·
415 1153 454 1199 εἰ
472 1151 557 1213 γάρ
576 1170 618 1198 τι
630 1151 800 1199 τούτων
817 1150 1000 1208 ταύτόν,
1025 1150 1194 1215 ἀνάγκη
1215 1154 1296 1199 τινὶ
1311 1151 1539 1214 ὑπάρχειν.
1557 1172 1592 1204 p·
1604 1157 1651 1192 44

85 1215 194 1266 ὅταν
211 1219 259 1266 65
289 1221 443 1283 μηδενὶ
473 1220 551 1280 δέῃ
585 1217 820 1280 ὑπάρχειν,
853 1216 880 1266 ὃ
897 1220 976 1279 μὲν
995 1217 1056 1266 οὐ
1076 1223 1146 1266 δεῖ
1164 1217 1395 1280 ὑπάρχειν,
1431 1218 1541 1278 εἰς“
1512 1240 1542 1268 οι

83 1284 145 1349 μὴ
169 1286 381 1368 ἐνδέχεται
402 1284 527 1351 αὐτῷ
549 1292 772 1346 παρεῖναι·
797 1283 828 1348 ἢ
848 1284 1081 1369 άνάπαιλιν,
1102 1288 1139 1351 ιρ
1152 1287 1232 1346 μὲν
1243 1289 1312 1333 δεῖ
1319 1285 1380 1350 μὴ
1391 1285 1542 1347 υπάρ-

83 1372 186 1438 χειν,
200 1351 299 1410 εἰς“
273 1372 300 1398 α
314 1372 376 1416 μη
360 1351 599 1413 ἐνδέχεται
611 1352 736 1435 αὐτῷ
748 1359 963 1412 παρεῖναι,
980 1350 1006 1399 ὁ
999 1351 1069 1400 ’δὲ
1082 1351 1142 1416 μὴ
1153 1352 1381 1414 ὑπάρχειν,
1412 1356 1477 1412 εἰς
1486 1374 1539 1401 τα
1557 1371 1576 1399 ε

85 1419 289 1481 ἑπόμενα.
310 1419 482 1467 τούτων
501 1439 589 1482 γαρ
611 1418 751 1467 ὄντων
773 1424 863 1467 τῶν
885 1418 1033 1467 αυτῶν
1052 1418 1542 1481 ὁποτερωνουν,ουδενὶ

84 1488 295 1549 ἐνδέχεται
335 1488 511 1553 θατέρῳ
529 1488 721 1548 θάτερον
750 1486 986 1548 ὑπάρχειν·
1016 1488 1177 1549 γίνεται
1208 1486 1293 1549 γάρ
1320 1487 1392 1536 ὁτὲ
1414 1491 1494 1550 μὲν
1514 1488 1541 1537 ὃ

84 1555 130 1603 ἐν
157 1559 222 1621 τῷ
252 1554 414 1620 πρωτῳ
430 1554 633 1639 σχηματι
660 1554 980 1623 συλλογισμός,
1011 1552 1084 1602 ὁτὲ
1110 1553 1208 1603 δ’ὁ
1238 1557 1284 1603 ἐν
1310 1561 1376 1603 τῶ
1406 1558 1540 1624 μέσῳ.

83 1620 163 1671 ἐαν
192 1623 240 1669 65
269 1624 354 1669 τινὶ
383 1620 444 1685 μὴ
467 1620 705 1706 ὑπάρχειν,
736 1624 771 1668 οἱ
809 1624 889 1683 μὲν
928 1620 990 1685 μὴ
1020 1621 1260 1684 ὑπάρχειν,
1293 1621 1360 1682 οἷς
1380 1625 1540 1684 ἕπεται,

83 1709 110 1738 ο
142 1691 192 1737 65
222 1688 284 1752 μὴ
315 1689 545 1750 ὑπάρχειν,
583 1688 611 1736 ἃ
643 1688 706 1752 μὴ
738 1670 935 1737 δυνατὸν
967 1689 1107 1736 αὕτω-
1121 1689 1356 1752 ὑπάρχειν·
1394 1694 1432 1739 εἰ
1458 1692 1542 1754 γάρ
1559 1707 1594 1735 ιο

82 1775 125 1804 τι
146 1775 318 1804 τουτων
352 1759 420 1820 εἴη
449 1755 638 1813 ταυτόν,
665 1756 836 1820 ἀνάγκη
855 1758 939 1803 τινὶ
960 1756 1021 1819 μή
1049 1737 1285 1844 ὑπάρχειν.
1311 1763 1482 1819 μᾶλλον
1504 1758 1544 1806 δ’

85 1826 192 1882 ἴσως
215 1816 291 1871 ὧδ’
308 1825 428 1872 ἔσται
450 1843 541 1871 των
560 1825 803 1892 λεγομένων
821 1825 1006 1871 ἕκαστον
1026 1843 1234 1885 φανερον.
1260 1827 1368 1872 ἔστω
1385 1825 1470 1887 γὰρ
1489 1825 1545 1873 τὰ

83 1892 163 1953 μὶν
191 1891 383 1952 ἑπόμενοι
412 1910 474 1938 τω
508 1896 546 1938 Α
581 1889 649 1952 ἐφ’
680 1893 742 1938 ὠν
774 1895 835 1949 Β,
864 1889 932 1949 οἷς
960 1890 1000 1938 δ’
1034 1890 1147 1938 αυτὸ
1175 1894 1340 1950 ἕπεται,
1375 1892 1445 1955 ἐφ’
1479 1887 1546 1941 οὖν

187 1959 303 2006 0265
351 1979 413 2022 μη
448 1959 659 2019 ἐνδέχεται
691 1957 816 2024 αὐτῷ
843 1957 1081 2020 ὑπάρχειν,
1117 1958 1187 2045 ἐφ’
1217 1961 1283 2007 ὠν
1311 1966 1378 2007 Λ·
1407 1961 1543 2008 πάλιν

82 2027 130 2073 65
161 2030 226 2092 τῷ
262 2030 304 2072 Ε
337 2045 391 2072 τα
405 2027 501 2086 μὲν
531 2024 804 2087 ὑπάρχοντα,
836 2026 894 2087 ἐφ
925 2024 992 2084 οἷς
1026 2031 1089 2082 Ζ,
1121 2032 1190 2085 οἱς
1225 2025 1266 2074 δ’
1297 2026 1411 2076 αὐτὸ
1442 2030 1540 2076 ἕπε-
1558 2044 1593 2073 15

81 2111 166 2151 ται,
193 2073 272 2155 ἐφ’
316 2090 384 2151 οἷς
414 2097 483 2149 Η,
524 2094 641 2141 αδὲ
680 2091 742 2157 μὴ
784 2094 996 2155 ἐνδέχεται
1033 2112 1156 2160 αυτω
1195 2093 1435 2157 ὑπάρχειν,
1472 2095 1542 2158 ἐφ’

82 2159 160 2218 οἷς
173 2165 228 2208 Θ.
261 2162 300 2207 εἰ
311 2162 398 2221 μὲν
418 2162 505 2207 οὐν
530 2159 669 2208 ταύτό
689 2180 732 2207 τι
750 2161 868 2208 εσται
897 2166 984 2208 τεᾶν
1006 2164 1149 2209 Γτινὶ
1174 2181 1262 2209 των
1287 2167 1339 2220 Ζ,
1368 2162 1543 2245 ανάγκη

81 2226 134 2294 τὸ
162 2232 200 2275 Α
223 2229 352 2275 παντὶ
381 2232 447 2294 τῷ
478 2231 520 2274 Ε
543 2225 862 2291 ὑπάρχειν·τὸ
893 2230 972 2291 μὲν
997 2227 1081 2292 γὰρ
1115 2234 1154 2277 Ζ
1170 2232 1299 2277 παντὶ
1322 2234 1388 2296 τῷ
1402 2234 1459 2289 Ε,
1477 2235 1543 2296 τῷ

175 2410 218 2443 39
236 2408 310 2466 μὲν
324 2422 379 2442 om
398 2411 441 2443 A.
466 2428 510 2435 —
534 2410 580 2444 40
600 2410 923 2467 κατηγορουμένου
942 2424 1022 2445 corr
1043 2414 1082 2448 Β.
1108 2432 1151 2437 -
1176 2413 1221 2445 42
1239 2407 1310 2445 κᾶν
1332 2424 1412 2444 corr
1429 2411 1462 2444 d.

171 2423 262 2489 44a2
281 2450 318 2509 ᾧ
330 2456 418 2488 codd
437 2463 583 2510 excepto
602 2467 647 2488 m.
677 2475 716 2480 —
742 2454 805 2501 ου]
826 2456 875 2512 μὴ
899 2469 978 2490 corr
998 2459 1045 2499 Β,
1069 2470 1123 2490 orn
1143 2470 1188 2490 m.
1217 2476 1258 2482 —
1295 2457 1346 2496 εἰς
1365 2453 1407 2501 ἃ]
1427 2457 1478 2496 εἰς
1494 2455 1542 2491 τὰ

82 2498 264 2543 ἑπόμενα,
299 2496 318 2536 ὃ
345 2499 385 2535 65
405 2501 464 2535 δεῖ
481 2498 531 2545 μὴ
552 2499 734 2545 ὑπάρχειν
751 2503 802 2541 εἰς
827 2517 851 2537 α
869 2503 968 2544 codd,
994 2504 1054 2535 sed
1077 2497 1104 2549 ᾦ
1122 2501 1161 2537 δὲ
1184 2504 1216 2536 6.
1217 2515 1272 2557 μ.
1291 2499 1356 2535 ὑπ.
1377 2515 1434 2557 pr
1437 2505 1477 2536 A.
1495 2522 1541 2530 -

83 2547 107 2580 8
131 2545 190 2602 μὴ
208 2559 248 2590 pr
277 2559 333 2579 om
356 2547 391 2580 d.
428 2564 471 2571 -—
506 2544 700 2590 ἐνδέχηται
721 2548 782 2580 Ad.
808 2567 855 2573 —
890 2545 981 2582 αὐτὸ
1003 2561 1036 2581 ιι.
1072 2568 1113 2574 -
1149 2544 1171 2582 ὃ
1187 2545 1254 2590 μὶν
1275 2560 1319 2581 ου
1338 2549 1397 2582 δεῖ
1412 2545 1476 2582 ὑπ.
1493 2556 1540 2582 ιιι.

83 2590 197 2636 -μὴ
215 2605 272 2626 om
295 2605 341 2647 pr
354 2593 454 2626 ABu.
479 2612 520 2618 -—
557 2594 580 2626 5
601 2605 639 2636 pr
660 2593 711 2632 εἰς
729 2606 784 2625 om
807 2594 939 2635 Aean,
965 2606 1005 2635 pr
1026 2595 1067 2627 Β.
1091 2612 1129 2620 —
1171 2593 1409 2636 ἐνδέχηταιά.
1436 2613 1481 2619 -—
1515 2607 1543 2638 φ

86 2645 129 2678 pr
150 2637 187 2671 C.
211 2655 258 2664 —
293 2651 343 2694 μη
363 2650 466 2681 supra
485 2650 523 2670 vs
547 2639 576 2670 C
598 2650 639 2681 pr
656 2650 771 2671 manu.
806 2655 852 2664 —
882 2637 947 2682 μὴ]
969 2640 1028 2672 δεῖ
1043 2650 1096 2680 m,
1120 2639 1178 2673 δεῖ
1195 2637 1244 2681 μὴ
1266 2639 1296 2671 C
1316 2639 1474 2681 Lmn72,
1487 2641 1543 2682 12,

86 2681 143 2713 del
166 2682 207 2716 Β.
233 2702 274 2708 —-
300 2680 324 2718 ο
342 2682 382 2717 δὲ
398 2683 448 2725 μὴ
472 2695 551 2716 corr
570 2685 609 2716 A.
635 2703 681 2708 —-
706 2685 726 2716 6
748 2680 939 2739 ὁποτέρων
958 2685 1122 2738 ABdfum
1139 2685 1373 2725 Laur72,12‚
1391 2696 1432 2728 pr
1448 2685 1483 2718 C.
1500 2704 1539 2710 —

88 2725 109 2758 9
128 2725 196 2768 μὲν
215 2726 284 2771 μὴ]
307 2726 373 2772 μὲν
395 2729 454 2763 δεῖ
470 2741 548 2761 corr
562 2729 606 2763 Β
632 2741 674 2773 pr
699 2730 737 2768 G,
761 2727 828 2771 μὲν
848 2730 906 2763 δεῖ
921 2726 971 2772 μὴ
982 2731 1067 2785 mnf
1081 2731 1186 2763 Laur.
1210 2748 1255 2755 —
1282 2726 1367 2764 14³¹
1342 2742 1389 2764 α.
1422 2728 1545 2765 ,ἐνδέ-

86 2782 189 2815 χεται
211 2784 290 2806 corr
308 2786 342 2808 u.
356 2793 401 2801 -
428 2775 469 2808 15
489 2770 547 2818 ἐφ’
571 2769 624 2809 ὦν
644 2786 724 2807 corr
742 2775 784 2808 Β.
800 2793 845 2800 -
866 2775 906 2808 17
918 2786 1060 2810 ταυτον
1082 2775 1117 2810 C.
1131 2795 1176 2801 —
1192 2787 1234 2819 pr
1244 2774 1336 2819 των]
1350 2774 1402 2821 τῷ
1419 2787 1543 2809 cortu.

1162 2831 1239 2865 13*
