1884 3100
639 182 970 218 ΠΡΟΤΕΡΩΝ
1000 184 1040 217 Β
1486 179 1565 219 241

114 283 154 332 6'
158 282 422 368 τάδύνατσν,
447 279 549 329 ωστ’
580 280 749 346 ἀληθὲς
773 280 826 330 vd
857 279 920 345 μὴ
938 281 1069 328 παντὶ
1092 277 1318 342 ὑπάρχειν.
1362 277 1566 341 φανερὰν

115 344 202 399 οὖν
233 348 303 399 ὅτι
321 349 479 408 πάντες
497 351 542 397 οἱ
561 350 852 413 συλλογισμοὶ
878 350 1071 412 γίνονται
1091 345 1165 395 διὰ
1183 351 1268 395 τοῦ
1286 346 1430 409 μέσου
1448 345 1565 411 σχή-

149 437 265 477 “¹⁷⁰9-

115 438 145 481 μ
245 483 437 544 Ομοίως
463 484 510 530 δὲ
539 484 614 529 καὶ
645 480 720 529 διὰ
753 484 838 528 τοῦ
869 480 1073 542 ἐσχάτου.
1130 482 1297 528 κείσθω
1329 478 1413 543 γὰρ
1446 477 1497 527 vd
1530 483 1568 525 A
1586 485 1649 530 13

115 553 199 599 τινὶ
228 556 291 636 τῷ
322 555 359 597 Β
394 548 456 612 μή
485 548 724 616 ὑπάρχειν,
755 547 806 595 τὸ
835 549 882 594 δὲ
917 552 963 594 Γ
981 547 1214 595 παντί·τὸ
1237 547 1324 609 ἄρα
1346 553 1384 594 A
1401 549 1484 595 τινὶ
1503 550 1569 630 τῷ
1583 565 1602 593 6

119 623 166 666 Γ
185 637 270 679 ουχ
306 616 506 676 ὑπάρχει.
548 618 586 663 εἰ
613 617 699 663 οὐν
723 613 845 662 τοῦτ’
872 613 1107 673 ἀδύνατον,
1138 619 1310 673 ψεῦδος
1336 613 1388 662 τὸ
1404 616 1487 662 τινὶ
1505 612 1567 678 μη

113 684 347 747 ὑπάρχειν,
376 681 476 730 ωστ’
508 681 674 746 ἀληθὲς
708 681 760 729 τὸ
789 684 931 729 παντί.
1003 681 1079 730 ἐὰν
1113 681 1152 729 6’
1184 681 1390 743 ὑποτεθῇ
1417 683 1572 746 μηδενὶ

113 751 339 814 ὑπάρχειν,
369 748 671 812 συλλογισμὸς
693 751 772 811 μὲν
794 750 914 797 ἔσται
944 751 1019 796 καὶ
1046 747 1098 796 τὸ
1132 747 1369 804 ἀδύνατον,
1401 767 1461 796 ου
1480 749 1571 796 δεί-

114 839 269 867 κνυται
303 820 348 866 δὲ
369 816 421 865 τὸ
442 819 679 879 προτεθέν’
717 816 792 864 ἐὰν
811 815 895 879 γάρ
918 815 971 864 τὸ
991 818 1187 864 ἐναντίον
1207 815 1427 877 ὑποτεθῇ,
1448 814 1571 863 ταῦτ’
1587 838 1622 866 10

114 888 236 934 ἔσται
262 884 372 945 ἅπερ
406 885 475 932 ἐπὶ
499 889 590 932 τῶν
619 884 852 947 πρότερον.
897 882 1008 931 ἀλλὰ
1042 882 1159 945 πρὸς
1174 882 1227 931 τὸ
1251 885 1335 931 τινὶ
1337 882 1572 971 ὑπάρχειν

116 952 230 1017 αὕτη
257 953 422 1016 ληπτέα
451 950 480 1015 ἡ
505 951 742 1010 ὑπόθεσις.
782 953 821 999 εἰ
845 949 950 1038 γὰρ
956 950 1009 999 τὸ
1043 957 1081 998 Α
1112 953 1265 1035 μηδενὶ
1292 955 1355 1018 τῷ
1373 950 1500 1008 Β,τὸ
1524 952 1572 997 δὲ

116 1025 163 1067 Γ
184 1022 269 1068 τινὶ
300 1023 362 1102 τῷ
396 1018 540 1076 Β,τό
569 1024 607 1066 A
639 1018 700 1066 οὐ
729 1021 858 1066 παντὶ
886 1023 950 1085 τῷ
975 1020 1026 1066 Γ.
1069 1021 1108 1066 εἰ
1127 1012 1213 1066 οὖν
1228 1023 1364 1066 τοῦτο
1386 1022 1572 1076 ψεῦδος,

114 1086 282 1151 ἀληθὲς
301 1084 354 1133 τὸ
374 1090 413 1132 Α
430 1087 517 1133 τινὶ
541 1090 607 1132 τοῖ
626 1090 664 1132 Β
683 1084 909 1147 υπάρχειν.
950 1084 1022 1134 ὅτε
1044 1085 1084 1133 6’
1104 1085 1255 1133 οὐδενὶ
1278 1091 1345 1152 τῷ
1364 1090 1402 1132 Β
1421 1084 1573 1146 ὑπάρ-

113 1173 178 1217 χει
207 1152 356 1210 1:6,A
386 1133 646 1200 ὑποκείσθω
677 1154 762 1199 τινὶ
788 1151 1026 1213 ὑπάρχειν,
1056 1153 1266 1216 εἰλήφθω
1285 1155 1333 1200 δὲ
1354 1154 1428 1200 καὶ
1457 1152 1509 1200 τὸ
1534 1156 1624 1200 Γιε

113 1223 242 1269 παντὶ
260 1225 325 1267 τοῖ
346 1223 384 1267 Β
403 1218 617 1281 ὑπάρχον.
666 1219 841 1267 οὐκοῦν
860 1218 1029 1283 ἀνάγκη
1050 1225 1113 1267 τῶ
1132 1221 1273 1267 Γτινὶ
1290 1218 1342 1267 τὸ
1364 1225 1403 1266 A
1422 1218 1574 1280 ὑπάρ-

114 1307 216 1351 χειν.
264 1268 358 1334 ἀλλ’
387 1286 538 1335 οὐδενὶ
573 1285 785 1349 ὑπῆρχεν,
796 1285 926 1334 ὥστε
955 1268 1126 1345 ψεῦδος
1152 1289 1237 1334 τινὶ
1265 1292 1331 1353 τῷ
1363 1292 1402 1334 Β
1423 1285 1574 1348 υπάρ-

114 1374 205 1417 χειν
231 1353 284 1402 τὸ
322 1358 372 1401 A.
405 1353 481 1401 ἐὰν
510 1352 549 1401 6³
580 1353 785 1416 ὑποτεθῇ
805 1356 934 1401 παντὶ
955 1360 1021 1401 ’τοῖ
1044 1359 1082 1402 Β
1103 1335 1320 1416 ὑπάρχειν
1339 1353 1392 1401 τὸ
1415 1353 1574 1411 Α,οὐ

115 1424 337 1470 δείκνυται
367 1420 419 1467 τὸ
449 1421 692 1480 προτεθέν,
729 1420 843 1468 ἀλλὰ
871 1403 999 1481 πρὸς
1014 1421 1066 1469 τὸ
1095 1420 1158 1485 μὴ
1191 1423 1320 1469 παντὶ
1359 1420 1575 1483 ὑπάρχειν

115 1488 230 1553 αὕτη
263 1489 429 1552 ληπτέα
462 1486 489 1551 ἡ
524 1486 763 1546 ὑπόθεσις.
817 1491 857 1535 εἰ
880 1487 965 1551 γὰρ
990 1488 1043 1536 τὸ
1074 1493 1113 1536 A
1131 1491 1260 1536 παντὶ
1281 1494 1346 1536 τοῒ
1364 1493 1401 1535 Β
1423 1492 1497 1536 καὶ
1518 1487 1571 1536 τὸ
1589 1509 1625 1537 20

116 1561 162 1604 Γ
185 1558 270 1604 τινὶ
305 1560 369 1620 τῷ
398 1554 537 1613 Β,τὸ
570 1559 608 1602 A
638 1554 828 1642 ὑπάρχει
860 1558 943 1604 τινὶ
972 1560 1034 1623 τῷ
1064 1560 1114 1603 Γ.
1153 1561 1290 1604 τοῦτο
1314 1558 1370 1604 ῖῖε
1391 1555 1480 1604 οὐκ
1501 1575 1573 1620 ην,

114 1622 224 1673 ὥστε
252 1626 423 1681 ψεῦδος
451 1621 502 1670 τὸ
531 1625 661 1669 παντὶ
684 1622 914 1686 ὑπάρχειν.
951 1626 990 1671 εἰ
1003 1604 1048 1671 6'
1070 1643 1229 1681 ουτως,
1254 1623 1422 1688 ἀληθες
1439 1622 1490 1671 τὸ
1511 1623 1573 1687 μὴ

113 1691 256 1739 παντί.
302 1688 377 1737 ἐὰν
415 1688 455 1736 6’
481 1688 692 1751 ὑποτεθῇ
722 1692 809 1738 τινὶ
845 1689 1085 1763 ὑπάρχειν,
1122 1690 1247 1739 ταῦτ’
1290 1693 1409 1739 εσται
1438 1689 1469 1738 ἃ
1497 1693 1575 1738 καὶ

115 1759 185 1806 ἐπὶ
203 1776 294 1805 των
315 1757 654 1823 προειρημένων.
1111 1761 1114 1764 ’

253 1822 456 1882 Φανερὸν
475 1824 561 1871 οὐν
578 1842 650 1871 οτι
673 1824 719 1870 ἐν
741 1820 882 1870 ἅπασι
900 1830 993 1882 τοῖς
1011 1822 1085 1872 διὰ
1107 1828 1192 1871 τοῦ
1210 1823 1439 1871 ἀδυνάτου
1460 1827 1626 1872 ‹sva-2⁵

61 1949 78 1961 ἰ
113 1896 339 1954 λογισμοῖς
359 1889 411 1938 τὸ
431 1889 726 1951 ἀντικείμενον
746 1889 1010 1939 ὑποθετέον.
1035 1895 1174 1955 δῆλον
1192 1893 1240 1939 δε
1261 1893 1335 1939 καὶ
1358 1889 1425 1939 ὅτι
1445 1891 1492 1938 ἐν
1509 1895 1576 1957 τῷ

113 1961 231 2024 μέσῳ
272 1956 459 2021 σχήματι
498 1959 724 2005 δείκνυταί
763 1974 858 2015 πως
894 1957 948 2004 τό
988 1957 1291 2021 καταφατικὸν
1329 1961 1406 2005 καὶ
1436 1959 1482 2005 ἐν
1513 1963 1575 2025 τῷ

114 2007 276 2091 ἐσχάτω
299 2024 351 2071 τὸ
372 2024 594 2072 καθόλου.

249 2093 464 2174 Διαφέρει
485 2091 526 2138 6'
547 2091 576 2155 ἡ
596 2093 658 2149 εἰς
676 2089 729 2138 τὸ
752 2090 976 2138 ἀδύνατον
1003 2091 1228 2150 ἀπόδειξις
1205 2096 1329 2156 ςτῆς
1351 2095 1574 2155 δεικτικῆς
1593 2099 1658 2142 14

114 2163 179 2224 τῷ
197 2159 367 2205 τιθέναι
393 2157 420 2204 6
448 2159 654 2218 βούλεται
682 2157 889 2218 ἀναιρεῖν,
921 2157 1161 2220 ἀπάγουσα
1183 2161 1246 2217 εἰς
1267 2158 1626 2221 ὁμολογούμε-εο

115 2243 195 2273 νον
215 2229 407 2282 ψεῦὁος·
433 2223 464 2287 ἡ
486 2226 533 2271 δε
553 2223 787 2306 δεικτικὴ”
758 2243 933 2308 αρχεται
945 2224 993 2282 ἐξ
1003 2225 1377 2288 ὁμολογουμένων
1387 2227 1573 2273 θέσεων.

116 2292 395 2353 λαμβάνουσι
447 2310 527 2352 μεν
576 2283 664 2338 οὖν
705 2290 954 2374 ἀμφότεραι
996 2293 1083 2340 δύο
1123 2293 1358 2354 προτάσεις
1403 2291 1570 2353 ομολο-

115 2360 354 2422 γουμένας·
399 2357 494 2405 ἀλλ’
534 2357 564 2422 ἡ
606 2359 685 2419 μεν
722 2357 769 2414 ἐξ
815 2377 890 2406 ων
911 2357 937 2407 6
973 2361 1294 2423 συλλογισμός,
1328 2359 1360 2423 ἡ
1395 2361 1442 2407 δὲ
1471 2361 1575 2420 μίαν

115 2429 194 2488 μὲν
223 2427 446 2513 τούτων,
462 2427 567 2488 μίαν
610 2427 658 2473 δὲ
690 2423 771 2490 τὴν
801 2425 1037 2489 ἀντίφασιν
1068 2432 1154 2475 τοῦ
1189 2427 1581 2525 συμπεράσματος.

205 2587 322 2622 62b10
340 2585 383 2622 τὸ
401 2586 515 2622 παντὶ
529 2585 722 2641 προτεθέν
742 2586 780 2620 G.
810 2606 855 2612 —
887 2583 1008 2621 ταιῖτᾶ
1024 2599 1059 2619 π
1082 2606 1129 2613 ——
1166 2589 1207 2622 12
1224 2587 1278 2633 τῷ
1289 2586 1374 2644 azy
1398 2599 1442 2631 pr
1460 2589 1504 2622 Β.
1529 2607 1575 2613 —

123 2635 162 2667 13
186 2627 228 2668 τὸ
256 2634 326 2679 Bp
329 2646 346 2665 r
375 2634 458 2674 AB,
491 2633 566 2667 τῶν
591 2634 613 2678 β
640 2644 674 2665 π.
706 2650 749 2656 -
786 2632 824 2666 14
850 2645 908 2666 οτι
928 2633 1083 2666 ABCuu.
1115 2650 1157 2656 -
1193 2634 1235 2666 16
1260 2631 1303 2667 τὸ
1322 2645 1344 2680 y
1352 2600 1439 2667 τινὶ
1456 2633 1508 2682 τῷ
1525 2620 1574 2677 cf,

118 2690 160 2720 pr
179 2679 232 2720 Β,
257 2690 337 2712 corr
355 2680 421 2712 An.
455 2697 496 2703 —
531 2680 573 2712 21
596 2691 639 2722 pr
659 2676 749 2722 τινὶ]
764 2677 878 2712 παντὶ
888 2679 1020 2730 Acum,
1046 2689 1089 2720 pr
1109 2678 1182 2711 BC
1216 2696 1262 2704 —
1295 2691 1340 2714 α.
1352 2678 1430 2725 ..¹y]
1449 2691 1493 2723 γ.
1527 2692 1574 2714 .α

122 2724 202 2765 Csn.
221 2703 271 2749 ’ὲ-
295 2720 452 2779 ὑπάρξει
472 2723 547 2759 τινὶ
568 2723 610 2758 τὸ
596 2691 662 2766 pfl
686 2742 732 2748 —-
763 2724 808 2757 23
826 2718 948 2758 ταύτὰ
966 2734 1001 2756 n.
1028 2741 1069 2747 -—
1105 2723 1150 2756 29
1170 2721 1218 2767 δὴ
1238 2723 1291 2764 εἰς
1307 2736 1355 2761 π.
1365 2743 1412 2751 --
1443 2725 1483 2759 31
1506 2724 1574 2761 θέ-

119 2768 229 2812 σεων]
248 2767 390 2805 θέσεων
413 2767 568 2815 αληθων
588 2770 629 2803 Α.

165 2824 196 2858 l.
1255 2824 1301 2858 16
