1734 3100
198 212 278 251 492
716 215 964 260 Analytica
994 216 1168 267 priora.

199 314 270 348 tur
297 309 406 362 quod
432 311 641 363 colligitur
670 324 723 350 es
751 313 802 350 iis
828 324 935 364 quae
955 318 1284 365 praecesserunt.
1322 315 1381 353 b3
1403 313 1454 354 Si
1473 315 1514 353 B
1534 327 1674 354 neces-

198 372 309 411 sario
334 374 520 425 sequitur
549 386 601 412 ex
627 375 687 422 A,
727 374 835 413 idem
866 376 992 414 etiam
1021 388 1074 414 ea·
1108 388 1208 415 non
1235 377 1276 416 A
1309 379 1540 417 necessario
1559 379 1677 430 sequi

196 446 278 472 non
300 440 450 487 potest.

197 498 346 543 56118,
374 497 428 535 cf.
458 510 559 547 quae
586 498 755 536 diximus
783 498 831 537 ad
858 500 994 539 49a5.

198 560 282 597 561)
294 562 345 597 37
370 558 578 599 τοιούτων
604 560 719 610 longe
745 562 890 600 rectius
918 575 1030 612 quam
1059 561 1243 602 τούτωνε
1276 575 1442 614 namque
1476 563 1574 602 nihil
1601 563 1672 602 de-

254 626 444 660 monstrat
472 623 705 662 Aristoteles
741 625 792 663 de
828 624 876 661 ii·
912 625 1007 675 ipsis
1048 626 1226 680 terminis
1261 638 1358 676 quos
1391 627 1573 677 proponit
1600 626 1672 672 (cf.

247 685 299 720 49
310 684 394 722 1⁸33
414 689 532 736 sqq),
562 686 633 724 sed
660 687 760 725 hanc
787 687 1075 725 conclusionem
1103 689 1308 738 provenire
1329 688 1512 737 ostendit,
1541 689 1574 727 si
1591 693 1671 727 ter-

247 746 342 785 mini
369 748 465 786 tales
495 748 572 786 sint
600 749 734 798 quales
762 749 798 786 in
828 749 1008 799 exemplo
1037 751 1249 799 proposuit.

194 810 311 848 57a1
338 808 471 848 Verba
507 807 1046 862 μέλαν-κύκνος-ἄψυχον
1081 824 1158 850 non
1196 812 1244 850 ab
1273 813 1410 850 eadem
1438 825 1553 850 manu
1576 823 1670 861 pro-

246 872 353 911 fecta
390 885 479 911 esse
512 886 587 923 qua
616 874 762 925 scripta
789 880 879 913 sunt
906 887 1005 924 quae
1029 874 1209 923 proxime
1234 877 1529 913 antecesserunt
1554 872 1671 911 facile

243 934 496 985 intelligitur:
532 948 620 973 nam
657 937 774 974 modo
812 938 958 975 dictum
998 940 1060 974 est
1094 949 1252 974 manere
1279 936 1438 975 eosdem
1467 935 1669 981 terminos,

245 998 364 1036 etiam
394 997 428 1034 si
454 997 583 1034 minor
618 997 719 1035 falsa
746 999 798 1037 sit
835 1002 876 1036 et
901 998 1025 1036 maior
1051 1011 1166 1045 vera:
1193 1003 1323 1037 tamen
1350 998 1413 1036 alii
1439 999 1595 1037 termini
1621 997 1669 1034 il-

243 1059 320 1096 lico
347 1058 596 1106 adiiciuntur,
619 1072 716 1109 quos
745 1073 792 1099 ex
813 1060 1020 1105 Alexandri
1042 1061 1175 1099 —hic
1201 1061 1304 1099 enim
1333 1073 1409 1099 non
1437 1062 1523 1100 sine
1551 1072 1669 1098 causa

245 1121 494 1160 Aristotelem
522 1122 799 1172 reprehendit,
835 1123 937 1172 quod
976 1123 1095 1161 etiam
1125 1123 1217 1162 huic
1247 1123 1365 1161 modo
1392 1124 1554 1162 eosdem
1580 1127 1668 1161 ter-

241 1183 367 1221 minos
393 1184 597 1222 convenire
621 1184 803 1234 opinatus
830 1185 881 1223 sit
901 1206 950 1212 —
971 1186 1246 1224 commentario
1275 1185 1495 1236 deperdito,
1522 1186 1562 1222 in
1590 1195 1667 1234 quo

240 1245 318 1284 hoc
341 1245 560 1295 exemplum
581 1246 796 1297 legebatur,
827 1259 1056 1297 quamquam
1080 1249 1235 1286 diverso
1258 1249 1512 1286 terminorum
1533 1247 1668 1284 ordine

239 1305 781 1358 μέλαν-ἄψυχον-κύκνος
825 1314 934 1355 (nam
969 1310 1046 1347 hoc
1083 1311 1222 1348 ordine
1258 1311 1509 1348 terminorum
1547 1309 1666 1347 etiam

239 1371 475 1410 Aristoteles
517 1372 555 1409 in
596 1372 713 1409 tertia
741 1371 865 1420 figura
893 1372 949 1410 uti
976 1372 1111 1420 solet),
1139 1373 1286 1422 petitos
1313 1385 1402 1410 esse
1426 1376 1591 1422 apparet
1617 1382 1667 1409 ex

242 1433 367 1471 schol.
394 1435 675 1471 189a5—11.
722 1432 912 1472 Boethius
937 1439 1068 1475 autem
1096 1435 1266 1473 eundem
1292 1434 1452 1473 exhibet
1479 1433 1666 1471 termino-

235 1507 323 1534 rum
351 1494 545 1534 ordinem:
574 1497 768 1545 „fligi-um,
795 1496 1059 1545 inanimatum,
1088 1497 1276 1546 cygnus''.

186 1559 308 1596 5⁷:24
337 1557 551 1595 Omisimus
572 1555 649 1608 μὲν
670 1562 762 1607 post
783 1556 926 1610 κύκνῳ
949 1571 1036 1596 cum
1054 1559 1169 1597 codd.
1190 1559 1305 1608 Bfmc
1323 1561 1363 1595 et
1383 1558 1570 1595 Boethio:
1599 1569 1664 1594 so-

238 1620 295 1658 let
327 1620 431 1657 enim
461 1620 588 1657 omitti
616 1620 663 1657 ab
682 1619 895 1657 Aristotele
914 1620 953 1657 in
973 1619 1164 1669 exemplis
1190 1632 1289 1669 quae
1307 1620 1436 1665 affert,
1459 1621 1662 1666 v.56h13,

236 1683 290 1721 29
313 1681 363 1720 al.
390 1682 556 1719 Accedit
579 1682 681 1731 quod
707 1678 785 1731 μὲν
811 1682 937 1719 alieno
964 1682 1050 1719 loco
1078 1683 1268 1719 intrusum
1297 1685 1379 1719 est:
1406 1693 1494 1718 nam
1521 1685 1563 1718 ut
1589 1681 1663 1719 sibi

236 1744 523 1794 responderent
560 1741 638 1793 μὲν
659 1771 668 1781 .
692 1772 701 1782 .
728 1770 738 1781 .
766 1740 834 1790 δέ,
876 1755 952 1781 non
998 1743 1250 1782 scribendum
1290 1748 1375 1782 erat
1409 1741 1551 1794 κύκνῳ
1587 1740 1664 1794 μὲν

236 1803 364 1846 παντὶ
393 1805 514 1860 ζῷον,
543 1807 614 1844 sed
644 1805 751 1858 ζῷον
776 1803 853 1856 μὲν
876 1802 1001 1844 παντὶ
1027 1804 1182 1855 κύκνῳ.

183 1871 328 1908 57823
356 1865 572 1916 δέδεικται,
599 1881 632 1907 v.
649 1870 698 1905 54
712 1870 792 1905 al:
822 1881 908 1906 nam
933 1868 968 1905 si
992 1869 1030 1906 in
1059 1867 1232 1907 secundo
1259 1867 1486 1919 syllogismo
1513 1868 1663 1918 primae

234 1933 385 1982 figurae
404 1936 608 1980 utramque
625 1931 933 1981 propositionem
957 1931 1145 1969 sumimus
1163 1930 1304 1969 falsam
1327 1942 1376 1967 ex
1401 1934 1527 1981 parte,
1547 1931 1662 1981 plane

236 1994 396 2033 easdem
425 1993 709 2044 propositiones
737 1993 980 2033 habebimus.

182 2058 329 2096 5⁷a33
358 2053 484 2095 οὐδὲν
519 2053 600 2105 γὰρ
638 2053 825 2106 διαφέρει
845 2083 854 2093 .
873 2082 884 2094 .
906 2083 916 2093 .
937 2054 1148 2093 Conclusio
1183 2066 1303 2104 quum
1338 2065 1414 2092 non
1443 2053 1610 2105 pendeat
1637 2067 1660 2092 e

233 2118 402 2158 veritate
439 2117 500 2155 vel
538 2117 711 2156 falsitate
749 2117 1080 2168 propositionum,
1118 2117 1190 2154 sed
1218 2129 1240 2154 e
1267 2116 1385 2154 modo
1412 2116 1661 2166 praedicandi

235 2181 303 2232 qui
330 2181 370 2218 in
397 2180 443 2218 iis
471 2181 648 2226 obtinet,
678 2180 815 2218 eadem
845 2180 931 2227 erit,
958 2179 1041 2216 sive
1068 2191 1142 2229 pro
1169 2191 1259 2216 vero
1287 2179 1455 2217 sumitur
1482 2178 1583 2228 quod
1612 2191 1661 2217 ex

234 2248 348 2295 parte
376 2242 517 2280 falsum
547 2247 608 2280 est
635 2243 717 2280 sive
744 2243 849 2291 quod
875 2253 967 2279 vero
995 2241 1254 2279 contrarium:
1284 2254 1406 2291 quare
1433 2253 1510 2278 non
1536 2240 1660 2279 refert

235 2311 363 2345 utrum
392 2304 496 2355 quod
525 2306 575 2342 de
603 2305 709 2343 nullo
737 2304 954 2355 praedicari
981 2303 1123 2341 debeat
1149 2317 1199 2341 an
1224 2303 1327 2353 quod
1355 2303 1405 2340 de
1432 2303 1560 2352 aliquo
1587 2315 1659 2341 su—

235 2380 386 2406 mamus
432 2367 653 2418 praedicari
689 2368 739 2404 de
775 2367 898 2404 omui:
951 2378 1038 2403 nam
1078 2365 1215 2415 utique
1252 2365 1440 2402 sumimus
1479 2366 1658 2415 proposi-

232 2431 377 2469 tionem
417 2429 680 2467 affirmantem
719 2430 769 2466 de
809 2428 924 2466 omni.
989 2427 1087 2466 Item
1126 2427 1313 2465 sumimus
1350 2428 1658 2477 propositionem

235 2494 286 2532 de
327 2491 431 2530 omni
467 2495 699 2542 negantem,
745 2492 827 2529 sive
864 2491 1078 2528 secundum
1115 2491 1320 2528 veritatem
1359 2489 1548 2526 affirmari
1586 2490 1657 2528 de-

233 2555 302 2594 bet
339 2555 390 2592 de
428 2566 504 2591 non
541 2554 646 2591 omni
681 2554 764 2591 sive
791 2554 906 2591 etiam
935 2552 985 2589 de
1012 2552 1128 2590 omni.
1186 2551 1255 2590 Sin
1283 2555 1410 2590 autem
1440 2563 1489 2589 ex
1514 2551 1657 2589 iisdem

232 2615 566 2668 propositionibus
593 2616 676 2653 sive
703 2616 806 2654 veris
834 2616 914 2653 sive
938 2614 1050 2652 falsis
1078 2615 1214 2652 eadem
1240 2613 1439 2652 conclusio
1465 2614 1657 2662 provenit,

233 2679 375 2718 iisdem
415 2678 594 2717 terminis
624 2678 681 2716 uti
708 2678 844 2717 licebit
869 2681 911 2716 et
936 2678 976 2714 in
1002 2676 1286 2715 universalibus
1313 2679 1354 2713 et
1379 2675 1417 2712 iu
1445 2675 1656 2725 particula-

233 2741 345 2780 ribus
373 2739 635 2790 syllogismis,
663 2740 740 2778 hoc
766 2739 850 2778 solo
878 2739 1116 2786 discrimine,
1144 2741 1190 2776 ut
1215 2737 1319 2788 quod
1345 2737 1383 2775 in
1411 2737 1656 2788 particulari-

233 2803 307 2842 bus
345 2812 395 2841 ex
427 2807 539 2852 parte
564 2802 708 2841 falsum
736 2805 914 2842 sumatur
938 2800 980 2840 id
1004 2801 1045 2841 in
1071 2799 1354 2840 universalibus
1380 2811 1474 2839 vero
1500 2802 1654 2839 contra-
