1780 3100
223 189 302 228 872
732 190 977 235 Analytica
1003 190 1168 234 priona*¹

278 287 545 331 ideodictum
573 290 654 333 est,
692 286 783 336 quia
818 297 881 326 ‘ex
927 299 1003 326 una
1048 287 1276 339 acceptione
1310 298 1388 327 non
1415 289 1462 328 fit
1497 289 1700 329 collectio:

275 346 378 390 lieet'-
396 351 602 401 Antipatro
630 349 763 388 Stoico
791 355 928 388 contra
949 349 1120 389 omnium
1141 351 1374 389 sententiam
1395 351 1573 391 videatur
1587 353 1703 403 plena

277 414 475 452 conclusio
504 425 594 450 esse
621 411 761 458 Vides,
789 412 885 450 vivis
911 411 1068 464 igitur''.
1120 413 1242 451 Aliam
1272 426 1360 451 esse
1388 415 1605 465 syllogismi
1632 427 1702 453 no-

275 476 423 515 tionem
451 475 554 525 apud
575 474 865 524 Hermogenem
894 475 962 514 lul.
985 475 1124 514 Pacius
1143 476 1307 514 notavit:
1335 471 1419 515 ἔστι
1445 475 1526 528 γὰρ
1554 477 1702 516 συλλο-

275 537 424 590 γισμὸς
458 536 657 587 ἀγράφου
692 537 937 588 πράγματος
980 537 1086 588 πρὸς
1122 535 1339 589 ἔγγραφον
1375 540 1609 589 παράθεσις
1646 538 1704 586 εἰς

277 600 433 640 ταύτὸν
460 599 722 651 συνάγοντός
748 614 862 648 τινος
890 600 937 640 τὸ
965 602 1162 651 ἄγραφον
1189 602 1247 655 τῷ
1270 599 1481 657 ἐγγράφῳ.
1521 597 1615 642 οἶον
1630 599 1705 642 τὸν

275 662 317 713 ἐξ
344 661 510 711 ἑταίρας
535 662 592 715 μὴ
619 660 754 713 λέγειν
781 662 827 704 ἐκ
852 663 1018 715 πόρνου
1047 663 1140 704 τινὰ
1165 664 1382 716 γεγονότα.
1421 666 1533 717 Apud
1551 666 1704 704 Aristo-

277 728 397 766 telem
424 725 700 778 συλλογισμὸς
727 731 768 765 et
797 729 1007 778 opponitur
1034 727 1372 779 συμπεράσματι,
1415 729 1481 767 ubi
1509 729 1706 778 significat

275 790 587 829 coniunctionem
618 790 789 840 plurium
817 790 1145 840 syllogismorum,
1174 792 1239 839 qui
1265 791 1314 828 ad
1343 803 1457 828 unum
1478 791 1597 828 finem
1619 795 1705 829 ten-

276 854 387 898 dunt,
416 857 460 891 ut
485 855 618 900 50a5,
647 857 687 890 et
716 852 818 890 idem
848 858 909 889 est
937 853 1039 902 quod
1068 851 1349 902 συμπέρασμα
1376 854 1538 896 44331,
1567 853 1619 890 cf.
1638 853 1705 891 Ni-

278 916 440 966 ceplior.
470 916 632 952 Blemm.
664 915 758 964 epit.
786 914 864 964 log.
892 914 998 964 Llps.
1019 917 1120 953 1784
1148 929 1184 966 p.
1204 918 1280 954 139
1305 914 1405 955 ποτὲ
1432 913 1477 954 δὲ
1504 913 1574 954 καὶ
1601 913 1705 954 αὐτὸ

275 977 323 1017 τὸ
351 974 630 1027 συμπέρασμα
657 976 842 1015 καλεῖται
867 977 1155 1029 συλλογισμός,
1185 975 1241 1025 ὡς
1266 977 1317 1018 τὰ
1335 978 1534 1018 διεστῶτα
1551 973 1597 1016 ἐν
1619 978 1708 1024 τοῖς

277 1041 420 1092 λόγοις
440 1069 450 1080 .
476 1069 485 1078 .
509 1069 517 1079 .
539 1038 731 1090 συνάγον
766 1037 877 1090 ὁμοῦ
905 1038 975 1079 καὶ
1003 1038 1059 1088 ὡς
1086 1039 1290 1092 συλλέγον
1315 1039 1392 1094 τὴν
1419 1038 1466 1081 έν
1492 1043 1594 1080 πᾶσι
1619 1041 1708 1087 τοῖς

279 1100 395 1155 ὅροις
422 1100 728 1154 διεσπαρμένην
755 1101 980 1151 ἀπόδειξιν.
1024 1104 1228 1143 Actionem
1249 1118 1326 1143 non
1348 1105 1475 1143 solum
1503 1107 1708 1155 comparat

278 1181 367 1207 cum
383 1167 624 1217 syllogismo,
635 1167 739 1216 quod
754 1166 846 1204 dicit
857 1167 975 1204 Biese
988 1166 1032 1204 ΙΙ.
1046 1180 1082 1217 p.
1095 1168 1184 1215 284,
1201 1157 1270 1205 secl
1284 1167 1401 1205 etiam
1414 1179 1460 1205 ex
1477 1167 1708 1217 syllogismo

277 1230 470 1282 originem
482 1229 628 1267 habere
640 1228 814 1267 ostendit
827 1229 897 1274 (cf.
911 1229 1013 1267 Kant
1024 1229 1122 1270 Krit.
1135 1230 1171 1267 d.
1183 1229 1309 1279 prakt.
1321 1229 1405 1268 Vft.
1427 1229 1709 1268 Siimmtlwke

278 1295 339 1332 ed.
354 1292 605 1331 Rosenkrnnz
628 1297 668 1330 et
684 1291 885 1330 Schubert
898 1292 996 1332 Vlll.
1017 1294 1162 1343 p.219)
1183 1293 1374 1330 1147a25
1396 1289 1424 1342 ἦ
1447 1288 1524 1341 μὲν
1539 1289 1620 1342 γὰρ
1637 1304 1708 1330 κα-

276 1355 414 1395 θόλου
425 1353 539 1403 δόξα,
557 1353 586 1405 ἡ
604 1353 640 1393 δ’
660 1350 778 1406 ἑτέρα
799 1352 894 1404 περὶ
913 1354 1000 1393 τῶν
1019 1348 1112 1394 καθ’
1133 1351 1286 1394 ἕκαστά
1302 1352 1426 1404 ἐστιν,
1438 1345 1499 1393 ὧν
1512 1353 1709 1406 αἴσθησις

277 1418 360 1471 ἤδη
387 1417 534 1469 κυρία·
565 1412 669 1457 ὅταν
696 1415 741 1456 δὲ
767 1417 842 1468 μία
868 1415 1038 1469 γένηται
1066 1416 1107 1467 ἐξ
1135 1417 1300 1464 αὐτῶν,
1338 1416 1501 1469 ἀνάγκη
1527 1417 1575 1457 τὸ
1603 1426 1708 1468 συμ-

278 1480 493 1532 περασθὲν
519 1477 628 1520 ἔνθα
654 1478 731 1530 μὲν
757 1480 894 1531 φάναι
916 1479 994 1532 τὴν
1019 1481 1184 1533 ψυχήν,
1213 1479 1259 1520 ἐν
1287 1479 1332 1520 δὲ
1358 1483 1449 1528 ταῖς
1475 1482 1711 1533 ποιητικαῖς

277 1545 473 1596 πράττειν
500 1543 651 1591 εὐθύς,
681 1538 774 1583 οἷον
802 1543 837 1583 εἰ
865 1543 1021 1590 παντὸς
1047 1542 1223 1594 γλυκέος
1249 1543 1451 1595 γεύεσθαι
1478 1544 1545 1583 δεῖ
1551 1575 1562 1592 ,
1590 1542 1710 1584 τουτὶ

279 1607 325 1649 δὲ
352 1602 488 1660 γλυκὺ
517 1605 573 1654 ὠς
601 1605 647 1646 ἕν
673 1620 713 1646 τι
747 1607 834 1646 τῶν
860 1608 959 1647 καθ’
997 1605 1193 1657 ἕκαστον,
1227 1605 1390 1658 ἀνάγκη
1425 1605 1501 1647 τὸν
1529 1607 1709 1658 δυνάμε-

278 1685 360 1712 νον
393 1669 464 1712 καὶ
499 1669 556 1722 μὴ
593 1669 866 1722 κωλυόμενον
902 1669 988 1721 ἅμα
1024 1673 1152 1711 τοῦτο
1192 1668 1263 1710 καὶ
1298 1669 1506 1719 πράττειν.
1561 1673 1710 1709 volas

278 1732 387 1776 ἔοικε
424 1733 723 1786 παραπλησίως
764 1731 1012 1785 συμβαίνειν
1047 1732 1117 1774 καὶ
1152 1732 1247 1784 περὶ
1273 1734 1359 1772 τῶν
1385 1732 1597 1785 ἀκινήτων
1622 1731 1710 1772 δια-

279 1796 532 1850 νοουμένοις
568 1796 639 1837 καὶ
680 1794 1056 1849 συλλογιζομένοις.
1105 1796 1192 1837 ἀλλ’
1222 1795 1307 1837 ἐκεῖ
1330 1795 1408 1847 μὲν
1436 1796 1636 1847 θεώρημα
1661 1793 1710 1836 τὸ

279 1860 396 1909 τέλος
433 1857 557 1908 (ὅταν
593 1859 674 1913 γὰρ
712 1857 787 1907 τὰς
813 1860 892 1900 δύο
919 1860 1140 1911 προτάσεις
1165 1860 1321 1912 νοήσῃ,
1360 1859 1407 1899 τὸ
1435 1858 1712 1911 συμπέρασμα

280 1924 426 1976 ἐνόησε
452 1924 523 1965 καὶ
550 1922 804 1976 συνέθηκεν)
844 1922 1033 1964 ἐνταῦθα
1072 1924 1109 1964 δ’
1148 1922 1194 1964 ἐκ
1231 1924 1317 1963 τῶν
1354 1922 1433 1963 δύο
1466 1921 1711 1974 προτάσεων

277 1989 326 2029 τὸ
354 1987 632 2039 συμπέρασμα
657 1986 817 2038 γίνεται
844 1987 871 2039 ἦ
895 1988 1053 2038 πρᾶξις.
1100 1988 1154 2027 lb.
1177 1989 1229 2026 22
1260 1982 1323 2026 ὅτι
1350 1985 1428 2036 μὲν
1454 1981 1534 2025 οὖν
1556 1985 1585 2038 ἦ
1604 1989 1711 2036 πρᾶ-

279 2052 340 2102 ξις
372 2051 420 2091 τὸ
448 2049 727 2102 συμπέρασμα
765 2050 979 2101 φανερόν·
1022 2049 1067 2090 αἱ
1101 2048 1146 2090 δὲ
1171 2049 1392 2100 προτάσεις
1431 2048 1477 2088 αἷ
1500 2046 1712 2101 ποιητικαὶ

281 2113 351 2155 διὰ
379 2114 460 2155 δύο
487 2114 610 2155 εἰδῶν
636 2113 839 2165 γίνονται,
869 2113 939 2153 διά
965 2126 1008 2153 τε
1035 2116 1113 2153 τοῦ
1142 2112 1311 2164 ἀγαθοῦ
1339 2112 1409 2153 καὶ
1437 2111 1506 2152 διὰ
1532 2115 1610 2152 τοῦ
1639 2111 1712 2151 δυ-

280 2180 430 2219 νατοῦ.
486 2180 679 2216 1139321
709 2175 793 2216 ἔστι
821 2171 858 2217 δ’
889 2173 990 2229 ὅπερ
1017 2175 1063 2217 ἐν
1084 2176 1253 2229 διανοίᾳ
1270 2176 1502 2227 κατάφασις
1521 2174 1591 2215 καὶ
1608 2174 1709 2216 ἀπό-

281 2250 428 2293 φασις,
463 2241 577 2281 τοῦτ’
607 2238 653 2280 έν
680 2237 811 2291 ὀρέξει
838 2239 977 2288 δίωξις
1003 2238 1074 2280 καὶ
1101 2240 1233 2292 φυγή.
1288 2243 1459 2279 453210
1485 2237 1533 2279 τὸ
1561 2237 1710 2290 ἀναμι-

279 2303 542 2358 μνήσκεσθαί
575 2302 687 2343 ἐστιν
726 2298 821 2344 οἷον
858 2303 1137 2356 συλλογισμός
1163 2314 1243 2351 τις·
1286 2297 1349 2342 ὅτι
1384 2301 1466 2353 γὰρ
1502 2302 1711 2353 πρότερον

280 2364 393 2410 εἶδεν
427 2367 454 2420 ἢ
489 2369 673 2420 ἤκουσεν
707 2368 734 2419 ἥ
761 2381 800 2407 τι
825 2370 1025 2408 τοιοῦτον
1053 2366 1206 2415 ἔπαθε,
1247 2365 1530 2417 συλλογίζεται
1555 2363 1579 2404 ό
1607 2363 1709 2404 ἀνα-

278 2431 627 2485 μιμνησκόμενος,
665 2430 736 2471 καί
774 2428 886 2470 ἐστιν
934 2426 1029 2471 οἷον
1076 2428 1240 2484 ζήτησίς
1274 2442 1346 2476 τις,
1405 2430 1534 2468 τοῦτο
1571 2427 1608 2467 δ’
1647 2422 1710 2476 οἷς

279 2495 351 2537 καὶ
384 2493 432 2536 τὸ
471 2493 747 2547 βουλευτικὸν
772 2493 946 2546 ὑπάρχει
982 2493 1107 2547 φύσει
1133 2493 1280 2545 μόνοις
1313 2490 1597 2543 συμβέβηκεν·
1639 2489 1711 2531 καὶ

280 2559 362 2611 γὰρ
397 2558 444 2599 τὸ
472 2558 1070 2614 βουλεύεσθαισυλλογισμός
1095 2557 1157 2604 τίς
1185 2555 1307 2597 ἐστιν.
1348 2577 1397 2583 -
1440 2556 1633 2592 1034831
1662 2551 1709 2594 έν

280 2626 369 2670 τοῖς
395 2623 688 2674 συλλογισμοῖς
712 2620 885 2662 πάντων
911 2621 1016 2674 ἀρχὴ
1042 2620 1070 2675 ἦ
1098 2619 1235 2668 οὐσία,
1262 2616 1307 2658 ἐκ
1334 2616 1414 2669 γὰρ
1438 2619 1517 2657 τοῦ
1537 2615 1576 2656 τί
1595 2614 1708 2657 ἐστιν

283 2685 325 2725 οἱ
350 2684 623 2737 συλλογισμοί
649 2683 766 2735 εἰσιν,
795 2685 848 2727 cf.
879 2687 1091 2725 1078b24.
1131 2684 1300 2735 πρῶτον
1327 2678 1611 2731 συλλογισμὸν
1637 2694 1707 2731 ap-

282 2750 404 2800 pellat
431 2751 630 2790 135⁷a17
658 2753 699 2789 et
726 2750 916 2799 1014b2,
949 2749 1017 2800 qui
1043 2748 1090 2788 fit
1116 2759 1139 2787 e
1158 2747 1290 2787 tribu·
1318 2745 1512 2794 terminis,
1541 2756 1706 2796 quorum
