1722 3112
596 219 866 263 Annlyticn
890 217 1063 262 priora.
1134 232 1137 235 ·
1512 215 1592 254 539

131 318 170 359 ‹3’
191 317 273 371 ἔχει
297 317 484 370 δύναμιν
501 319 679 370 ἄπειρον
694 313 1027 367 πεπερασμένον.
1079 314 1277 355 12821124
1300 313 1410 355 κατὰ
1432 314 1591 362 παντὸς

132 382 347 437 ὑπεροχὴν
376 382 560 436 α’γαθοῦ.
617 385 818 423 1323830
842 380 1103 434 α’πεχόμενον
1135 379 1325 432 μηθενὸς
1354 378 1410 420 ἂν
1437 377 1590 421 ἐπιθυ-

101 499 103 501 .
131 448 245 502 μήσῃ
274 451 354 490 τοῦ
378 451 534 501 φαγεῖν
554 446 582 501 ἢ
603 449 714 488 πιεῖν
736 451 823 488 τῶν
842 445 1042 499 ἐσχάτων.

79 515 166 554 wb
180 516 230 552 14
256 512 382 567 γένος
407 514 572 566 ἄτομον
599 517 662 553 est
690 512 795 564 quod
822 512 861 551 iu
889 512 1048 564 species
1086 523 1164 550 non
1202 509 1417 558 dividitur,
1459 507 1508 549 τὸ
1541 507 1590 548 ἓν

133 577 250 619 εἴδει.

79 644 165 682 vob
181 646 230 682 16
257 641 475 695 ἀλλήλοις,
502 640 628 681 intell.
657 642 716 691 τῷ
744 638 907 690 σώματι
933 637 1013 693 τὴν
1038 638 1206 692 ψυχήν,
1234 653 1268 679 ν.
1298 652 1354 678 vs,
1382 641 1420 678 8.

78 709 231 746 '101118
259 704 417 756 οὕτως,
443 705 572 746 intell.
601 700 706 744 ὥστε
734 702 822 758 ἰδίᾳ
847 702 1054 756 ὑπάρχειν
1081 702 1165 744 τινὶ
1191 701 1303 756 γένει
1324 701 1496 758 ἀτόμῳ,
1524 699 1591 743 ἐν·

133 767 332 823 δέχεσθαι,
359 770 405 812 δὲ
432 767 505 812 καὶ
531 770 676 817 ἄλλοις
698 767 867 822 ιγένεσιν
893 767 1098 821 ὑπάρχειν
1135 767 1193 821 μὴ
1234 762 1362 815 ὅλοις.
1417 767 1588 808 Debebit

131 839 264 875 autem
291 837 424 875 inesse
453 826 575 875 etiam
613 835 653 874 in
690 835 800 885 aliis,
838 834 954 886 quia,
995 835 1030 873 si
1057 846 1135 873 non
1162 834 1239 872 nisi
1266 833 1306 871 in
1334 846 1413 872 uno
1441 845 1588 883 genere

129 900 324 951 occurrit,
363 913 441 940 non
478 903 596 939 erunt
632 900 672 938 in
708 899 851 951 quibus
888 912 938 938 ex
979 899 1094 951 signo
1129 903 1441 949 recognoscatur
1468 897 1589 935 animi

135 968 280 1004 motus.
336 964 408 1006 Vs.
441 967 491 1003 19
519 977 610 1003 cum
637 964 869 1004 melioribus
898 963 1013 1003 codd.
1043 963 1249 1002 omisimus
1271 962 1480 1001 articulum
1499 965 1591 1000 ante

129 1028 292 1080 πάθος,
330 1030 422 1081 quia
457 1027 599 1077 πάθος
635 1042 714 1069 non
741 1032 806 1068 est
834 1029 1058 1069 subiectum
1103 1027 1314 1075 orationis,
1362 1025 1434 1064 sed
1474 1038 1590 1077 prae-

130 1094 330 1142 dicatum,
370 1094 570 1146 siquidem
608 1093 833 1134 subiectum
868 1092 1089 1146 petendum
1125 1097 1189 1131 est
1226 1104 1276 1130 ex
1313 1089 1589 1130 antecedenti-

131 1158 229 1202 bus,
258 1154 307 1198 τὸ
336 1160 524 1210 σημεῖον.

79 1221 231 1262 701128
257 1221 284 1275 ἢ
313 1221 353 1263 εἴ
376 1236 420 1263 τε
447 1223 691 1275 respondent
718 1222 767 1262 ad
787 1222 1062 1274 quaestionem
1085 1233 1203 1272 quam
1222 1220 1341 1260 modo
1367 1217 1590 1271 proposuit.

128 1287 301 1336 „Nonne
329 1301 618 1341 cognoscemus
646 1292 779 1327 utrum
807 1287 937 1327 utrius
966 1287 1119 1338 signum
1145 1286 1209 1335 sit,
1239 1285 1274 1324 si
1301 1284 1418 1322 ambo
1447 1295 1590 1322 occur-

130 1356 220 1391 rant
246 1352 287 1391 in
315 1353 393 1392 alio
421 1365 570 1404 genere
607 1364 686 1391 non
714 1352 921 1398 universo,
958 1350 999 1390 h.
1028 1363 1064 1389 ε.
1094 1349 1129 1388 si
1156 1350 1273 1388 ambo
1309 1351 1518 1387 occurrant
1546 1347 1586 1384 in

132 1416 270 1468 specie
298 1418 467 1467 quadam
497 1417 597 1456 alius
625 1417 782 1467 generis
820 1419 863 1454 et
896 1415 932 1453 si
961 1410 1052 1461 (καὶ
1078 1407 1184 1453 ὅταν
1209 1412 1404 1462 τούτων,
1441 1408 1488 1451 ἐν
1528 1404 1594 1457 οἷς

131 1478 191 1532 μὴ
228 1478 344 1529 ὅλοις
379 1478 580 1533 ἑκάτερόν
615 1477 726 1529 ἐστι,
773 1478 822 1520 τὸ
867 1477 947 1531 μὲν
982 1476 1054 1532 ἔχῃ
1090 1477 1279 1530 θάτερον
1308 1476 1426 1518 ἰ’διον
1461 1474 1510 1516 τὸ
1548 1472 1594 1515 δὲ

132 1544 212 1598 μή)
253 1547 295 1585 in
340 1546 502 1598 singulis
547 1546 784 1596 quibusdam
831 1557 935 1595 quae
982 1546 1022 1583 ei
1058 1545 1236 1584 subiecta
1284 1543 1366 1582 sint
1409 1545 1595 1580 occurrat

132 1614 413 1660 utrumque
438 1630 493 1638 —-
520 1610 691 1648 alterum
718 1610 767 1647 ab
809 1609 934 1647 altero
974 1609 1198 1647 seiunctum
1233 1630 1278 1635 —
1305 1613 1351 1646 ut
1380 1619 1501 1646 unum
1530 1619 1595 1644 re-

132 1673 311 1722 periatur
348 1670 389 1708 in
423 1670 523 1718 hoc,
565 1669 737 1709 alterum
764 1669 806 1708 in
843 1670 972 1708 inov'
1027 1672 1110 1708 Iam
1147 1684 1215 1709 res
1252 1672 1338 1722 ipsa
1366 1670 1486 1709 docet
1514 1682 1592 1721 quo

131 1735 219 1773 iure
245 1745 290 1773 τε
315 1746 374 1773 vs.
402 1734 454 1772 28
482 1746 504 1772 a
531 1733 645 1773 nobis
675 1738 876 1772 servatum
904 1734 977 1772 sit:
1024 1734 1179 1772 scilicet
1218 1734 1434 1774 delendum
1470 1740 1593 1782 esset,

133 1798 169 1837 si
196 1811 270 1850 per
297 1794 370 1838 καὶ
397 1811 456 1837 vs.
485 1801 537 1838 29
565 1810 665 1837 nova
693 1797 948 1850 proferretur
984 1797 1157 1837 conditio
1195 1811 1218 1837 a
1255 1799 1380 1850 priori
1420 1797 1591 1849 diversa,

132 1875 236 1902 nunc
263 1875 360 1902 vero
389 1863 649 1902 omittendum
678 1875 756 1902 non
793 1865 879 1911 est,
916 1862 1007 1913 quia
1045 1875 1146 1914 quae
1181 1868 1402 1914 sequuntur
1438 1859 1511 1902 καὶ
1547 1858 1595 1901 ἐν

134 1920 198 1974 οἷς
226 1956 237 1968 .
256 1955 266 1966 .
289 1955 300 1966 .
338 1940 385 1966 ea
412 1928 634 1966 accuratius
662 1927 894 1979 exprimunt
922 1930 964 1966 et
992 1927 1189 1966 definiunt
1225 1939 1328 1978 quae
1355 1927 1476 1966 modo
1506 1926 1593 1965 uni-

134 2004 250 2031 verse
279 1990 386 2031 dicta
413 1995 519 2033 sunt.
573 1991 799 2031 Particulae
824 2003 868 2030 τε
894 1991 1014 2043 igitur
1040 1991 1141 2030 haec
1169 1994 1232 2030 est
1259 1991 1342 2038 vis,
1371 1996 1417 2030 ut
1442 1991 1593 2030 indicet

134 2055 403 2095 conditionem
431 2055 555 2106 priori
582 2056 770 2094 orationis
793 2057 975 2096 membro
1010 2068 1090 2095 non
1118 2056 1213 2095 satis
1242 2056 1463 2108 expositam
1489 2055 1592 2094 indi-

134 2133 232 2172 gere
259 2120 338 2158 alio
366 2120 570 2169 membro,
599 2133 677 2172 quo
704 2120 954 2173 suppleatur.

83 2185 234 2223 70b32
262 2183 336 2222 Iul.
364 2182 509 2222 Pacius
538 2190 580 2222 et
605 2184 735 2224 Buhle
776 2185 909 2224 locum
948 2188 1181 2236 corruptum
1219 2186 1481 2235 putaverunt,
1519 2183 1592 2222 sed

135 2249 239 2288 bene
277 2248 425 2288 habent
453 2249 597 2296 omnia,
636 2250 670 2287 si
697 2250 908 2302 scripseris
946 2250 1007 2304 τῷ
1043 2262 1117 2300 pro
1144 2247 1256 2297 τῶν,
1295 2249 1403 2298 quod
1430 2248 1590 2288 codices

136 2312 229 2353 cdm
256 2313 504 2354 confirmant.
568 2312 766 2352 Disseruit
809 2316 912 2353 enim
941 2314 1177 2353 Aristoteles
1204 2309 1302 2363 περὶ
1327 2314 1407 2352 τοῦ
1435 2319 1590 2363 φυσιο-

135 2378 378 2430 γνωμονεῖν
414 2378 486 2422 (de
524 2390 603 2429 quo
639 2378 782 2417 Pacius
823 2378 982 2418 confert
1020 2377 1124 2416 Gell.
1152 2377 1181 2427 l,
1210 2380 1280 2422 10)
1323 2390 1371 2417 εο
1406 2377 1589 2424 consilio,

137 2449 179 2483 ut
196 2443 443 2495 patefaceret
456 2443 493 2480 in
510 2455 587 2493 qua
604 2443 734 2496 figura
761 2444 1067 2483 concluderetur
1095 2443 1142 2481 ab
1162 2442 1210 2481 iis
1235 2442 1302 2492 qui
1322 2454 1371 2480 ex
1394 2442 1516 2495 signis
1539 2442 1592 2481 de

136 2507 256 2547 animi
285 2508 460 2545 motibus
488 2507 755 2547 coniecturam
783 2512 983 2560 caperent.
1028 2506 1162 2556 Quare
1189 2507 1342 2558 pergit:
1370 2505 1436 2545 Fit
1456 2509 1591 2545 autem

135 2571 183 2612 τὸ
212 2573 589 2623 φυσιογνωμονεῖν
617 2572 657 2611 in
693 2573 820 2625 prima
855 2573 1004 2623 figura,
1047 2584 1168 2622 quum
1205 2570 1363 2609 medius
1398 2571 1590 2610 terminus

134 2650 225 2676 cum
253 2638 403 2676 maiore
431 2637 591 2687 quidem
629 2638 892 2685 convertitur,
929 2636 1127 2675 minorem
1163 2647 1257 2674 vero
1295 2634 1590 2688 complectitur.

137 2700 327 2741 Ceterum
355 2702 523 2741 mutatio
548 2701 735 2748 (candem
755 2702 966 2742 habuimus
995 2702 1080 2740 30b
1095 2701 1167 2750 14,
1195 2700 1339 2748 34b5)
1367 2700 1476 2739 vocis
1503 2699 1590 2739 τῶν

136 2765 176 2804 in
202 2764 278 2806 τῶι
306 2780 426 2818 quum
453 2766 654 2806 levissima
680 2771 742 2807 est
776 2771 861 2807 tum
890 2765 1132 2806 necessaria:
1175 2777 1266 2805 nam
1294 2765 1492 2817 quomodo
1521 2777 1588 2804 ex-
