1826 3112
329 195 408 234 17⁰
846 199 1238 234 ΑΝΛΛΤΤΙΚΩΝ

331 292 519 351 ἔλαττον,
551 291 714 350 άτελεῖς
745 311 788 339 τε
805 293 980 350 πάντες,
994 296 1066 340 καὶ
1088 297 1130 341 οἱ
1151 296 1388 358 στερητικοὶ
1419 299 1508 343 τῶν
1540 301 1743 360 συλλογι-

283 375 317 403 80
333 360 456 418 σμων
467 357 527 405 οὕ
538 364 622 405 toi
634 357 740 404 κατὰ
753 357 831 405 τὸν
842 359 1067 420 διορισμὸν
1080 362 1369 421 ἐνδεχομένου,
1381 361 1490 407 ἄλλά
1502 381 1585 409 του
1566 364 1745 425 μηδενὶ

330 422 371 487 ἢ
398 423 459 487 μὴ
499 427 626 507 παντὶ
661 424 706 479 ἐξ
741 424 932 495 α’νάγκης
971 426 1203 487 ὑπάρχειν·
1254 430 1291 473 εἰ
1326 427 1408 488 γάρ
1446 430 1594 490 μηδενὶ
1624 427 1654 491 ἢ
1682 427 1742 491 μὴ

329 493 456 537 παντὶ
497 490 543 545 ἐξ
574 489 786 553 άνάγκης,
827 493 1076 552 ἐνδέχεσθαί
1117 512 1260 553 φαιιεν
1299 496 1372 539 καὶ
1405 495 1556 556 μηδενὶ
1583 496 1653 540 καὶ
1684 493 1744 557 μὴ

329 557 456 603 παντὶ
486 555 707 639 υπάρχειν.
761 558 995 617 ἐνδεχέσθω
1028 558 1108 620 γὰρ
1136 578 1186 605 το
1213 564 1250 604 Α
1280 562 1404 605 παντὶ
1440 565 1502 605 τοῖ
1539 558 1668 612 Β,τὸ
1698 563 1745 606 δε

329 626 367 667 Β
384 624 508 668 παντὶ
543 627 602 667 τῶ
625 626 668 667 Γ
683 625 845 669 κεισθω
869 623 1090 684 υπάρχειν.
1127 626 1214 672 ἐπεὶ
1234 619 1317 671 οὖν
1346 624 1435 671 υπὸ
1458 625 1507 671 τὸ
1527 628 1563 671 Β
1586 627 1671 672 ἐστὶ
1691 624 1743 672 τὸ

278 705 312 732 35
332 691 390 744 Γ,
423 692 483 733 τῶ
509 689 555 733 δὲ
590 692 627 733 Β
658 692 782 735 παντὶ
811 690 1016 750 ἐκδέχεται
1046 690 1097 737 τὸ
1128 696 1184 747 A,
1218 690 1412 751 φανερὸν
1443 690 1508 737 ὅτι
1526 693 1599 737 καὶ
1626 695 1686 756 τῷ
1706 695 1752 737 Γ

327 755 453 800 παντὶ
484 754 702 813 ἐνδέχεται.
741 757 897 815 γίνεται
919 755 974 818 61}
995 758 1155 813 τέλειος
1188 757 1488 818 συλλογισμός.
1519 756 1680 816 ὁμοίως
1697 759 1744 804 δὲ

325 821 398 865 καὶ
419 825 668 882 στερητικης
698 819 839 883 οὔσης
857 826 937 883 τῆς
960 827 1033 867 ΑΒ
1052 821 1324 881 προτάσεως,
1355 827 1433 883 τῆς
1454 824 1500 868 δε
1514 826 1598 868 ΒΓ
1609 842 1742 868 κατα-

326 889 535 946 φατικῆς,
575 889 648 931 καὶ
675 891 752 948 τῆς
783 889 860 945 μὲν
894 889 1141 946 ἐνδέχεσθαι
1170 892 1247 949 τῆς
1279 886 1317 933 δ’
1341 886 1553 947 ὑπάρχειν
1579 892 1744 948 λαμβα-

326 951 505 1011 νούσης,
538 952 695 1007 τέλειος
726 951 1056 1013 συλλογισμὸς
1039 950 1104 998 ότι
1137 951 1187 998 τὸ
1213 957 1250 998 Α
1273 953 1478 1013 ἐνδέχεται
1503 956 1654 1016 μηδενὶ
1681 958 1745 1018 τῷ

278 1030 313 1057 40
331 1015 606 1074 Γὺπάρχειν.

224 1108 255 1139 p
267 1095 312 1129 34
448 1078 546 1126 Ὀτι
574 1082 652 1140 μὲν
679 1098 764 1126 ουν
789 1085 872 1127 τοῦ
891 1079 1103 1142 ὑπάρχειν
1119 1083 1350 1142 τιθεμένου
1369 1082 1480 1164 πρὸς
1497 1082 1547 1129 τὸ
1572 1085 1744 1130 ε’λαττον

327 1145 462 1205 ἄκρον
481 1147 632 1192 τέλειοι
650 1148 1146 1208 γίνονταισυλλογισμοί,
1163 1148 1378 1208 φανερόν·
1403 1147 1470 1195 ὅτι
1491 1148 1528 1195 6'
1542 1150 1744 1205 ἐναντίως

325 1213 495 1273 ἔχοντος
517 1213 685 1258 ἔσονται
698 1215 993 1272 συλλογισμοί,
1014 1213 1086 1259 διὰ
1097 1218 1179 1260 τοῦ
1196 1213 1419 1260 α’δυνάτου
1432 1216 1630 1263 δεικτέον.
1655 1213 1744 1275 ἅμα

326 1277 366 1325 δ’
396 1280 509 1324 ἔσται
543 1283 681 1340 δῆλον
707 1280 778 1323 καὶ
812 1277 877 1324 ὅτι,
905 1278 1084 1336 α’τελεῖς·
1114 1279 1142 1341 ἢ
1165 1279 1246 1340 γάρ
1265 1280 1390 1336 δεῖξις
1410 1280 1494 1326 οὐκ
1515 1282 1560 1326 ἐκ
1581 1286 1666 1327 τῶν
1684 1283 1742 1327 εἰ-

297 1345 550 1407 5λημμένων
568 1343 832 1402 προτάσεων.
862 1349 1035 1402 πρῶτον
1061 1347 1107 1391 δὲ
1129 1347 1299 1391 λεκτέον
1319 1344 1384 1391 ὅτι
1406 1349 1442 1391 εἰ
1460 1351 1541 1392 τοῦ
1563 1351 1598 1392 Α
1620 1346 1744 1403 ὄντος

329 1409 496 1472 ἀνάγκη
524 1409 574 1456 τὸ
612 1414 644 1455 Β
664 1429 784 1464 ειναι,
812 1412 881 1455 καὶ
904 1410 1136 1457 dvvavofi'
1116 1410 1245 1466 ὄντος
1270 1430 1351 1457 του
1367 1415 1404 1457 Α
1425 1412 1642 1459 δυνατόν’
1629 1414 1743 1459 ε’σται

327 1475 379 1522 τὸ
403 1480 439 1522 Β
463 1476 507 1531 ἐξ
533 1475 731 1538 άνάγκης.
763 1476 867 1543 ἕστο)
895 1475 978 1536 γάρ
1009 1496 1147 1533 ουτως
1176 1477 1354 1537 ἐχόντων
1373 1476 1423 1523 τὸ
1450 1497 1527 1536 μεν
1546 1478 1611 1539 ἐφ’
1636 1472 1672 1523 οἷ
1693 1476 1743 1524 τὸ

328 1547 366 1588 A
385 1545 585 1597 δυνατόν,
606 1541 655 1588 τὸ
678 1541 716 1587 6'
739 1540 805 1599 ἐφ’
827 1535 865 1586 οἱ
880 1541 932 1587 τὸ
953 1546 989 1587 Β
1015 1540 1244 1588 α’δύνατον.
1269 1545 1306 1589 εἰ
1335 1544 1418 1589 οὐν
1435 1543 1487 1589 τὸ
1509 1563 1586 1603 μεν
1607 1548 1742 1590 δυνα-

327 1607 416 1664 τόν,
445 1607 514 1654 ὅτε
544 1606 732 1654 δυνατὸν
752 1612 872 1662 εἰναι,
902 1607 1052 1668 γένοιτ’
1070 1608 1135 1664 άν,
1157 1607 1207 1655 τὸ
1228 1608 1267 1654 6'
1287 1608 1517 1664 α’δύνατον,
1551 1608 1612 1655 ὅτ’
1633 1609 1742 1656 αδύ-

278 1690 312 1718 10
327 1693 481 1730 νατον,
516 1672 601 1720 οὐκ
633 1672 686 1720 άν
713 1675 904 1734 γένοιτο,
936 1672 1023 1732 άμα
1050 1673 1088 1719 6'
1119 1676 1156 1720 εἰ
1183 1673 1232 1720 τὸ
1261 1679 1298 1719 Α
1322 1678 1378 1720 δυ
1370 1673 1508 1720 νατόν
1532 1678 1606 1721 καὶ
1629 1674 1678 1721 τὸ
1706 1678 1744 1720 Β

328 1739 558 1793 ἀδύνατον,
581 1738 777 1799 ἐνδέχοιτ’
799 1737 852 1784 ὂέν
871 1736 920 1784 τὸ
940 1744 976 1784 Α
991 1759 1055 1800 yffi
1055 1741 1192 1786 έσθαι
1216 1739 1321 1786 ἄνευ
1339 1759 1421 1786 του
1435 1745 1484 1795 Β
1508 1743 1544 1787 εἰ
1562 1743 1607 1787 δε
1625 1742 1742 1802 γενέ-

327 1812 449 1862 σθαι,
480 1808 553 1851 καὶ
575 1802 787 1852 εἰναι·τό
813 1803 894 1866 γάρ
913 1805 1109 1866 γεγονός,
1140 1804 1208 1851 ὅτε
1227 1807 1422 1866 γέγονεν,
1451 1808 1574 1852 ἐστιν.
1613 1811 1680 1853 δεῖ
1697 1807 1742 1852 δε

326 1872 559 1932 λαμβάνειν
578 1870 637 1933 μὴ
667 1870 804 1930 μόνον
828 1872 872 1917 ἐν
893 1876 946 1929 τῇ
963 1873 1121 1931 γενέσει
1140 1870 1189 1917 τὸ
1209 1872 1296 1917 αδ
1266 1890 1428 1918 υνατον
1446 1874 1518 1918 καὶ
1542 1871 1742 1929 δυνατόν,

326 1937 436 1984 ἄλλά
470 1940 543 1983 καὶ
561 1938 605 1984 ἐν
622 1942 686 2000 τοῖ
708 1936 1012 1998 άληθεύεσθαι
1042 1940 1113 1983 καὶ
1141 1939 1184 1984 ἐν
1202 1942 1262 1982 τῶ
1281 1937 1513 1996 ὑπάρχειν,
1544 1940 1616 1984 καὶ
1635 1937 1742 1984 ὃσα-

277 2008 411 2089 ιεχῶς
437 2002 577 2058 ἄλλως
609 2005 771 2063 λέγεται
792 2000 842 2047 τὸ
873 2003 1084 2048 δτψατόν·
1118 2003 1162 2048 ἐν
1195 1984 1330 2048 ἅπασι
1357 2002 1445 2083 γάρ
1473 2002 1630 2061 ὁμοίως
1650 2003 1741 2059 ε’ξει.

325 2071 384 2116 ε’τι
402 2068 452 2115 τὸ
478 2068 604 2124 ὄντος
622 2087 704 2114 του
687 2072 753 2113 A
763 2066 811 2112 τὸ
824 2071 860 2113 Β
874 2065 992 2121 εἶναι
1014 2067 1097 2128 οὐχ
1110 2067 1171 2125 ὦς
1192 2068 1284 2124 ἑνός
1294 2087 1410 2123 τινος
1420 2068 1544 2126 ὄντος
1555 2068 1742 2116 τοῦΑτὸ

325 2140 364 2182 Β
385 2136 502 2181 ἔσται
531 2138 598 2180 δεῖ
617 2133 874 2192 ὑπολαβεῖν·
902 2133 959 2180 οὐ
979 2134 1063 2194 γάρ
1081 2136 1193 2180 ἐστιν
1215 2134 1347 2180 οὐδὲν
1369 2134 1412 2188 ἐξ
1434 2133 1627 2196 άνάγκης
1647 2135 1744 2192 ἑνός

323 2220 442 2258 τινος
468 2200 616 2256 ὄντος,
648 2198 759 2245 άλλιὶ
779 2204 905 2246 δυοῖν
926 2196 1185 2259 ἑλαχίστοιν,
1215 2198 1308 2246 οἷον
1327 2198 1428 2246 ὅταν
1451 2202 1494 2246 αἱ
1514 2201 1744 2260 προτάσεις

327 2265 471 2323 οὕτως
497 2268 648 2327 ἔχωσιν
679 2265 737 2322 ὣς
766 2267 920 2327 ἐλέχθη
955 2266 1063 2311 κατά
1085 2265 1164 2312 τόν
1184 2266 1486 2327 συλλογισμόν.
1533 2269 1569 2312 εἰ
1590 2266 1670 2327 γάρ
1689 2266 1740 2313 τὸ

275 2349 310 2376 20
328 2338 373 2379 Γ
381 2331 490 2380 κατὰ
521 2337 603 2379 τοῦ
625 2337 680 2388 A,
709 2330 760 2377 τὸ
789 2334 835 2378 δὲ
867 2340 908 2378 Δ
929 2330 1038 2377 κατά
1059 2337 1142 2379 τοῦ
1166 2336 1224 2389 Z,
1255 2334 1328 2378 καὶ
1345 2331 1394 2377 τὸ
1417 2336 1462 2377 Γ
1473 2331 1581 2378 κατὰ
1601 2338 1684 2379 τοῦ
1703 2337 1742 2379 Ζ

414 2469 456 2502 29
477 2479 514 2501 τε
534 2465 598 2499 οη]
609 2467 643 2499 C.
671 2485 713 2491 —
748 2466 803 2499 34
803 2465 914 2500 παντὶ
942 2478 996 2499 om
1014 2478 1047 2499 π.
1070 2485 1115 2492 -
1145 2467 1187 2500 36
1211 2463 1255 2507 δὴ
1276 2476 1310 2498 n.
1334 2482 1378 2490 -
1411 2466 1454 2498 38
1470 2465 1742 2522 λαμβανομένης

325 2514 472 2565 Bmsnu,
497 2524 575 2544 corr
592 2510 658 2543 Ad.
685 2530 724 2535 —
759 2512 801 2544 39
826 2510 959 2549 τέλειος
984 2509 1082 2544 ε’σται
1108 2507 1338 2554 συλλογισμὸς
1358 2511 1519 2551 demnu.
1542 2529 1586 2536 —
1617 2509 1696 2547 ὅτι.

321 2555 500 2601 νπάρχειν
521 2568 574 2587 om
592 2567 626 2587 n.

406 2599 498 2634 34³2
516 2611 628 2641 ακρον
647 2611 700 2631 om
716 2610 751 2631 π.
783 2618 825 2624 —-
858 2599 1043 2642 ’γίγνονται
1062 2611 1096 2632 η.
1127 2617 1167 2623 -
1192 2600 1212 2632 3
1226 2597 1366 2651 ἔχοντες
1380 2610 1422 2638 u,
1448 2610 1491 2640 pr
1503 2599 1545 2632 A.
1578 2617 1618 2624 -
1644 2595 1704 2632 4
1680 2612 1739 2634 οτι

323 2645 386 2680 καὶ
407 2646 439 2677 d.
465 2665 508 2671 —
533 2647 553 2678 6
572 2645 671 2679 ἔσται
689 2643 750 2677 καὶ
768 2641 809 2677 τὸ
831 2645 887 2677 dn.
913 2662 955 2670 —
979 2646 1000 2678 7
1018 2642 1054 2688 ἐχ
1058 2643 1171 2678 όντων
1185 2644 1257 2676 τῶν
1275 2638 1371 2687 ὅρων
1389 2644 1521 2675 con-A.
1532 2661 1577 2667 ——
1593 2645 1612 2677 9
1629 2641 1737 2678 ὃ’.τιΑ

322 2707 368 2717 -—
391 2686 442 2724 στ’
460 2687 573 2732 εἰδ.]“
552 2701 643 2723 οταν
662 2687 823 2724 δυνατόν
841 2701 882 2733 pr
899 2689 965 2723 Bd.
990 2709 1032 2716 —
1067 2690 1109 2724 14
1124 2701 1166 2734 pr
1180 2687 1241 2723 καὶ
1260 2699 1316 2721 om
1337 2688 1373 2721 G·
1396 2704 1439 2714 —-
1465 2688 1507 2722 18
1525 2688 1680 2723 δυεῖνΒ.
1693 2705 1738 2715 -

323 2733 511 2779 ἐλάχιστον
528 2747 606 2768 corr
625 2735 667 2767 B.
