1794 3086
610 148 863 195 Annlyticn
886 147 1062 193 priora.
1504 147 1586 188 449

118 248 281 290 222234.
335 247 512 288 215b31
540 245 920 300 ἄντεστραμμένως
946 244 1071 287 δίεισι
1097 239 1156 299 τῷ
1181 243 1311 297 τάχει,
1339 244 1495 286 ratione
1522 246 1583 287 in-

120 325 236 353 versa
263 311 497 361 celeritatis,
537 315 584 353 ut
609 312 885 353 mathematici
913 310 1063 351 dicunt.
1118 311 1230 351 7841»
1240 311 1294 348 16
1320 305 1470 361 ’ὥσπερ
1498 309 1582 364 γὰρ

118 373 489 429 ἀπεστραμμένον
515 379 569 430 τῇ
596 375 735 430 πάχνῃ
763 374 789 417 ὁ
818 373 954 426 εὐρώς
980 372 1096 415 ἐστιν
1123 374 1366 427 (gleichsam
1390 374 1461 413 das
1481 375 1583 415 Um-

118 442 351 495 gekehrte).
389 462 444 469 —
510 440 583 481 Vs.
608 443 659 480 31
689 440 922 491 scripsimus
951 440 995 479 E
1020 452 1094 492 pro
1124 438 1184 485 H,
1224 437 1329 490 quod
1365 439 1582 479 manifesto

119 506 301 558 postulat
338 517 505 544 sensus:
543 517 634 544 nam
671 505 747 544 sibi
782 507 1039 556 opponuntur
1066 516 1124 543 vs.
1148 505 1198 542 31
1234 501 1283 542 τὸ
1311 499 1390 553 μὲν
1426 501 1511 555 γὰρ
1539 503 1582 543 Ε

117 571 176 620 τῷ
203 570 245 608 A
271 567 447 620 ὑπάρξει
479 566 610 608 παντί
635 573 678 608 et
700 580 757 607 vs.
780 569 832 606 33
859 565 908 607 τὸ
937 564 984 607 δὲ
1012 568 1054 607 A
1079 570 1139 619 τῷ
1167 568 1210 606 Ε
1236 564 1365 607 παντὶ
1391 565 1473 618 μὲν
1498 596 1509 606 .
1533 596 1542 606 .
1567 595 1578 606 .

115 632 270 673 Deinde
297 632 462 671 remotis
489 632 643 676 uncinis
670 644 728 670 vs.
749 633 815 682 32,
855 631 999 684 quibus
1040 632 1161 670 verba
1200 629 1250 671 τὸ
1276 630 1359 683 γὰρ
1388 632 1426 671 Β
1452 631 1512 687 τῷ
1540 633 1582 671 A

115 695 272 735 inclusa
300 699 413 735 erant
441 699 484 735 et
510 697 616 748 apud
644 696 745 735 Bkk.
775 700 817 735 et
843 697 884 734 in
913 695 1007 735 edd.
1037 694 1250 748 prioribus,
1289 702 1458 748 apparet
1486 709 1582 736 con-

117 759 337 806 clusionem
366 760 429 808 „E
458 760 681 811 praedicari
706 759 759 799 de
787 759 984 799 omni.A''
1023 760 1292 799 demonstrari
1331 772 1381 799 ex
1409 760 1459 799 iis
1485 773 1582 813 pro-

115 813 384 876 positionibus
413 837 510 875 quas
537 824 618 863 iam
645 827 948 874 commemorat,
976 824 1038 874 „B
1065 823 1294 875 praedicari
1320 823 1374 862 de
1395 824 1580 863 omniA''

117 891 161 927 et
189 888 254 938 „E
283 887 335 926 de
363 877 471 926 omni
500 885 574 926 B”.
630 887 897 926 Retinendum
928 892 1039 927 esset
1065 889 1184 939 igitur
1207 889 1246 928 Ε
1271 901 1345 940 pro
1368 887 1430 937 H,
1458 888 1581 927 etiam

116 951 153 1003 si
180 964 260 991 non
289 951 504 991 accederet
531 950 722 990 codicum
745 951 976 991 auctoritas.
1042 950 1197 998 Tamen
1225 952 1422 991 reiectum
1449 958 1514 992 est
1541 957 1583 992 et

114 1027 139 1054 a
165 1014 238 1056 Iul.
268 1015 387 1054 Pacio
415 1019 458 1054 et
486 1028 508 1054 a
534 1015 694 1057 Buhlio.
748 1014 936 1055 Nostram
964 1014 1182 1055 lectionem
1211 1015 1334 1054 etiam
1352 1016 1583 1056 Alexander

112 1078 275 1117 videtur
301 1078 492 1119 habuisse
513 1078 582 1119 fol.
606 1081 697 1128 126,
718 1079 743 1118 b
773 1079 898 1126 (lunt.
913 1081 1031 1118 1521.
1051 1080 1111 1126 4.)
1139 1076 1188 1119 τὸ
1207 1076 1291 1137 γὰρ
1308 1080 1352 1119 Ε
1368 1077 1476 1124 κατὰ
1498 1081 1582 1121 τοῦ

117 1142 161 1182 Α
186 1141 361 1192 παντός,
399 1139 544 1195 ἐπειδὴ
580 1141 654 1184 καὶ
690 1141 798 1183 κατὰ
834 1145 916 1184 τοῦ
944 1143 998 1183 H
1016 1142 1190 1193 παντός,
1225 1141 1275 1184 τὸ
1313 1141 1360 1184 δὲ
1389 1144 1444 1184 Η
1472 1142 1582 1186 κατὰ

110 1206 280 1259 παντὸς
304 1208 385 1248 τοῦ
413 1208 456 1247 A
481 1206 640 1256 τςαύτόν
665 1220 714 1260 γε
743 1202 796 1248 ὂν
822 1211 880 1260 τῷ
895 1208 932 1249 Β
958 1206 1043 1249 τινὶ
1070 1208 1098 1248 ἃ
1126 1206 1265 1249 εἵπετο
1292 1211 1352 1262 τῷ
1366 1209 1422 1248 Α.
1466 1209 1582 1261 Quae

84 1304 89 1306 .
114 1271 279 1323 quidem
307 1272 608 1321 demonstratio,
637 1286 758 1324 quum
785 1273 917 1313 minus
944 1274 1160 1325 perspicua
1188 1275 1241 1313 sit
1269 1267 1388 1325 quam
1412 1274 1581 1315 demon-

119 1336 264 1375 stratio
292 1349 410 1388 quam
439 1331 934 1389 Aristoteles'proposuit,
975 1336 1150 1377 fortasse
1185 1338 1228 1378 in
1264 1350 1384 1378 causa
1410 1330 1501 1386 fuit,
1537 1342 1584 1379 ut

115 1399 158 1438 E
186 1400 227 1439 in
255 1400 458 1439 codicibus
486 1406 710 1440 mutaretur
737 1402 775 1440 in
806 1401 864 1443 H.
923 1401 988 1441 Cf.
1017 1414 1107 1441 cum
1135 1403 1199 1441 his
1221 1414 1325 1453 quae
1346 1403 1469 1442 habet
1483 1402 1584 1442 Phi-

116 1463 287 1516 loponus
313 1464 386 1505 fol.
407 1466 472 1513 ⁷1,
492 1466 518 1504 h
549 1464 672 1511 (Ven.
692 1460 811 1504 1536.
830 1462 922 1511 fol.)
951 1463 989 1504 εἰ
1014 1461 1063 1506 τὸ
1091 1466 1130 1505 Β
1157 1463 1286 1507 παντὶ
1311 1469 1372 1517 τῷ
1399 1467 1454 1515 A,
1481 1464 1583 1506 ταύ-

114 1525 194 1567 τὸν
228 1523 289 1584 δὲ,
309 1523 424 1568 τὸΒ
461 1531 519 1579 τῷ
549 1528 607 1577 Η,
643 1525 716 1569 καὶ
752 1527 802 1569 τὸ
825 1529 885 1568 -Η
903 1527 1031 1569 παντὶ
1064 1530 1125 1586 τῷ
1153 1532 1208 1570 Λ.
1271 1529 1401 1571 πάλιν
1436 1527 1583 1584 ἐπειδὴ

111 1589 161 1631 τὸ
189 1592 233 1631 Ε
267 1589 397 1632 παντὶ
431 1592 492 1648 τῷ
522 1591 583 1643 H,
618 1591 666 1633 τὸ
706 1590 754 1633 δὲ
783 1593 837 1633 Η
864 1592 1024 1635 ταύτὸν
1052 1598 1115 1646 τῷ
1143 1595 1195 1646 Β,
1232 1593 1306 1636 καὶ
1338 1593 1387 1636 τὸ
1415 1596 1459 1635 Ε
1493 1595 1581 1647 ἄρα

82 1653 241 1695 ,παντὶ
276 1659 336 1708 τῷ
364 1657 414 1696 Β.
482 1655 531 1696 τὸ
572 1654 618 1697 δὲ
649 1657 683 1696 Β
717 1656 845 1699 παντὶ
880 1659 940 1713 τῷ
968 1660 1023 1709 A,
1063 1657 1138 1710 καὶ
1171 1658 1220 1700 τὸ
1247 1661 1291 1700 Ε
1326 1660 1414 1711 ἄρα
1450 1657 1583 1700 παντὶ

113 1722 173 1771 τῷ
199 1721 255 1761 Α.
312 1720 430 1770 Quod
458 1717 576 1771 quam
605 1721 844 1773 perplexum
871 1723 925 1759 sit
951 1735 1069 1761 nemo
1097 1735 1176 1761 non
1201 1723 1335 1762 videt:
1364 1723 1463 1762 mihi
1492 1723 1582 1774 qui·

114 1783 207 1823 dem
232 1783 441 1835 Philoponi
469 1783 644 1823 animum
673 1784 832 1823 videtur
859 1784 1099 1832 turbavisse,
1128 1786 1235 1837 quod
1262 1787 1301 1825 in
1329 1785 1443 1825 libris
1469 1787 1581 1826 inve-

113 1848 216 1893 nerit
243 1846 457 1887 lectionem
488 1846 541 1886 H
560 1859 617 1885 vs.
636 1849 687 1885 31
715 1860 790 1900 pro
818 1848 871 1894 E,
909 1860 1027 1899 quam
1054 1854 1102 1888 u't
1135 1850 1214 1889 rite
1243 1849 1466 1901 explicaret
1493 1849 1582 1890 fru-

116 1915 201 1950 stra
227 1909 435 1949 laboravit.
465 1932 519 1939 —
586 1910 703 1960 Quod
732 1911 784 1950 de
810 1912 977 1962 reliquis
1004 1913 1135 1953 modis
1164 1913 1310 1965 quibus
1338 1914 1427 1964 cogi
1451 1914 1584 1965 possit

114 1974 283 2013 alterum
322 1974 374 2013 dc
411 1978 526 2026 parte
560 1974 723 2014 alterius
759 1969 995 2027 ρῐειεᾱίοατῖ
1010 1976 1255 2017 Aristotele
1293 1977 1391 2017 nihil
1420 1977 1581 2028 dixerit,

95 2037 265 2078 -Zellius
294 2040 356 2090 (p.
380 2039 460 2077 258
483 2041 586 2085 not.)
615 2039 670 2077 ita
697 2046 878 2089 excusat,
910 2045 955 2079 ut
983 2040 1090 2079 dicat
1115 2035 1221 2090 fore,
1249 2045 1295 2080 ut
1323 2040 1434 2081 facili
1452 2054 1583 2095 nego-

112 2101 172 2141 tio
209 2101 260 2139 ad
302 2101 479 2151 reliquos
526 2096 782 2153 syllogismos
821 2102 1034 2158 transferat
1071 2104 1137 2156 qui
1172 2109 1387 2157 perspecta
1433 2106 1581 2145 habeat

115 2177 218 2216 quae
245 2164 297 2203 de
325 2165 565 2215 quibusdam
603 2166 651 2204 ab
680 2167 900 2207 Aristotele
927 2168 1110 2219 exposita
1151 2169 1243 2211 sint.
1310 2168 1421 2208 Vera
1459 2183 1581 2210 causa

113 2228 155 2268 in
183 2240 232 2267 eo
259 2231 338 2274 est,
367 2229 473 2279 quod
500 2241 579 2269 nou
605 2231 859 2281 propositum,
883 2230 962 2271 fuit
979 2231 1207 2279 Aristoteli,
1235 2236 1284 2272 ut
1303 2231 1449 2272 doceat
1477 2246 1580 2285 quo-

113 2291 236 2331 modo
262 2286 534 2343 cuiuscumque
562 2292 785 2345 syllogismi
811 2295 1007 2335 terminus
1036 2296 1194 2335 medius
1221 2296 1466 2343 inveniatur,
1507 2297 1582 2338 sed

115 2359 160 2395 ut
187 2359 374 2408 exponat,
418 2368 495 2407 qua
531 2356 685 2395 ratione
712 2356 923 2398 efficienda
961 2361 1013 2398 sit
1050 2359 1144 2398 data
1172 2359 1378 2400 conclusio
1406 2382 1456 2390 —
1485 2374 1582 2414 pro-

112 2419 245 2460 blema
284 2420 566 2471 quodcunque,
602 2420 645 2459 h.
673 2433 710 2459 e.
745 2420 831 2461 sive
865 2422 1072 2462 affirmans
1101 2423 1186 2463 sive
1212 2436 1376 2475 negans,
1416 2424 1503 2465 sive
1529 2424 1582 2465 de

113 2487 197 2523 toto
235 2484 319 2523 sive
356 2483 407 2522 de
446 2486 562 2536 parte
598 2504 648 2512 —
686 2483 920 2539 investigato
956 2487 1092 2526 medio
1128 2487 1314 2537 termino,
1357 2487 1510 2539 figurae
1538 2493 1582 2529 et

112 2546 233 2595 modi,
262 2560 341 2598 qno
369 2547 444 2586 fiat
469 2547 742 2598 syllogismus,
769 2559 850 2589 non·
874 2550 1011 2589 habita
1039 2550 1211 2591 ratione.

61 2610 208 2649 44:238
233 2610 292 2650 Ut
318 2611 548 2651 inveniatur
576 2611 734 2650 medius
761 2614 972 2663 terminus,
1005 2618 1048 2653 et
1074 2613 1114 2653 iu
1142 2614 1192 2653 iis
1214 2603 1316 2666 quae
1339 2615 1576 2668 praedican-

115 2677 182 2712 tur
216 2677 260 2713 et
281 2675 341 2715 in
381 2675 430 2715 iis
468 2675 521 2714 de
559 2675 703 2727 quibus
737 2678 996 2728 praedicatur
1032 2677 1264 2731 investigari
1299 2679 1457 2721 debent
1473 2693 1577 2733 quae

115 2736 195 2832 sinlt
232 2738 374 2791 prima,
410 2739 452 2780 h.
479 2752 530 2790 e.‚
567 2743 613 2779 ut
641 2738 879 2780 Aristoteles
919 2740 1009 2793 ipse
1047 2741 1232 2794 explicat,
1269 2756 1318 2784 ea
1355 2756 1457 2797 quae
1496 2745 1580 2786 sint

188 2822 197 2832 .
1265 2804 1312 2839 29
