1760 3112
235 219 287 257 68
333 207 335 209 ¹
638 191 641 194 >
702 213 900 282 Scholia
915 216 959 249 iu
982 216 1168 258 Topica.

238 311 307 358 υλη
341 278 381 348 δὲ
409 313 488 377 τῆς
505 313 734 356 διαλεκτικῆς
765 280 862 346 ἐστὶν
892 311 932 345 αὶ
962 309 1105 353 ἔνδοξοι
1134 308 1349 358 προτάσεις,
1382 321 1455 344 των
1485 309 1525 345 δὲ
1557 309 1658 346 ἐνδό-

242 369 315 411 ξων
337 367 549 414 προτάσεων
573 369 612 403 αἱ
634 366 699 412 μὲν
724 365 914 409 οἷπολύτως
934 365 1101 414 λέγονται
1123 365 1274 410 ἔνδοξοι,
1299 364 1339 399 αἳ
1362 365 1425 399 καὶ
1447 365 1514 409 τῆς
1536 366 1659 400 διαλε-

242 425 370 477 κτικῆς
393 425 504 459 εἰσίν·
552 423 743 462 ἀπολύτους
765 421 806 457 δὲ
829 421 972 464 ἔνδοξοί
996 423 1087 457 εἰσιν
1111 422 1151 456 αὶ
1171 422 1351 467 δυσχερῶς
1373 419 1520 464 ἔχουσαι
1544 421 1657 485 λυθῆ-
1678 445 1680 447 -

242 492 317 514 ναι.
343 501 392 514 ...
419 476 463 514 οὖ
486 478 554 524 γὰρ
575 477 695 522 πάντη
720 478 811 513 εἰσὶν
833 476 1004 529 άληθεῒς,
1041 474 1129 511 ἀλλὰ
1153 476 1314 511 πιθαναὶ
1335 476 1397 511 καὶ
1420 475 1515 510 κατά
1538 489 1574 510 τι
1596 475 1661 519 μὲν

243 533 495 578 ἅληθεύουσαι
526 532 622 568 κατά
653 546 688 568 τι
710 531 750 567 δε
771 526 998 577 ψευδόμεναι
1022 556 1029 565 .
1043 555 1052 565 .
1066 555 1074 564 .
1099 532 1139 566 αἱ
1171 531 1211 567 δὲ
1234 533 1309 566 ταῖν
1334 530 1494 573 ἐνδόξων
1516 529 1659 576 προτά-

243 589 337 625 σεων
367 591 435 624 εἰσι
466 587 687 632 ’φαινόμεναι
709 583 868 635 ἔνδοξοι.-
910 585 1086 622 τοιαῦται
1117 586 1158 622 δέ
1181 588 1271 635 εἰσιν
1295 586 1335 621 αἱ
1359 585 1576 621 ἐπιπόλαιον
1599 584 1662 619 καὶ

245 643 410 697 φανερὰν
439 643 587 688 ἔχουσαι
616 641 686 688 τὴν
713 644 780 678 τοῦ
810 640 979 687 ψεύδους
1006 641 1131 684 δόξαν.
1155 667 1204 678 ...
1228 641 1311 686 περὶ
1342 654 1483 681 ταυτας
1510 639 1534 685 ἡ
1558 652 1663 684 σοφι-

245 700 348 744 στικὴ
374 701 624 745 παραγίνεται.
721 699 823 733 πᾶσα
844 698 950 743 τέχνη
973 698 1035 732 καὶ
1059 695 1235 742 ἐπιστήμη
1258 697 1342 742 περὶ
1362 695 1405 731 ὲν
1421 695 1661 760 υποκείμενον

245 757 476 800 καταγίνεται
588 767 611 798 η
638 753 678 789 δὲ
701 751 907 798 διαλεκτικὴ
932 749 1001 796 οὐκ
1025 752 1095 797 ἔχει
1118 751 1156 788 ἔν
1179 766 1216 788 τι
1244 749 1483 796 υποκείμενον
1507 748 1665 796 ωρισμέ-

244 824 322 855 νον,
345 810 435 846 ἀλλὰ
449 809 506 845 τὰ
526 809 752 854 ’ὑποκείμενα
769 808 892 853 πάσης
911 807 1111 861 ἐπιστήμης
1135 807 1205 851 ἔχει
1227 804 1319 851 αὕτη
1344 820 1392 846 ως
1416 809 1545 851 οἰκεῖα,
1568 803 1664 849 πλὴν

245 866 290 902 οὕ
320 867 563 910 συλλογίζεται
592 865 632 902 ἐκ
661 865 748 899 τῶν·
769 865 915 899 οἰκείων
943 864 1006 898 καὶ
1029 864 1103 897 τῶν
1125 862 1213 897 καθ’
1237 861 1328 896 αυτὸ
1352 859 1591 907 ὑπαρχόντων
1613 863 1663 905 τῷ

244 920 430 968 πράγματι
453 947 462 955 .
478 945 507 956 ..
543 917 617 955 ἀλλ’
653 918 691 954 ἐκ
721 932 798 954 των
828 918 954 965 πόρρω
983 915 1100 962 ἤγουν
1122 918 1195 951 τῶν
1218 916 1435 962 κοινοτέρων
1459 913 1580 962 ἄρχων
1603 915 1664 950 καὶ

246 976 404 1018 ἐνδόξων
504 975 567 1010 καὶ
590 987 657 1014 τας
679 974 866 1022 μὲνίδίας
892 971 1042 1017 (άρχὰς)
1065 970 1233 1015 γινώσκει
1253 970 1367 1015 μόνος
1390 970 1409 1006 6
1446 970 1665 1016 ἐπιστήμων,

245 1030 312 1072 τὰς
334 1030 375 1066 δὲ
398 1029 526 1069 κοινὰς
547 1029 611 1063 καὶ
631 1026 656 1063 6
681 1027 800 1072 τ-υχών
824 1028 887 1063 καὶ
913 1026 1166 1071 ἀνεπιστήμων
1181 1053 1188 1060 .
1202 1051 1211 1060 .
1227 1053 1235 1061 .
1270 1026 1442 1067 οὖσαύτως
1466 1027 1529 1062 καὶ
1551 1023 1575 1070 ἦ
1600 1028 1666 1072 ῥη-

246 1083 372 1132 τορικὴ
397 1083 621 1129 ’ὑποκείμενα
644 1082 712 1127 ἔχει
737 1082 787 1123 ὥς
811 1084 928 1118 οἰκεῖα
947 1082 994 1117 τοὶ
1020 1081 1242 1126 ὑποκείμενα
1265 1081 1384 1126 πάσης
1408 1081 1665 1125 ἐπιστήμης...

247 1141 310 1177 καὶ
347 1137 411 1175 διὰ
443 1140 560 1174 τοῦτο
587 1136 607 1174 6
640 1135 878 1184 Ἀριστοτέλης
901 1138 939 1180 ἐξ,
964 1135 1075 1183 ἀρχῆς
1095 1139 1162 1181 τῆς
1184 1137 1377 1183 ῥητορικῆς
1398 1137 1491 1181 λέγει
1513 1135 1580 1180 τὴν
1603 1135 1666 1182 ῥη-

246 1195 413 1242 τορικὴν,
435 1194 683 1240 ἀντίστροφον
713 1191 808 1228 εἶναι
840 1194 906 1238 τῆς
937 1193 1163 1237 διαλεκτικῆς
1262 1191 1357 1232 τινὲς
1389 1191 1429 1226 δὲ
1459 1192 1668 1233 κακίζονται

245 1252 315 1297 τὴν
347 1249 553 1296 ἐπιγραφὴν
584 1249 769 1292 λέγοντες·
803 1246 872 1283 οὐκ
902 1246 1033 1291 ὤφειλε
1061 1245 1103 1282 τὸ
1134 1248 1281 1293 πρῶτον
1308 1247 1445 1293 βιβλίον
1468 1245 1669 1292 ἐπιγράψαι

247 1307 331 1352 περὶ
361 1305 504 1340 τόπων·
541 1302 585 1339 οὗ
616 1304 686 1349 γὰρ
711 1302 748 1338 ἐν
772 1297 873 1349 αῧτῷ
896 1301 1059 1339 διδάσκει
1079 1302 1163 1347 περὶ
1186 1300 1323 1343 τόπων,
1347 1299 1421 1337 ἀλλ’
1445 1301 1483 1337 ἐν
1507 1305 1585 1342 τοῖς
1608 1300 1668 1336 ἄλ-

248 1365 344 1406 λοις,,
360 1360 398 1396 ἐν
421 1359 546 1406 τούτῳ
563 1359 603 1394 δὲ
625 1358 788 1394 διδάσκει
811 1359 967 1404 τέσσαρα
990 1356 1085 1393 εἶναι
1109 1356 1156 1392 τὰ
1180 1356 1389 1393 διαλεκτικὰ
1415 1356 1667 1404 προβλήματα,
1688 1377 1691 1380 -

246 1415 371 1462 γενικὰ
392 1415 500 1461 ὀρικὰ
523 1412 623 1450 tam&
647 1413 711 1448 καὶ
733 1413 826 1448 κατὰ
850 1411 1085 1459 συμβεβηκός,
1107 1414 1170 1448 καί
1194 1425 1313 1458 φαμεν
1329 1411 1390 1455 ὥς,
1408 1412 1487 1448 ἐπεὶ
1500 1411 1588 1453 τούς
1609 1412 1670 1447 τό·

247 1485 342 1513 πους
364 1470 470 1517 χάριν
491 1471 566 1505 τῶν
587 1467 852 1520 προβλημάτων
870 1469 1114 1514 παραδίδωσι,
1136 1467 1273 1504 τούτου
1292 1469 1399 1515 χάριν
1413 1468 1474 1503 καὶ
1487 1467 1528 1503 τὰ
1549 1466 1670 1513 παρὸν

250 1529 388 1575 βιβλίον
411 1524 565 1562 τοπικὸν
589 1526 770 1569 (τοπικῶν
792 1525 932 1569 opinor)
956 1523 1216 1570 ἐπιγέγραπται
1245 1537 1288 1559 ου
1323 1523 1443 1560 ἕνεκεν
1465 1523 1525 1559 και
1552 1523 1589 1558 οἱ
1610 1520 1669 1557 τό-

248 1596 314 1619 ποι
337 1581 612 1628 παρεδόθησαν

149 1639 235 1671 100a
307 1646 310 1648 ’
340 1638 538 1682 σημείωσαι
560 1635 601 1671 δὲ
624 1632 681 1670 ότι
706 1634 762 1670 ἐκ·
758 1635 835 1669 -τοῦ
859 1634 976 1669 εἰπεῖν
1000 1626 1161 1680 ,ἕτερον’
1164 1633 1389 1676 ’δείκνυσιν,
1412 1631 1472 1668 οτι
1495 1632 1517 1667 6
1540 1635 1670 1668 συλλο-

190 1684 235 1716 25
251 1691 378 1739 γισμὸς
402 1689 561 1738 οργανόν
579 1690 672 1725 ἐστι.

149 1750 235 1784 looa
341 1746 384 1783 τὸ
410 1745 472 1791 ,,ἐξ
496 1745 677 1790 ι>ἷνι>ἶγκης’4
702 1740 744 1779 οὖ
770 1744 878 1788 δηλοῖ
896 1743 939 1778 τὸ
965 1740 1187 1788 ἀναγκαῖον,
1220 1741 1310 1778 ἀλλὰ
1332 1741 1374 1777 τὸ
1401 1739 1671 1786 άναγκαστικως

191 1794 235 1827 25
252 1803 316 1839 καὶ
345 1801 557 1848 βιαστικῶς·
589 1797 660 1835 κᾶν
690 1797 758 1844 γὰρ
793 1799 833 1833 αἱ
863 1797 1058 1844 προτάσεις
1078 1796 1311 1843 ἐνδεχόμεναι
1334 1792 1441 1840 αἷσιν,
1465 1795 1539 1832 ἀλλ’
1562 1796 1672 1833 ου’δὲν

253 1854 366 1905 ἧττον
391 1857 426 1900 ἐξ
452 1853 612 1901 ἀνάγκης
633 1854 674 1890 τὸ
700 1852 941 1899 συμπέρασμα
964 1853 1169 1897 συνάγεται.
1634 1884 1638 1888 ,

150 1914 237 1949 100b
344 1911 364 1948 6
390 1909 568 1957 ἐριστικὸς
590 1910 630 1946 δὲ
653 1909 886 1953 συλλογισμὸς
909 1910 1103 1954 διαιρεῖται
1128 1909 1180 1948 εἰς
1201 1907 1289 1943 δνό·
1321 1908 1372 1947 εἰς
1393 1906 1458 1944 τὰν
1479 1905 1580 1952 παρὰ
1602 1905 1674 1950 τὴν

193 1960 237 1993 23
253 1965 344 2012 ὕλην
374 1965 491 2012 ἤγουν
522 1965 591 2000 τὸν
621 1963 748 2009 ἔχοντα
769 1963 835 2003 τὰς
867 1963 1062 2008 προτάσεις
1083 1964 1283 2007 ψευδεῖς.
1295 1987 1304 1997 .
1327 1956 1389 1997 καὶ
1409 1963 1461 2002 εἰς
1483 1961 1549 1997 τὸν
1570 1958 1672 2012 παρὰ

252 2021 296 2059 τὸ
320 2018 463 2064 εἶδος,
451 2034 503 2061 ος
506 2018 699 2066 προτάσεις
710 2018 775 2062 μὲν
793 2018 865 2063 ἔχει
881 2017 1044 2062 ἀληθεῖς,
1060 2014 1315 2062 ἀσυλλόγιστος
1333 2018 1374 2052 δέ
1389 2016 1496 2052 ἐστιν.
1521 2018 1671 2061 (Exem-

254 2081 316 2124 pla
347 2079 464 2112 falsae
495 2074 762 2110 constructionis
794 2075 1035 2119 geometricae
1077 2074 1204 2107 eadem
1242 2073 1347 2108 affert
1386 2073 1545 2118 Mogent.
1582 2082 1672 2115 quae

255 2135 357 2169 Alex.
382 2143 509 2166 comm.
534 2131 568 2164 in
591 2128 978 2173 Top.ed;A1d.1513
1000 2141 1036 2172 p.
1059 2128 1136 2172 15.)

152 2199 239 2236 1011,
346 2188 386 2224 ἐκ
421 2188 489 2222 τοῦ
521 2186 637 2221 εἰπεῖν
666 2210 677 2226 ,
681 2182 886 2228 ,μεθόδων”
917 2185 1111 2255 (μέθοδον
1122 2183 1219 2227 cod.)
1243 2173 1400 2255 ἐδήλωσε
1423 2178 1485 2217 καὶ
1502 2180 1583 2253 τὰς
1596 2167 1672 2228 ἐπι-

218 2245 239 2278 3
258 2242 397 2290 στήμας
419 2242 481 2277 καὶ
504 2240 570 2281 τὰς
592 2239 730 2283 τέχνας.

152 2310 239 2346 1011,
347 2297 411 2334 διὰ
434 2297 502 2332 τοῦ
535 2294 598 2340 „Eg
621 2288 685 2329 ων’
688 2291 876 2337 ’ἐδήλωσε
898 2292 964 2334 τὰς
986 2291 1203 2358 προτάσεις,
1228 2290 1292 2328 διὰ
1316 2291 1356 2327 δὲ
1377 2292 1445 2327 τοῦ
1468 2289 1575 2336 „mel
1596 2284 1671 2325 ων”

199 2355 240 2388 14
255 2354 302 2390 τὰ
324 2351 574 2420 προβλήματα.
1022 2369 1025 2371 -
1094 2366 1097 2369 ,
1298 2361 1301 2363 ’

153 2421 239 2455 lOlb
345 2407 432 2454 ὅρος
454 2406 494 2442 δὲ
515 2405 657 2449 λέγεται
680 2401 755 2439 άπὸ
779 2403 846 2438 τοῦ
870 2400 1004 2447 ὁρίζειν
1026 2402 1089 2437 καὶ
1111 2379 1335 2451 διαχωρίζειν
1356 2400 1398 2436 τὸ
1430 2398 1594 2446 ὁριστὸν
1597 2396 1670 2435 άπὸ

197 2465 239 2498 39
255 2464 406 2499 πάντων
427 2475 503 2498 των
525 2458 651 2496 ἄλλων.
1218 2493 1221 2495 ,
1256 2487 1260 2490 .

154 2533 239 2568 102³
344 2518 367 2564 ἡ
403 2517 441 2553 δὲ
473 2517 574 2552 αἰτία
603 2515 672 2550 τοῦ
702 2512 768 2553 τὰς
792 2508 987 2556 διαφορὰς
1020 2510 1112 2556 μετὰ
1141 2513 1208 2547 τοῦ
1238 2510 1365 2555 γένους
1396 2509 1435 2545 ἐν
1467 2510 1517 2555 τῷ
1539 2509 1575 2543 τί
1598 2508 1672 2543 ἐστι

197 2577 240 2609 32
256 2572 541 2619 κατηγορεῖσθαί
573 2571 670 2606 ἐστιν
701 2566 814 2612 αὕτη,
846 2565 904 2602 ὅτι
926 2565 949 2611 ἡ
974 2566 1136 2613 διαφορα
1159 2564 1482 2611 συνεκφηνουμένη
1505 2565 1555 2609 τῷ
1577 2563 1671 2607 γένει

256 2625 380 2663 ουκέτι
411 2628 487 2663 ἐστὶ
517 2624 703 2691 διαφορά,
735 2621 824 2658 ἀλλὰ
855 2621 959 2667 γένος
990 2621 1213 2667 άνοόνυμον.
1245 2648 1253 2656 .
1290 2623 1365 2656 ταῖν
1395 2633 1464 2665 γαρ
1486 2630 1601 2662 γενων
1624 2617 1670 2652 τοὶ

254 2682 321 2726 μέν
344 2683 434 2717 εἰσιν
458 2680 695 2727 ιόνομασμένα
719 2691 789 2714 οσα
810 2679 877 2725 μιᾷ
901 2677 994 2719 λέξει
1018 2677 1246 2722 ἐκφωνεῖται,
1271 2675 1351 2712 οἷον
1373 2675 1415 2711 τὰ
1439 2675 1543 2722 ζωον,
1565 2672 1613 2708 τὰ
1631 2672 1671 2708 δὲ

254 2736 396 2781 λέγεται
418 2734 595 2781 ἀνώνυμα
619 2761 628 2770 .
642 2760 671 2772 ..
697 2734 779 2771 οἷον
802 2734 894 2782 ζῷον
917 2734 1063 2778 λογικὸν
1084 2730 1234 2778 θνητόν.
