1826 3112
325 198 378 236 82
858 200 1227 234 ΚΑΤΗΓΟΡΙΑΙ.

285 300 316 344 2
437 299 535 343 Τῶν
567 296 804 357 λεγομένων
834 293 887 342 τὰ
921 297 998 377 μὲν
1029 293 1138 342 κατὰ
1141 295 1431 378 36vgmston6v
1462 297 1645 359 λέγεται,
1691 294 1745 343 τὰ

334 360 373 408 6'
406 361 510 409 ἄνευ
551 359 935 422 συμπλοκῆς.τά
979 363 1056 422 μὲν
1099 353 1186 408 οὖν
1217 361 1325 408 κατὰ
1357 361 1616 425 συμπλοκὴν
1651 359 1746 409 οἷον

335 426 571 489 ἄνθρωπος
599 428 746 487 τρέχει,
781 426 1013 487 ἄνθρωπος
1044 432 1167 491 νικᾷ·
1201 426 1253 474 τὰ
1287 427 1325 474 6'
1358 447 1465 475 ανευ
1491 431 1747 490 συμπλοκῆς

335 491 429 541 οἷον
462 492 714 554 ἄνθρωπος,
746 497 868 553 βοῦς,
902 494 1048 555 τρέχει,
1081 497 1193 556 νικᾷ.

286 579 321 607 20
440 564 543 606 Των
585 558 722 605 ὄντων
758 558 810 605 τὰ
843 561 921 619 μὲν
953 558 1055 606 καθ’
1096 558 1388 618 ὑποκειμένου
1419 554 1538 613 τινὸς
1571 557 1746 619 λέγεται,

336 626 380 672 ἐν
396 624 667 690 ὑποκειμένῳ
690 626 736 671 δὲ
751 624 902 672 ου’δενί
916 626 1040 682 ἐστιν,
1054 622 1147 671 οἷον
1158 623 1392 684 α’νθρωπος
1403 621 1505 668 καθ’
1515 621 1746 684 ὑποκειμέ-

334 709 419 738 νου
437 692 513 751 μὲν
531 692 694 752 λέγεται
711 695 794 737 τοῦ
811 690 926 748 τινὸς
940 691 1196 751 ἀνθρώπου,
1208 691 1251 737 ἐν
1261 688 1529 753 ὑποκειμένῳ
1543 690 1587 735 δε
1601 689 1750 736 ουὸενί

337 758 445 804 ἐστι·
467 755 519 803 τὰ
537 759 582 803 δὲ
604 758 648 803 ἐν
666 756 934 838 ὑποκειμένῳ
955 758 1032 818 μέν
1050 758 1151 814 ἐστι,
1170 755 1273 802 καθ’
1290 755 1581 814 ὑποκειμένου
1599 757 1646 802 δε
1666 754 1749 803 οὕ-

337 822 460 879 δενὸς
481 823 644 885 λέγεται
665 824 730 882 (ἐν
746 822 1014 895 ὑποκειμένῳ
1037 825 1082 868 65
1103 819 1259 883 λέγο),“
1245 821 1270 867 ὁ
1293 822 1337 867 ἐν
1354 839 1436 867 τινι
1459 819 1517 882 μὴ
1540 839 1601 877 ως
1619 822 1750 881 μέρος

287 905 322 934 25
337 888 535 949 ὑπάρχον
566 887 785 935 ἀδύνατον
806 892 935 950 χωρὶς
959 896 1065 935 εἰναι
1087 892 1171 934 τοῦ
1200 887 1244 933 ἐν
1272 880 1308 951 ῳ
1329 887 1476 944 ἐστίν),
1512 883 1607 932 οἷον
1634 885 1664 949 ἡ
1686 889 1751 944 τὶς

335 953 603 1016 γραμματικὴ
637 955 681 1000 ἐν
713 954 982 1035 ὑποκειμένῳ
1015 954 1093 1014 μέν
1126 954 1214 1000 ἐστι
1245 957 1298 1012 τῇ
1329 956 1466 1012 ψυχῇ,
1498 950 1601 998 καθ’
1635 951 1750 999 ὑπο-

337 1021 537 1080 κειμένου
558 1019 597 1066 6'
617 1018 800 1076 οὐδενὸς
822 1022 997 1082 λέγεται,
1020 1021 1094 1066 καὶ
1113 1018 1163 1066 τὸ
1185 1020 1225 1064 τὶ
1245 1016 1403 1064 λευκὸν
1424 1019 1468 1064 ἐν
1485 1016 1752 1101 ὑποκειμένῳ

337 1105 414 1148 μεν
445 1105 504 1150 τῳ
534 1085 699 1146 σώματί
731 1086 845 1133 ἐστιν
879 1084 1020 1148 (ἅπαν
1050 1083 1131 1147 γὰρ
1164 1088 1313 1145 χρῶμα
1346 1085 1391 1130 ἐν
1412 1083 1614 1145 σώματι),
1648 1083 1751 1130 καθ’

335 1151 629 1211 ὑποκειμένου
647 1153 692 1198 δὲ
713 1151 895 1209 οὐδενὸς
912 1149 1194 1222 λέγεται·τά
1202 1151 1248 1197 δὲ
1275 1149 1377 1196 καθ’
1396 1148 1692 1210 υποκειμένου
1708 1168 1752 1197 τε

295 1230 319 1262 b
336 1219 499 1280 λέγεται
519 1219 591 1263 καὶ
620 1218 663 1264 ἐν
681 1216 951 1283 ὑποκειμένῳ
981 1219 1115 1274 ἐστίν,
1149 1214 1243 1263 οἷον
1274 1215 1301 1279 ἡ
1332 1215 1540 1279 ἐπιστήμη
1565 1216 1609 1262 ἐν
1637 1215 1752 1263 ὑπο-

335 1284 515 1349 κειμένῳ
544 1283 621 1344 μέν
650 1284 737 1330 ἐστι
763 1289 816 1344 τῇ
845 1288 990 1346 ψυχῇ,
1032 1281 1135 1330 καθ’
1173 1281 1467 1342 ὑποκειμένου
1513 1283 1559 1328 δε
1591 1283 1755 1344 λέγεται

336 1355 415 1413 τῆς
431 1349 831 1412 γραμματικῆς·τά
851 1352 896 1397 δὲ
917 1349 1010 1398 οὔτ’
1032 1351 1077 1396 ἐν
1095 1348 1366 1414 ὑποκειμένῳ
1384 1349 1499 1394 ἐστὶν
1527 1345 1631 1394 οὔτε
1651 1347 1754 1395 καθ’

336 1415 628 1476 ὑποκειμένου
660 1418 836 1478 λέγεται,
870 1414 966 1463 οἷον
984 1414 1009 1463 6
1033 1418 1098 1473 τὶς
1125 1414 1360 1476 ανθρωπος
1377 1415 1450 1460 καὶ
1472 1411 1497 1460 6
1514 1415 1578 1471 τις
1603 1416 1753 1472 ἵππος·

306 1501 323 1528 ⁵
341 1481 473 1529 οὐδέν
491 1480 574 1544 γὰρ
593 1486 678 1529 τῶν
699 1482 908 1530 τοιούτων
929 1481 1029 1529 οὔτε
1051 1483 1095 1528 ἐν
1111 1480 1383 1563 ὑποκειμένῳ
1399 1481 1513 1527 ἐστὶν
1531 1478 1634 1527 οὔτε
1652 1478 1756 1527 καθ’

339 1547 631 1608 ὑποκειμένου
672 1549 847 1610 λέγεται.
917 1548 1065 1632 απλῳς
1106 1548 1153 1594 δε
1194 1545 1246 1593 τὰ
1290 1545 1428 1607 ἄτομα
1460 1547 1578 1593 καὶ“
1573 1546 1618 1593 ἐν
1656 1545 1752 1607 ἄρι-

338 1619 442 1680 θμῳ
474 1613 566 1660 κατ’
601 1612 785 1672 ουδενὸς
817 1614 1108 1675 ὑποκειμένοιν
1127 1613 1302 1675 λέγεται,
1337 1614 1381 1659 ἐν
1407 1611 1675 1677 ὑποκειμένῳ
1706 1613 1753 1659 δὲ

340 1681 432 1728 ἔνια
452 1679 584 1727 ουὸὲν
599 1680 757 1728 κωλύει
775 1678 907 1728 εἶναι·
941 1679 970 1744 ἡ
990 1680 1070 1743 γάρ
1092 1699 1156 1737 τις
1183 1676 1451 1742 γραμματικὴ
1473 1682 1559 1725 τῶν
1575 1679 1622 1725 ἐν
1637 1677 1754 1725 ὑπο-

338 1747 518 1829 κειμένῳ
552 1747 653 1793 ἐστί.

292 1811 322 1854 3
463 1810 601 1859 ‘'va
626 1812 768 1871 ἕτερον
799 1810 901 1858 καθ’
931 1812 1080 1872 ἑτέρου
1109 1814 1400 1894 κατηγορῆται
1428 1808 1488 1867 ὥς
1511 1807 1616 1855 καθ’
1639 1806 1755 1856 ὑπο-

291 1894 324 1922 11
341 1878 553 1938 κειμένου,
573 1877 656 1924 ὅσα
677 1875 785 1923 κατὰ
809 1882 894 1924 τοῦ
914 1879 1297 1940 κατηγορουμένου
1315 1877 1491 1937 λέγεται,
1524 1874 1665 1921 πάντα
1684 1876 1756 1921 καὶ

342 1962 451 1990 κατα
459 1949 546 1990 τοῦ
553 1942 846 2002 ὑποκειμένου
856 1943 1108 2005 ρηθήσεται,
1131 1941 1226 1989 οἷον
1238 1941 1474 2001 ανθρωπος
1480 1958 1590 1987 κατα
1598 1944 1682 1987 τοῦ
1691 1959 1755 1987 τι-
1815 1983 1820 1998 .›

340 2008 420 2066 νὸς
439 2008 682 2069 ανθρώπου
699 2014 1007 2070 κατηγορεῖται,
1023 2006 1074 2054 τὸ
1092 2009 1138 2054 δε
1160 2011 1272 2073 ζῳον
1280 2026 1388 2053 κατα
1397 2025 1479 2053 του
1463 2005 1754 2067 ανθρώπου*

344 2074 517 2122 οὐκοῦν
539 2076 611 2120 καὶ
630 2071 739 2120 κατὰ
759 2078 842 2120 τοῦ
870 2073 987 2131 τινὸς
1012 2055 1256 2131 ανθρώπου
1281 2073 1684 2136 κατηγορηθήσεται
1703 2071 1753 2119 τὸ

293 2160 328 2188 15
345 2144 479 2208 ζῳον·
518 2139 543 2186 6
564 2139 646 2202 γάρ
667 2158 732 2197 τις
752 2138 986 2201 ανθρωπος
1002 2141 1075 2186 καὶ
1096 2138 1333 2201 ἄνθρωπός
1352 2140 1439 2185 ἐστι
1457 2139 1531 2184 καὶ
1554 2141 1677 2203 ζῷον.

340 2343 384 2376 27
407 2309 514 2376 1553
524 2292 1013 2384 τέρέῗει-ἀῆἓὸι-πᾶῗίῗῖῗ
1038 2291 1204 2384 ὁέσῖἴθὲῷ
1214 2292 1544 2383 ἔσώῖατῗῼ]ἒὲ.]-δέ
1563 2305 1606 2371 26
1626 2304 1678 2372 Ξῖ
1691 2312 1755 2372 uz

341 2383 429 2421 καθ’
454 2398 482 2419 e.
508 2405 547 2411 —
574 2397 611 2419 τε
635 2397 691 2416 om
714 2396 742 2417 e.

429 2430 497 2463 1b4
511 2427 664 2472 λέγεται]
686 2426 785 2466 τινὸς
808 2427 946 2483 λέγεται
966 2438 1029 2481 ng.
1039 2426 1167 2470 -καὶ]
1192 2423 1215 2471 ἢ
1237 2429 1322 2481 ufg.
1327 2445 1367 2451 -—
1381 2427 1401 2459 6
1423 2425 1531 2461 ὑποκ.
1547 2425 1646 2466 τινὸς
1662 2424 1754 2470 λέγε-

339 2488 400 2509 ται
423 2487 457 2507 τι.
474 2494 515 2500 -
539 2475 559 2507 7
580 2471 837 2528 ὑποκειμένου]
864 2471 929 2516 μεν
954 2469 1193 2515 υποκειμένου
1217 2481 1277 2515 ug,
1299 2468 1541 2515 υποκειμένου
1564 2469 1630 2513 μὲν
1656 2472 1693 2504 C.
1709 2488 1753 2497 —-

339 2521 362 2553 8
385 2518 465 2554 ἔνιοι
489 2531 612 2553 αυτων
635 2516 746 2552 οὐδὲν
769 2529 796 2550 e·
821 2537 862 2542 —-
886 2517 1016 2551 κωλύει
1039 2517 1163 2551 αὐτων
1186 2513 1278 2550 εἶναι
1301 2516 1364 2568 Cg.
1378 2533 1421 2541 —
1445 2517 1468 2549 8
1487 2515 1575 2559 ἐστὶ]
1594 2514 1659 2557 μέν
1679 2513 1754 2549 ἐστι

343 2565 428 2603 th,
454 2575 511 2596 rec
529 2564 570 2606 A,
599 2561 685 2605 ἐστι’,
707 2563 792 2596 καθ’
811 2558 1051 2604 ὑποκειμένου
1070 2560 1109 2596 δε
1133 2558 1284 2598 ου’δενός
1298 2560 1628 2616 λεγεταιΑθᾶεῙὲΙι,
1639 2571 1697 2592 rec
1713 2561 1753 2593 B.

340 2627 383 2634 -
399 2605 552 2646 ου’δενός
561 2591 718 2661 λέγεται
739 2618 793 2639 om
817 2607 849 2639 d.
861 2625 904 2631 -
929 2606 1067 2650 λέγεται
1091 2607 1164 2638 fort
1179 2617 1220 2649 pr
1236 2615 1291 2636 om
1312 2605 1408 2638 1ι.-
1430 2605 1470 2637 10
1484 2606 1561 2638 καθ
1590 2616 1644 2637 om
1657 2614 1695 2647 g.
1709 2622 1753 2631 -—

342 2653 381 2685 11
405 2650 480 2685 πάν
502 2653 537 2684 ἱη
561 2664 645 2685 voce
668 2649 790 2686 πάντα
812 2663 889 2684 corr
911 2651 1133 2692 1ι,τοσαῠτα
1156 2661 1184 2692 e,
1207 2649 1324 2683 ταῦτα
1346 2659 1381 2688 u,
1406 2659 1462 2681 om
1485 2659 1523 2693 g.
1537 2667 1581 2674 --
1606 2649 1647 2681 12
1672 2646 1753 2682 οἷον
1815 2644 1823 2654 ”

340 2693 360 2730 6
385 2693 581 2751 ἄνθρωπος
586 2707 642 2752 g,
659 2709 700 2740 pr
716 2698 753 2730 C.
775 2715 814 2721 -
846 2693 940 2730 κατὰ
961 2707 1016 2728 om
1034 2697 1070 2729 C.
1097 2712 1141 2720 -
1167 2676 1208 2727 1'4
1231 2691 1272 2728 τὸ
1297 2692 1390 2739 ζῷον
1411 2691 1752 2739 κατηγορηθήσεται

341 2741 447 2785 Gufg,
459 2753 501 2775 το
525 2742 553 2782 ζ.
577 2738 650 2787 ἄρα
672 2742 896 2786 κατηγορηθ.
921 2752 956 2774 π
979 2759 1025 2767 —·
1051 2741 1092 2774 15
1115 2737 1178 2774 καὶ
1201 2727 1399 2784 ἅνθροόπος
1423 2748 1479 2770 om
1503 2748 1531 2771 e.
