1832 3112
592 158 845 205 Analytiea
869 158 1038 204 priora.
1493 157 1575 199 529

115 272 207 300 nem
244 258 484 311 praetuleris
521 259 608 300 sive
641 259 750 300 illam
764 287 777 306 ‚
816 262 984 312 utraque
1021 270 1143 298 seusu
1177 256 1370 297 destituta
1405 257 1576 298 videtur.

114 322 229 374 Quod
250 336 371 375 quum
394 324 548 364 videret
567 323 640 364 Iul.
662 323 820 372 Pacius,
849 322 1086 375 excogitavit
1102 322 1481 362 demonstrationem
1502 335 1578 375 per

114 388 364 440 impossihile
390 388 447 438 (v.
476 389 562 428 eius
589 400 732 429 comm.
761 402 803 441 p.
824 388 903 426 253
925 388 990 427 ed.
1011 389 1150 437 1597),
1176 399 1294 439 quam
1317 386 1577 427 Aristotelem

114 451 183 492 hic
223 452 390 492 innuere
418 453 586 505 putavit.
645 452 853 506 ingeniose
882 451 1042 504 quidem
1070 452 1169 502 hoc,
1206 451 1278 491 sed
1305 451 1576 502 artificiosius,

114 529 239 568 quum
267 517 309 557 in
335 518 467 558 verbis
494 517 725 557 Aristotelis
751 516 852 556 nihil
878 522 1086 566 occurrat,
1115 530 1195 569 quo
1222 516 1324 556 haec
1351 515 1577 567 explicandi

112 582 217 622 ratio
245 583 408 622 nitatur.
446 581 588 620 Omnia
615 581 720 620 enim
750 594 851 633 qnae
878 581 991 620 addit
1019 586 1113 620 sunt
1138 581 1263 620 haec:
1290 581 1392 621 καθ’
1416 571 1470 621 οὗ
1491 577 1576 633 γὰρ

114 643 306 693 ἅπαντος
340 645 390 686 τὸ
418 645 470 695 Β,
498 642 572 686 καὶ
597 643 646 686 τὸ
675 645 735 695 Γ,
776 658 881 697 quae
919 645 1013 696 quid
1052 645 1130 685 sibi
1159 645 1283 685 velint
1309 646 1470 698 planum
1498 650 1576 685 est.

111 709 291 751 Termini
317 710 355 750 Β
383 714 426 750 et
453 711 510 760 Γ,
538 709 620 759 ait,
648 709 684 748 si
710 714 1016 758 convertuntur,
1045 709 1103 749 ita
1130 709 1294 760 habeut,
1322 715 1368 750 ut
1394 711 1500 750 inter
1527 721 1575 749 se

111 776 332 828 permutari
358 776 516 828 possint
552 779 594 814 et
620 775 722 815 alter
757 775 798 814 iu
835 775 1000 815 alterius
1037 774 1170 813 locum
1206 774 1416 814 substitui:
1457 778 1577 814 erunt

116 839 223 879 enim
259 840 460 892 aequales.
514 838 887 892 Quomodocunque
926 838 1050 892 igitur
1078 838 1116 878 B
1151 839 1407 891 praedicatur
1442 839 1497 879 de
1521 839 1577 889 A,

115 903 257 943 eodem
286 905 407 944 etium
437 905 481 944 Γ
501 904 552 943 de
579 904 642 944 A:
684 917 809 956 quare
836 905 871 944 si
899 904 1146 944 convertitur
1173 908 1213 942 et
1240 903 1462 954 propositio
1491 903 1574 944 ΒΓ

114 971 158 1008 et
184 968 288 1016 AB,
317 974 571 1008 convertetur
599 968 723 1007 etiam
753 969 957 1008 conclusio
985 968 1076 1008 ΑΓ.
1128 968 1244 1007 Haec
1270 967 1386 1007 nobis
1414 968 1575 1018 quidem

116 1044 210 1071 vera
236 1032 398 1072 videtur
437 1033 571 1071 locum
600 1033 841 1084 expediendi
867 1032 990 1071 ratio:
1031 1044 1203 1084 namque
1230 1031 1418 1084 exposuit
1444 1045 1500 1072 vs.
1525 1034 1578 1072 34

115 1097 293 1136 converti
322 1096 640 1146 conclusionem,
684 1097 719 1135 si
760 1101 1017 1136 eonvertatur
1051 1096 1138 1135 sola
1173 1096 1400 1148 propositio
1435 1097 1576 1146 maior,

112 1173 170 1201 vs.
192 1163 245 1200 37
263 1161 442 1201 converti
464 1162 584 1200 docet
611 1161 924 1208 conclusionem,
954 1161 988 1200 si
1014 1165 1298 1200 convertantur
1324 1164 1366 1200 et
1383 1162 1512 1202 minor
1536 1167 1579 1201 et

113 1225 243 1265 maior
281 1225 392 1278 (nam
430 1225 515 1265 sola
555 1225 710 1265 minore
747 1238 941 1265 conversa
977 1238 1056 1264 nou
1093 1225 1183 1278 cogi
1209 1224 1317 1276 quod
1344 1225 1576 1266 volebamus

191 1311 195 1320 ν
222 1307 225 1322 2
263 1290 664 1341 demonstravimus),
702 1289 851 1329 deinde
878 1303 936 1330 vs,
965 1292 1018 1329 38
1045 1289 1222 1329 ostendit
1249 1290 1427 1329 converti
1452 1290 1577 1330 maio-

195 1394 207 1405 ..
245 1354 279 1393 si
308 1358 351 1394 et
376 1354 507 1394 minor
534 1358 787 1394 convertatur
815 1359 856 1394 et
880 1354 1096 1394 conclusio.
1148 1353 1206 1393 Ut
1231 1366 1330 1393 vero
1357 1367 1417 1396 vs.
1440 1356 1492 1394 37
1521 1354 1578 1394 al-

204 1432 244 1458 m
272 1424 428 1472 partem
457 1419 696 1458 conditionis
720 1418 841 1470 (hanc
869 1419 1039 1469 scilicet,
1067 1422 1113 1459 ut
1140 1418 1267 1458 maior
1294 1431 1454 1471 quoque
1480 1431 1575 1458 con-

52 1472 58 1476 „
114 1489 215 1523 verti
242 1483 392 1535 possit)
422 1483 580 1523 silentio
608 1484 830 1535 praeteriit,
860 1484 1008 1535 quippe
1037 1496 1156 1535 quam
1177 1495 1228 1521 ex
1248 1484 1578 1524 antecedentibus

115 1548 407 1599 intelligamus,
450 1548 510 1586 sic
548 1549 668 1587 etiam
697 1561 754 1587 vs.
775 1550 828 1586 38
853 1547 1022 1587 alteram
1051 1547 1290 1587 conditionis
1317 1553 1471 1599 partem
1500 1560 1578 1588 non

113 1611 303 1649 indicavit
320 1629 375 1636 —
402 1609 506 1647 hanc
533 1607 637 1657 dico,
669 1613 714 1647 ut
741 1608 861 1648 etiam
890 1612 1114 1660 propositio
1130 1611 1213 1650 ΒΓ
1234 1611 1412 1651 converti
1438 1613 1580 1664 possit.

112 1674 170 1713 Et
206 1685 264 1711 vs.
293 1674 346 1710 38
382 1673 544 1722 quidem
582 1672 688 1723 quod
728 1672 923 1711 omissum
960 1678 1024 1712 est
1064 1673 1165 1713 lulio
1194 1673 1315 1713 Pacio
1342 1676 1578 1726 scrupulum

113 1749 192 1777 nou
219 1736 367 1784 iniecit,
395 1735 436 1774 id
464 1748 560 1775 vero
588 1736 695 1787 quod
724 1736 917 1775 omissum
946 1741 1009 1776 est
1036 1750 1096 1776 vs.
1117 1740 1170 1776 37
1197 1737 1254 1776 ita
1281 1751 1373 1777 eum
1394 1738 1576 1787 offendit,

114 1807 158 1841 ut
185 1801 339 1851 longius
369 1800 594 1839 abeundum
621 1799 836 1851 putaverit.
880 1799 972 1840 Non
999 1813 1102 1854 nego
1129 1801 1291 1853 quidem
1319 1815 1371 1841 ne
1397 1807 1577 1843 nostram

115 1866 276 1919 quidem
305 1865 627 1916 explicationem,
655 1877 758 1915 quae
784 1877 863 1904 una
891 1864 1050 1905 videtur
1075 1866 1215 1905 relicta
1243 1879 1349 1914 esse,
1378 1866 1438 1906 ita
1463 1879 1574 1906 com·

116 1933 295 1982 paratam
325 1942 433 1976 esse,
462 1934 508 1969 ut
535 1930 584 1969 ab
613 1929 721 1967 omni
748 1934 866 1980 parte
893 1930 1099 1981 probanda
1126 1931 1194 1970 sit.
1243 1930 1402 1970 Etenim
1430 1931 1576 1970 mirum

113 1999 176 2034 est
203 1994 309 2045 quod
339 1994 593 2043 Aristoteles,
622 1998 833 2046 postquam
862 1993 1042 2034 ostendit
1063 1995 1359 2034 conclusionem
1381 1995 1575 2042 converti,

113 2059 149 2099 si
174 2057 397 2111 propositio
425 2058 553 2097 maior
580 2063 860 2106 convertatur,
900 2059 1020 2098 docet
1058 2060 1237 2099 converti
1264 2058 1574 2107 conclusionem,

115 2123 150 2162 si
177 2126 432 2161 convertatur
460 2128 502 2162 et
529 2123 658 2162 maior
685 2127 727 2162 et
754 2123 906 2170 minor,
942 2122 1087 2162 deinde
1126 2123 1246 2162 etiam
1282 2123 1360 2162 hoc
1387 2122 1571 2171 offendit,

116 2186 223 2239 quod
251 2190 295 2225 et
321 2198 377 2224 vs.
400 2188 452 2225 37
473 2192 515 2226 et
537 2199 595 2227 vs,
615 2189 668 2226 38
696 2186 864 2226 alteram
893 2187 1128 2226 conditionis
1156 2192 1311 2238 partem
1336 2200 1416 2227 non
1443 2187 1574 2227 solum

117 2263 197 2290 non
225 2250 387 2300 adiecit,
416 2250 490 2290 sed
516 2263 569 2291 ne
596 2253 719 2291 verbo
746 2252 906 2303 quidem
935 2251 1184 2304 significavit.
1224 2250 1341 2301 Quod
1363 2252 1396 2291 si
1416 2252 1479 2291 cui
1495 2265 1575 2293 non

115 2315 330 2356 ferendum
357 2314 550 2365 videatur,
577 2316 699 2356 facile
727 2317 804 2355 sibi
830 2316 1102 2368 persuadebit,
1130 2315 1284 2366 opinor,
1311 2316 1433 2356 verba
1454 2314 1576 2357 ἄντι-

115 2378 287 2433 στρέφει
313 2379 415 2419 καθ’
447 2378 524 2428 (vs.
547 2380 619 2432 37)
643 2410 655 2422 .
677 2410 689 2423 .
714 2408 726 2420 .
763 2377 871 2433 πρὸς
896 2379 945 2420 τὸ
976 2381 1018 2419 A
1044 2376 1311 2431 ἀντιστρέφει
1337 2393 1362 2420 e
1388 2386 1575 2422 contextu

116 2445 314 2487 eiicienda
342 2457 457 2494 esse,
499 2457 601 2496 quae
628 2445 664 2484 si
691 2444 821 2485 aliena
847 2458 966 2484 mauu
992 2445 1147 2484 intrusa
1173 2444 1344 2484 delenda
1371 2450 1485 2494 sunt,
1513 2445 1574 2485 fa-

116 2510 206 2550 cilia
235 2514 328 2549 sunt
354 2509 500 2550 omnia.
540 2509 748 2549 Sententia
776 2510 880 2550 enim
906 2509 1008 2549 haec
1036 2510 1134 2549 erit:
1164 2508 1247 2558 „Et
1273 2509 1308 2548 si
1336 2515 1574 2550 convertun-

115 2580 180 2615 tur
207 2581 249 2613 et
268 2574 350 2614 ΒΓ
363 2579 405 2613 et
423 2574 514 2622 ΛΓ,
545 2574 665 2614 etiam
694 2574 732 2614 Β
759 2578 801 2614 et
823 2574 864 2614 A
892 2570 1217 2614 convertentur''.
1257 2573 1459 2614 Audacius
1485 2574 1574 2625 qui-

118 2638 210 2678 dem
239 2639 332 2688 hoc,
361 2638 434 2678 sed
462 2639 568 2678 haud
597 2638 681 2678 scio
708 2652 758 2679 an
784 2638 893 2678 aliud
930 2637 1153 2678 remedium
1182 2637 1364 2678 adhiberi
1391 2642 1575 2690 nequeat.

119 2702 363 2745 Utrumlibet
398 2710 531 2744 autem
568 2702 803 2755 praetuleris
818 2732 832 2753 ,
868 2703 989 2743 verba
1026 2700 1135 2754 πρὸς
1168 2701 1218 2743 τὸ
1245 2703 1306 2801 1314
1312 2707 1405 2744 ante
1430 2692 1466 2758 ᾧ
1491 2699 1575 2755 γὰρ

155 2766 183 2799 I.
