1826 3112
340 216 419 257 194
846 218 1246 252 ΑΝΑΔΤΤΙΚΩΝ

341 313 485 361 ἄλλων
524 314 598 360 καὶ
639 311 751 358 ἄλλα
795 311 1092 373 κατὰ-τούτων
1125 313 1409 377 λεχθήσεται,
1444 315 1518 361 καὶ
1542 313 1696 376 σχεδὸν
1713 315 1757 363 οἱ

341 381 464 442 λόγοι
484 381 558 426 καὶ
579 379 624 425 αἱ
643 378 818 435 σκέψεις
837 380 918 426 εἰσὶ
936 380 1120 440 μάλιστα
1139 383 1234 439 περὶ
1253 381 1434 427 τούτων.

282 458 307 491 b
473 451 556 491 Δεῖ
569 443 625 507 δὴ
644 443 721 500 τὰς
742 447 970 505 προτάσεις
991 448 1085 506 περὶ
1106 447 1288 493 ἕκαστον
1305 445 1448 502 οὕτως
1469 443 1760 529 ἐκλαμβάνειν,

340 510 619 571 ὑποθέμενον
640 509 748 557 αὐτὸ
767 516 940 570 πρῶτον
963 515 1037 558 καὶ
1055 512 1161 570 τούς
1182 512 1394 572 ὁρισμούς
1406 530 1450 558 τε
1472 514 1543 557 καὶ
1567 508 1650 557 ὅσα
1671 512 1760 556 ἴδια

341 581 426 623 τοῦ
457 575 709 637 πράγματός
737 577 861 633 ἐστιν,
890 575 978 625 εἶτα
1003 577 1105 639 μετὰ
1135 584 1266 625 τοῦτο
1295 578 1379 625 ὅσα
1403 579 1542 624 ἕπεται
1562 595 1621 640 τῳ
1647 575 1760 635 πρά-

342 658 490 704 γματι,
529 644 603 688 καὶ
643 643 774 689 πάλιν
814 640 880 699 οἷς
914 643 965 690 τό
994 650 1168 706 πρᾶγμα
1197 644 1455 699 ἀκολουθεῖ,
1485 645 1558 689 καὶ
1585 642 1669 689 ὅσα
1697 639 1757 704 μὴ

312 709 552 768 εένδέχεται
595 706 717 791 αὐτῷ
747 707 967 770 ὑπάρχειν.
1016 716 1082 767 οἱς
1114 710 1151 757 δ’
1179 710 1287 757 αὐτὸ
1317 710 1377 773 μὴ
1409 711 1642 769 ἐνδέχεται,
1672 706 1759 753 οὐκ

344 775 576 837 έκληπτέον
587 774 658 819 διὰ
669 773 719 821 τό
734 774 1025 836 άντιστρέφειν
1034 776 1084 822 τὸ
1095 777 1362 838 στερητικόν.
1382 775 1618 833 διαιρετέον
1627 775 1673 820 δὲ
1684 774 1760 818 καὶ

342 844 429 887 τῶν
453 840 670 900 ἑπομένων
701 838 786 887 ὅσα
809 860 853 887 τε
880 844 924 888 ἐν
940 847 1000 888 τῶ
1017 844 1059 887 τί
1076 844 1164 888 ἐστι
1187 844 1257 887 καὶ
1279 841 1364 887 ὅσα
1385 840 1444 896 ὡς
1468 843 1556 885 ἴδια
1577 841 1650 884 καὶ
1673 836 1760 884 ὅσα

344 904 403 961 ὥς
424 907 726 968 συμβεβηκότα
748 914 1057 968 κατηγορεῖται,
1088 909 1162 953 καὶ
1183 906 1350 953 τούτων
1372 912 1476 951 ποῖα
1498 903 1764 959 δοξαστικαῖς

344 973 418 1016 καὶ
438 977 543 1017 ποῖα
560 971 654 1016 κατ’
672 971 903 1033 ἀλήθειαν·
930 970 1022 1036 ὅσῳ
1040 991 1116 1034 μεν
1135 971 1218 1034 γάρ
1244 970 1297 1018 ἂν
1318 971 1529 1018 πλειόνων
1550 969 1762 1016 τοιούτων

297 1054 331 1080 10
345 1035 514 1096 εὐπορῇ
551 1055 638 1093 τις,
670 1041 834 1083 θᾶττον
866 1038 1097 1093 ἐντευξεται
1126 1038 1474 1098 συιιπεράσματι,
1516 1034 1608 1118 ὅσῳ
1637 1034 1676 1081 δ’
1706 1032 1763 1080 (ἲν

344 1101 667 1164 άληθεστέρων,
694 1106 861 1162 μᾶλλον
891 1102 1118 1160 αποδείξει.
1149 1108 1217 1151 δεῖ
1235 1103 1274 1150 δ’
1306 1105 1489 1164 ἑκλεγειν
1509 1101 1568 1165 μὴ
1587 1100 1638 1147 τά
1658 1099 1762 1147 ἑπό-

343 1186 449 1228 μενα
479 1169 583 1224 τινί,
611 1167 705 1213 ἀλλ’
736 1167 822 1214 ὅσα
852 1167 941 1235 ὅλῳ
965 1174 1026 1233 τῷ
1051 1169 1264 1231 πράγματι
1298 1171 1464 1225 ἕπεται,
1495 1166 1589 1214 οἷον
1627 1165 1687 1229 μὴ
1720 1166 1764 1212 τί

342 1236 425 1281 τινὶ
452 1232 673 1298 ἄνθρωπῳ
698 1233 807 1280 αλλὰ
829 1236 871 1281 τί
887 1239 1011 1282 παντὶ
1033 1235 1257 1300 ανθρωπῳ
1281 1237 1441 1282 επεται·
1477 1233 1550 1281 δια
1569 1232 1651 1314 γὰρ
1672 1236 1762 1278 τῶν

342 1300 549 1347 καθόλου
567 1300 815 1359 προτάσεων
833 1300 860 1347 ὃ
879 1302 1180 1362 συλλογισμός.
1214 1301 1469 1360 άδιορίστου
1486 1302 1564 1359 μὲν
1580 1293 1663 1345 οὖν
1684 1297 1760 1344 ὄν·-

295 1382 329 1410 15
343 1384 417 1422 τος
440 1365 604 1428 αδηλον
623 1367 660 1411 εἰ
683 1366 927 1430 καθόλουὴ
952 1368 1174 1426 πρότασις,
1186 1368 1472 1450 διωρισμένου
1484 1367 1530 1412 δε
1550 1363 1761 1424 φανερόν.

346 1431 508 1492 ὁμοίως
539 1430 578 1478 δ’
605 1432 824 1478 ἐκλεκτέον
849 1435 922 1479 καὶ
955 1452 1021 1489 οις
1042 1432 1152 1480 αὐτὸ
1182 1434 1322 1479 ἕπεται
1337 1431 1478 1487 ὅλοις,
1506 1429 1577 1477 διὰ
1595 1429 1678 1492 την
1698 1430 1758 1476 εἰ-

343 1498 536 1560 ρημένην
568 1498 719 1543 αἰτίαν.
751 1496 860 1544 αυτό
888 1500 934 1545 δε
956 1497 1006 1544 vd
1022 1498 1232 1558 ἑπόμενον
1251 1497 1311 1545 οὐ
1337 1498 1521 1560 ληπτέον
1543 1495 1649 1542 ὅλον
1664 1497 1759 1541 ε’πε-

344 1570 465 1619 σθαι,
479 1564 588 1625 λέγω
609 1562 648 1609 δ’
665 1561 760 1609 οἷον
780 1563 1000 1628 ἀνθρώπῳ
1011 1570 1098 1610 πᾶν
1115 1562 1279 1629 ζῷσν’”
1244 1584 1273 1626 η
1299 1568 1491 1624 μουσικῇ
1511 1566 1656 1609 πᾶσαν
1666 1563 1758 1607 ἐπι-

345 1629 526 1692 στήμην,
563 1627 671 1675 αλλά
692 1629 830 1688 μόνον
858 1629 1006 1687 ἅπλῶς
1027 1629 1305 1686 ακολουθεῖν,
1325 1629 1526 1686 καθάπερ
1544 1630 1619 1674 καὶ
1647 1641 1760 1686 προ-

294 1696 592 1755 εοτεινόμεθα·
625 1697 700 1741 καὶ
728 1694 810 1756 γάρ
841 1695 1058 1758 αχρηστον
1084 1696 1272 1755 θάτερον
1301 1697 1374 1741 καὶ
1405 1694 1636 1749 ἀδύνατον,
1666 1691 1763 1739 οἷον

342 1761 482 1808 πάντα
501 1760 737 1820 ανθρωπον
748 1768 855 1808 εἰναι
866 1767 954 1808 πᾶν
968 1760 1121 1845 ζῷον
1091 1782 1120 1825 η
1141 1759 1465 1824 &znaaeoa‘dqu
1446 1759 1561 1807 άπαν
1578 1758 1760 1820 άγαθόν.

343 1826 437 1874 ἄλλ’
455 1829 489 1893 ᾠ
521 1828 675 1883 ἕπεται,
715 1826 779 1874 ἐπ’
803 1829 972 1875 ἐκείνου
1000 1827 1051 1875 τὸ
1079 1830 1206 1875 παντὶ
1233 1829 1407 1888 λέγεται.
1456 1825 1561 1873 ὅταν
1593 1825 1632 1872 δ’
1660 1823 1759 1871 ὑπό

341 1912 459 1950 τινος
486 1894 730 1955 περιέχηται
757 1893 807 1940 τὸ
835 1894 1121 1955 υποκείμενον
1148 1914 1183 1958 ῳ
1212 1893 1265 1940 τὰ
1298 1893 1484 1953 ἑπόμενα
1513 1896 1579 1938 δεῖ
1602 1895 1760 1950 λαβεῖν,

342 1958 396 2005 τὰ
417 1978 496 2018 μεν
513 1977 572 2022 τῳ
600 1960 810 2006 καθόλου
830 1959 1064 2019 ἑπόμενα
1035 1980 1064 2022 η
1085 1958 1145 2021 μὴ
1164 1960 1348 2041 ἑπόμενα
1371 1959 1461 2006 οὐκ·
1477 1958 1695 2004 ἐκλεκτέον
1716 1956 1762 2002 ἓν

293 2044 328 2072 2⁵
342 2024 516 2080 τούτοις
537 2052 601 2059 —
619 2025 814 2086 εἴληπται
830 2044 911 2086 γαρ
929 2026 975 2071 ἐν
993 2026 1198 2080 ἐκείνοις·
1229 2024 1314 2070 ὅσα
1334 2044 1417 2086 γαρ
1442 2024 1559 2088 ζῷω,
1587 2024 1661 2069 καὶ
1682 2039 1760 2068 αν-

341 2090 509 2155 θρῶπῳ
555 2089 720 2146 ἕπεται,
759 2092 832 2136 καὶ
875 2089 961 2136 οσα
992 2089 1052 2153 μὴ
1097 2089 1307 2150 ὑπάρχει,
1349 2089 1579 2145 ωσαύτως,
1622 2087 1674 2135 τά
1713 2089 1761 2134 δὲ

341 2159 441 2216 περὶ
455 2157 637 2202 ἕκαστον
651 2157 741 2202 ἴδια
760 2158 967 2219 ληπτέον
996 2158 1080 2203 εστι
1107 2155 1189 2216 γάρ
1210 2175 1315 2203 αττα
1332 2161 1393 2219 τῷ
1413 2159 1513 2202 εἴδει
1536 2157 1623 2201 ἴδια
1642 2151 1760 2214 παρά

342 2221 394 2269 τὸ
421 2223 566 2284 γένος
601 2220 766 2285 άνάγκη
795 2221 877 2284 γάρ
898 2228 989 2280 τοῖς
1017 2223 1175 2282 ἑτέροις
1200 2225 1357 2269 εἴδεσιν
1379 2225 1466 2269 ἴδια
1491 2220 1597 2267 αττα
1614 2219 1760 2280 ὑπάρ-

342 2307 443 2349 χειν.
497 2287 601 2335 οὐδὲ
622 2286 695 2372 δὴ
725 2293 785 2334 τῶ
810 2289 1014 2336 καθόλου
1041 2290 1261 2336 ἐκλεκτέον
1289 2287 1355 2346 οἷς
1383 2290 1524 2335 ε’πεται
1548 2285 1601 2333 vd
1637 2299 1759 2347 περι-

293 2374 329 2401 so
343 2354 567 2416 εχόμενον,
593 2351 687 2401 οἷον
718 2355 814 2421 ζώω
840 2353 906 2413 οις
933 2358 1074 2403 ε’πεται
1101 2355 1363 2418 ἄνθρωπος
1399 2353 1566 2416 ἀνάγκη
1592 2351 1688 2414 γάρ,
1723 2352 1761 2398 εἰ

430 2484 476 2518 42
492 2483 727 2530 δειχθήσεται
744 2499 778 2520 π.
802 2506 847 2513 -
877 2487 921 2520 43
938 2485 1022 2532 περὶ
1044 2485 1186 2521 τούτων
1205 2485 1273 2521 εἰσὶ
1293 2484 1450 2529 μάλιστα
1469 2485 1504 2519 C
1527 2502 1571 2510 —
1601 2480 1759 2527 μάλιστά

343 2528 412 2563 εἰσι
433 2529 467 2561 d.

430 2571 519 2606 43b1
542 2572 580 2607 δε
598 2586 643 2608 m.
668 2593 709 2600 —
733 2572 886 2609 ἕκαστον
903 2586 1044 2608 τουτων
1062 2587 1178 2613 ουτως
1193 2586 1260 2608 mn.
1284 2592 1330 2600 -
1352 2574 1373 2606 2
1372 2571 1660 2629 υποτιθέμενον
1679 2585 1759 2605 corr

342 2618 407 2650 Bu.
427 2636 471 2643 —-
495 2619 515 2651 6
535 2617 588 2652 ἔτι
603 2618 759 2662 ληπτέον
775 2632 808 2653 n.
820 2639 865 2644 —
887 2617 967 2659 Ἱως
985 2632 1040 2652 om
1058 2620 1232 2652 ABCdun.
1247 2638 1288 2644 -
1308 2620 1348 2651 lo
1368 2616 1413 2651 ὃὶν
1431 2630 1484 2650 om
1506 2615 1758 2661 0.-11ἅλη-

341 2661 517 2714 θέστερον
536 2675 577 2706 pr
596 2664 635 2696 Β.
667 2681 711 2689 —-
746 2665 786 2697 12
794 2661 873 2720 ολῳ
893 2676 949 2697 om
966 2676 999 2698 n.
1026 2684 1068 2690 -—
1102 2666 1142 2697 13
1161 2665 1197 2697 τί
1211 2663 1263 2709 τῷ
1281 2662 1392 2697 παντὶ
1415 2664 1456 2705 C,
1489 2674 1566 2694 corr
1580 2662 1620 2702 d,
1646 2663 1703 2706 qui
1722 2662 1758 2695 τί

341 2717 384 2760 pr
402 2707 529 2739 omisit.
546 2725 588 2733 —
614 2709 657 2742 23
675 2709 956 2777 προκείμενονπ.
969 2728 1010 2734 -
1036 2709 1080 2742 29
1097 2709 1157 2743 δεῖ
1171 2720 1249 2741 corr
1268 2708 1302 2741 d.
1320 2727 1362 2733 —
1387 2708 1430 2741 30
1446 2708 1539 2753 ζῶον
1553 2708 1585 2741 d.
1604 2725 1650 2734 —
1646 2675 1757 2752 qydtg]

340 2748 406 2793 μὲν
421 2749 490 2796 γὰρ
506 2763 539 2784 η.
