1780 3100
232 192 313 232 312
839 195 1127 240 categoriae.

288 291 386 344 φῆς,
423 289 555 344 δῆλον
590 288 655 330 ὅτι
688 288 717 342 ἦ
743 288 820 342 μὲν
847 287 1090 339 ἐναντίωσις
1117 290 1303 345 στέρησις
1328 293 1383 333 ἄν
1408 306 1470 341 τις
1496 294 1559 347 εἴη
1584 298 1711 346 πᾶσα,

288 352 318 406 ἦ
346 351 391 393 δὲ
419 352 608 405 στέρησις
634 351 736 400 ἴσως
762 353 814 393 οὐ
841 358 955 394 πᾶσα
982 352 1232 406 ἐναντιότης.
1271 359 1415 396 73b21
1447 353 1531 396 ἔστι
1557 355 1638 409 γὰρ
1663 357 1712 399 τὸ

287 414 482 457 ἐναντίον
518 416 545 468 ἢ
583 414 772 469 στέρησις
807 415 833 469 ἢ
871 417 1090 468 ἀντίφασις
1119 415 1164 457 ἐν
1190 420 1248 473 τῷ
1276 418 1388 471 αὐτῷ
1415 418 1537 470 γένει.
1582 421 1713 460 Ritter

289 480 457 526 [Gesch.
486 482 558 518 der
586 479 685 520 Phil.
715 480 776 519 ΙΙΙ.
806 494 842 531 p.
871 483 947 519 148
975 487 1054 520 not.
1085 483 1126 526 1)
1160 489 1381 532 comparato
1409 497 1456 521 eo
1486 484 1570 521 loco
1599 496 1712 533 quem

286 544 404 581 modo
427 543 707 593 adscripsimus
735 545 967 589 (1055a33)
992 557 1078 582 cum
1101 545 1147 582 iis
1167 558 1266 595 quae
1291 546 1389 583 dicit
1410 545 1505 584 Met.
1527 544 1576 593 V,
1603 549 1628 584 2
1652 547 1711 591 (⁶3)

290 603 478 654 στέρησίς
514 603 626 644 ἐστιν
664 603 744 653 ἕξις
779 619 868 653 πως
906 611 945 645 et
982 608 1152 644 193b19
1180 606 1207 659 ἡ
1243 606 1287 646 δέ
1322 620 1368 658 γε
1399 605 1545 658 μορφὴ
1582 605 1652 647 καὶ
1686 605 1715 659 ἦ

287 666 416 719 φύσις
450 667 574 719 διχῶς
608 666 790 719 λέγεται·
833 668 904 709 καὶ
938 667 1019 720 γὰρ
1057 668 1086 722 ἦ
1124 667 1311 721 στέρησις
1351 666 1462 717 εἶδός
1489 668 1576 716 πώς
1603 667 1714 709 ἐστιν

287 731 406 769 dicit:
433 733 534 781 „Est
567 733 621 771 ist
659 733 934 782 merkwiirdig‚
964 734 1038 771 wie
1065 734 1297 772 Aristoteles
1324 735 1509 772 zuweilen
1538 734 1609 770 mit
1637 734 1713 771 den

286 793 451 833 Worten
490 793 644 846 spielff’.
673 795 750 834 Vix
779 796 914 834 ludere
942 796 981 833 in
1010 795 1071 832 his
1101 796 1349 834 Aristotelem
1380 796 1555 834 dixerim.
1599 796 1714 844 Quo-

285 857 405 894 modo
424 857 584 895 tollatur
603 858 815 895 difficultas
839 860 1058 895 monstrant
1085 869 1185 905 quae
1213 864 1450 907 sequuntur:
1479 857 1586 894 addit
1610 857 1714 895 enim

287 916 323 957 εἰ
349 917 387 958 δ’
422 916 534 959 ἐστὶν
559 919 588 972 ἠ
615 918 803 971 στέρησις
834 917 904 958 καὶ
931 917 1124 957 ἐναντίον
1149 931 1188 957 τι
1214 917 1309 968 περὶ
1334 917 1412 971 τὴν
1439 917 1575 970 ἁπλῆν
1602 915 1714 968 γένε-

287 988 356 1019 σιν
381 979 409 1032 ἢ
435 981 494 1033 μή
522 979 634 1021 ἐστιν
658 980 837 1031 ὕστερον
864 978 1151 1021 ἐπισκεπτέονε
1186 994 1351 1032 namque
1379 996 1498 1033 quum
1526 979 1716 1031 στέρησις

285 1044 575 1093 quodammodo
614 1045 759 1083 habeat
797 1042 1124 1095 ἕξεως-εροοῐειη
1166 1048 1272 1089 (nam
1312 1043 1499 1096 στέρησις
1531 1042 1642 1096 α”πλῆ
1680 1058 1713 1086 s,

287 1103 394 1157 αὐτὴ
420 1107 520 1146 καθ’
548 1105 682 1158 αὐτὴν
709 1108 871 1158 cogitari
900 1107 1055 1158 quidem
1086 1111 1216 1157 potest
1236 1128 1283 1136 —
1315 1114 1377 1146 est
1407 1108 1508 1146 enim
1537 1108 1714 1146 absentia

285 1170 482 1218 qualitatis
511 1170 799 1219 cuiuscunque,
836 1170 883 1210 τὸ
911 1168 1018 1215 ὅλως
1045 1167 1103 1220 μὴ
1132 1169 1183 1208 ὄν
1211 1192 1259 1198 -
1288 1170 1416 1207 verbis
1444 1170 1610 1221 exprimi
1636 1183 1714 1208 non

284 1236 442 1283 potest,
472 1233 574 1283 quia,
609 1234 641 1271 si
676 1234 766 1282 quid
797 1234 1035 1278 enuntiatur,
1064 1232 1168 1270 aliud
1196 1236 1262 1270 aut
1288 1233 1533 1282 praedicatur
1561 1233 1610 1270 de
1638 1233 1713 1270 alio

284 1296 353 1331 aut
380 1302 566 1345 negatur:
594 1296 698 1333 unde
719 1296 765 1333 fit
783 1302 824 1334 ut
846 1297 931 1346 ipsa
956 1292 1143 1345 στέρησις
1169 1294 1208 1331 ἰη
1237 1307 1418 1333 sermone
1446 1292 1566 1343 ἕξεως
1593 1308 1713 1345 quan-

241 1360 246 1364 ”
285 1356 374 1394 dam
404 1359 576 1408 speciem
606 1369 682 1395 non
705 1358 868 1396 induere
896 1370 971 1395 non
1001 1358 1166 1407 possit),
1195 1370 1286 1395 num
1315 1370 1454 1396 revera
1482 1359 1533 1396 sit
1561 1355 1640 1405 ἕξις
1666 1370 1714 1395 an

283 1430 362 1457 non
390 1420 466 1464 sit,
501 1420 629 1471 prima
663 1420 911 1471 philosophia
948 1420 1162 1457 diiudicare
1198 1419 1368 1458 debebit.
1426 1420 1715 1458 Conlirinantur

283 1481 384 1519 haec
414 1482 462 1518 iis
482 1495 582 1532 qnae
608 1483 799 1520 habemus
827 1485 924 1520 10:32
937 1483 958 1519 b
973 1485 997 1520 3
1019 1483 1091 1533 τῆς
1107 1478 1188 1531 γὰρ
1208 1481 1435 1532 στερήσεως
1454 1482 1579 1521 οὐσία
1598 1481 1626 1533 ἦ
1644 1481 1714 1520 οὐ·

285 1541 355 1582 σία
373 1541 402 1595 ἦ
424 1541 699 1595 ἀντικειμένη,
721 1539 814 1584 οἷον
834 1543 970 1596 ὑγίεια
991 1543 1124 1583 νόσου
1137 1554 1146 1564 ·
1168 1541 1327 1594 ἐκείνης
1343 1543 1424 1596 γὰρ
1442 1544 1626 1598 ἀπουσίᾳ
1644 1544 1713 1596 δη-

285 1607 435 1646 λοῦται
455 1606 483 1659 ἡ
499 1606 639 1654 νόσος,
670 1609 804 1646 10581)
820 1611 868 1646 21
887 1605 1076 1658 στέρησις
1095 1605 1176 1657 γὰρ
1193 1605 1408 1658 α’δυναμία
1436 1606 1712 1659 διωρισμένης

284 1682 404 1720 quum
423 1672 526 1709 enim
544 1668 732 1721 στέρησις
757 1675 977 1721 opponatur
996 1673 1048 1720 τῇ
1069 1673 1217 1721 μορφῇ
1240 1672 1366 1714 (1913
1380 1673 1448 1716 14)
1470 1677 1513 1709 ut
1532 1670 1560 1724 ἦ
1581 1670 1713 1711 ἄπου-

285 1730 355 1771 σία
389 1735 440 1784 τῇ
469 1732 684 1785 παρουσίᾳ
713 1734 785 1777 (ib.
803 1747 859 1773 vs.
880 1737 947 1781 ⁷),
988 1737 1096 1784 patet
1123 1746 1208 1771 eam
1238 1733 1444 1770 dicendam
1473 1747 1563 1772 esse
1590 1733 1713 1786 ἄσχη-

282 1794 480 1847 μοσύνην
499 1798 557 1835 vel
578 1795 796 1848 ἀμορφίαν
824 1797 884 1835 vel
912 1794 1085 1844 ἀταξίαν
1115 1796 1342 1841 (190b15),
1371 1808 1603 1849 quemquam
1630 1799 1715 1847 ipsa

283 1860 442 1909 quidem
469 1860 568 1898 nihil
596 1865 681 1907 est,
720 1863 763 1898 ut
797 1866 985 1910 appareat
1013 1857 1133 1908 ἕξεως
1158 1858 1329 1908 speciem
1358 1871 1442 1896 eam
1472 1860 1632 1907 habere,
1659 1860 1713 1898 si-

279 1922 410 1960 mulac
431 1922 481 1961 de
508 1936 554 1961 ea
582 1935 658 1961 non
687 1923 903 1971 cogitamus
932 1923 1071 1968 solum,
1102 1922 1172 1960 sed
1203 1921 1320 1958 etiam
1351 1920 1565 1971 loquimur:
1594 1935 1715 1972 quare

283 1984 361 2022 duo
390 1989 480 2022 sunt
503 1985 698 2035 principia
725 1986 828 2023 inter
855 1990 899 2022 se
926 1984 1143 2030 contraria,
1172 1995 1271 2032 quae
1301 1981 1470 2021 formant
1497 1987 1537 2021 et
1562 1984 1715 2035 fingunt

279 2047 484 2085 materiam
505 2046 572 2093 (τὸ
591 2045 906 2095 ὑποκείμενον),
927 2045 956 2098 ἦ
976 2042 1121 2097 μορφὴ
1146 2058 1176 2083 s·
1198 2043 1246 2083 τὸ
1268 2038 1380 2090 εἶδος
1407 2050 1447 2082 et
1473 2044 1501 2097 ἦ
1528 2044 1714 2096 στέρησις

282 2110 382 2154 (190
395 2109 453 2154 b).
483 2112 618 2148 1013b
636 2113 682 2148 12
717 2108 845 2149 ταύτὸ
874 2099 1004 2149 ἐνίοτε
1031 2110 1116 2148 τῶν
1144 2104 1347 2146 ἐναντίων
1374 2103 1486 2146 ἐστίν
1514 2107 1711 2155 (αἴτιον)·

283 2167 307 2211 ὃ
335 2169 417 2223 γὰρ
446 2173 586 2223 παρὸν
613 2172 751 2212 α’ίτιον
777 2171 1056 2217 τουδί,-τοῦτ’
1085 2169 1193 2210 οέπὸν
1222 2169 1450 2221 αἰτιώμεθα
1478 2164 1608 2211 ἐνίοτε
1635 2174 1715 2212 τοῦ

282 2231 479 2275 ἐναντίου
503 2264 512 2273 .
528 2263 560 2274 ..
589 2237 716 2287 ἄμφω
754 2232 813 2279 δέ,
838 2232 909 2274 καὶ
934 2234 962 2286 ἦ
989 2234 1202 2284 παρουσία
1228 2231 1299 2272 καὶ
1324 2232 1352 2285 ἦ
1379 2231 1576 2285 στέρησις,
1604 2233 1715 2275 αἴτια
1776 2227 1777 2230 “

283 2297 341 2346 ὡς
360 2302 577 2339 κινοῦντα.
618 2299 674 2336 De
697 2299 794 2337 coel.
818 2300 983 2337 2861225
1002 2300 1076 2350 τῆς
1104 2297 1333 2349 στερήσεως
1360 2296 1563 2347 πρότερον
1589 2297 1617 2349 ἦ
1643 2312 1713 2337 κα-

284 2360 477 2412 τάφασις.
525 2362 702 2400 3741113
728 2359 776 2400 τὸ
804 2359 935 2410 μέλαν
964 2356 1057 2401 οἷον
1084 2360 1296 2412 ἀπόφασίς
1325 2357 1455 2398 ἐστινε
1494 2373 1541 2398 ex
1571 2361 1713 2411 quibus

279 2424 511 2475 intelligitur
547 2425 638 2475 quid
677 2424 782 2462 dicat
809 2425 987 2462 4'30b20
1013 2424 1041 2478 ἡ
1077 2423 1122 2464 δὲ
1150 2421 1297 2475 στιγμὴ
1324 2419 1395 2461 καὶ
1420 2425 1535 2461 πᾶσα
1560 2421 1721 2472 διαίρεὲ

282 2495 347 2535 σις
382 2486 454 2528 καὶ
490 2485 538 2527 τὸ
577 2485 713 2533 οὕτως
749 2485 1009 2537 ἀδιαίρετον,
1049 2487 1250 2540 δηλοῦται
1287 2483 1423 2534 ὥσπερ
1462 2484 1490 2537 ἦ
1525 2483 1714 2536 στέρησις

283 2553 546 2602 (negatione).
610 2548 683 2590 καὶ
720 2548 867 2601 ὅμοιος
902 2549 926 2590 ὁ
962 2550 1086 2603 λόγος
1122 2550 1189 2591 ἐπὶ
1214 2551 1298 2590 τῶν
1324 2550 1475 2598 ἄλλων,
1505 2542 1599 2588 οἷον
1625 2549 1715 2596 πῶς

279 2612 328 2653 τὸ
357 2612 490 2654 κακὸν
517 2613 711 2666 γνωρίζει
737 2612 763 2666 ἢ
791 2611 838 2654 τὸ
865 2612 996 2665 μέλαν
1012 2629 1020 2638 ·
1056 2619 1114 2668 τῷ
1141 2612 1313 2665 ἐναντίῳ
1340 2612 1420 2662 γάρ
1447 2624 1535 2659 πως
1561 2610 1713 2664 γνωρί-

280 2676 349 2725 ζει.
389 2677 553 2731 Trdlbg.
594 2679 644 2717 ad
680 2679 720 2717 h.
749 2677 774 2717 l.
815 2678 957 2727 „Quod
994 2679 1206 2730 privatione
1241 2677 1482 2725 coiitinetur‚
1527 2689 1604 2716 non
1641 2688 1714 2728 per

284 2752 342 2788 se,
371 2741 442 2780 sed
470 2753 518 2781 eo
544 2742 645 2793 ipso,
674 2754 752 2792 quo
777 2742 972 2793 privatum
1000 2745 1075 2790 est,
1103 2735 1391 2791 cognoscum-,⁹⁷
