1884 3100
626 205 1004 240 ΚΑΤΗΓΟΡῙΑΙ.
1486 206 1542 246 83

230 306 332 350 Τῶν
353 301 507 364 ἑτέρων
532 306 671 365 γενῶν
688 303 763 350 καὶ
781 300 843 366 μὴ
870 301 951 350 υσί
973 301 1142 367 amma
1163 303 1431 365 τεταγμένων
1447 305 1538 352 ἕτε-

88 388 164 433 ραι
186 373 249 435 τῷ
268 371 371 453 εἴδει
388 370 463 417 καὶ
489 370 534 416 αἱ
553 371 780 433 διαφοραί,
805 368 902 418 οἷον
926 370 1047 436 ζῴου
1063 390 1138 418 και
1123 371 1415 455 ἐπιστημης
1451 371 1537 456 ζῴ-

88 456 149 485 ου
170 439 249 499 μὲν
273 435 357 500 γὰρ
383 439 598 499 διαφοραὶ
621 435 717 486 οἷον
735 436 787 485 τό
807 456 852 485 τε
873 419 1008 497 πεζδν
1027 440 1101 486 καὶ
1129 436 1182 486 τὸ
1204 440 1370 487 δίπουν
1390 441 1466 487 καὶ
1486 438 1539 487 τὸ

87 504 256 569 πτηνὸν
279 507 355 552 καὶ
375 503 427 552 τό
451 507 650 566 ἔνυδρον,
683 504 928 570 ἐπιστήμης
959 507 1007 553 δὲ
1033 505 1220 568 οὐδεμία
1239 507 1434 555 τουτων·
1477 504 1539 555 οὐ

87 571 171 657 γὰρ
196 573 394 634 διαφέρει
415 572 629 636 ἐπιστήμη
645 572 886 637 ἐπιστήμης
905 592 966 620 τω
949 574 1142 633 δίπους
1163 580 1286 623 εἰναι.
1317 579 1406 623 τῶν
1423 575 1473 622 δέ
1489 594 1536 638 γε
1551 587 1587 616 2⁰

85 639 167 687 ὑπ’
184 638 356 703 αλληλα
382 644 520 701 γενῶν
544 639 680 687 ου’δὲν
701 641 865 688 κωλύει
882 639 961 699 τὰς
985 640 1124 700 αὐτας
1154 641 1379 704 διαφορὰς
1402 639 1536 691 εἶναι·

84 705 138 754 u}
174 705 257 768 γὰρ
295 705 439 754 ἐπάνω
481 711 572 754 τῶν
613 706 693 755 ὑπ’
734 707 848 756 αὐτὰ
889 713 1026 771 γενῶν
1056 716 1379 773 κατηγορεῖται,
1425 708 1538 758 ῶστε

86 772 190 821 οσαι
209 778 294 821 τοῦ
314 775 707 837 κατηγορουμένου
735 778 954 840 διαφοραί
981 779 1079 836 εἰσι,
1110 782 1326 826 τοσαῦται
1345 779 1422 825 καὶ
1449 782 1536 826 τοῦ

83 840 380 903 ὑποκειμένου
396 843 583 889 εσονται.

227 914 327 957 Τῶν
336 907 448 956 κατὰ
464 909 678 973 μηδεμίαν
689 908 955 974 συμπλοκὴν
969 910 1213 974 λεγομένων
1230 911 1416 959 ε’καστον
1427 910 1531 977 ἤτοι
1545 919 1579 964 4

85 975 246 1024 οὐσίαν
267 978 468 1040 σημαίνει
488 975 519 1040 ἢ
538 976 685 1025 ποσὸν
702 997 732 1040 η
750 976 882 1025 ποιὸν
900 976 932 1042 ἢ
957 978 1071 1040 πρός
1090 995 1132 1026 τι
1150 976 1180 1042 ἢ
1198 983 1292 1026 ποῦ
1322 977 1354 1043 ἢ
1373 978 1520 1028 ποτὲ
1498 1000 1530 1045 η
1544 999 1580 1028 28

83 1049 259 1091 κεῖσθαι
286 1042 319 1108 ἢ
344 1045 452 1106 εχειν
479 1042 531 1127 ἢ,
536 1050 679 1092 ποιεῖν
701 1042 735 1108 ἢ
751 1045 947 1106 πάσχειν.
1014 1046 1103 1093 εστι
1134 1047 1183 1093 δὲ
1212 1045 1351 1093 οὐσία
1371 1066 1450 1108 μεν
1470 1046 1532 1106 ῶς

83 1110 211 1178 τύπῳ
230 1113 365 1159 εἰπεῖν
384 1117 480 1159 οἱον
500 1109 743 1171 ανθρωπος
755 1147 767 1170 ,
803 1115 962 1171 ἵππος·
1005 1111 1151 1160 ποσὸν
1171 1114 1219 1160 δε
1242 1111 1338 1161 οἷον
1357 1116 1538 1179 δίπηχυ,

83 1180 299 1266 τρίπηχυ·
345 1177 477 1226 ποιὸν
498 1181 545 1226 δὲ
577 1177 673 1227 οἷον
701 1179 888 1238 λευκόν,
922 1180 1248 1242 γραμματικόν·
1294 1181 1409 1243 πρός
1427 1201 1468 1229 τι
1488 1184 1538 1230 δὲ

86 1252 183 1294 owv
204 1246 464 1303 διπλάσιον,
501 1245 667 1310 ἥμισυ,
702 1250 871 1308 μεῖζον·
920 1252 1016 1294 ποῦ
1048 1249 1096 1294 δὲ
1115 1253 1214 1294 οἱον
1232 1247 1330 1294 ἐν’
1279 1253 1457 1320 αγορᾷ,
1491 1250 1623 1304 &vpff’
1601 1282 1624 1296 ...

85 1315 283 1380 Λυκείῳ·
304 1315 408 1362 ποτε
430 1315 478 1362 δε
499 1320 595 1362 οιον
607 1315 747 1376 ἐχθές,
766 1315 974 1377 πέρυσιν·
996 1320 1174 1362 κεῖσθαι
1192 1316 1239 1362 δε
1250 1321 1346 1364 οἱον
1358 1315 1535 1365 ἀνοίκει-

84 1400 170 1439 ται,
203 1382 423 1445 κάθηται·
458 1383 570 1444 ἔχειν
587 1385 635 1430 δὲ
657 1388 753 1430 οιον
771 1381 1046 1442 ὑποδέδεται,
1082 1381 1314 1430 ὥπλισται·
1334 1391 1478 1432 ποιεῖν
1488 1386 1537 1432 δὲ

87 1446 184 1496 οἷον
200 1450 355 1511 τέμνει,
374 1450 507 1497 καίει·
527 1449 722 1536 πάσχειν
727 1451 774 1498 δε
794 1448 891 1498 οἷον
900 1451 1107 1511 τέμνεται,
1132 1452 1315 1500 καίεται.
1352 1453 1538 1500 ἕκαστον

85 1518 132 1564 δὲ
160 1521 248 1564 τῶν
276 1517 512 1581 εἰρημένων
540 1517 651 1565 αυτό
677 1537 756 1580 μεν
777 1516 883 1565 καθ’
915 1517 1027 1566 αὐτὸ
1048 1519 1094 1566 ἐν
1119 1517 1310 1585 ουδεμιᾷ
1328 1520 1570 1583 καταφά-5

85 1595 152 1632 σει
176 1585 357 1648 λέγεται,
375 1589 430 1646 τῇ
449 1587 496 1632 δε
515 1584 629 1647 πρὸς
649 1584 819 1650 αλληλα
844 1585 1020 1634 τούτων
1037 1591 1277 1650 συμπλοκῇ
1285 1588 1537 1649 κατάφασις

82 1653 256 1715 γίνεται.
326 1651 479 1700 απασα
522 1652 607 1716 γὰρ
650 1657 775 1702 δοκεῖ
826 1654 1077 1716 κατάφασις
1117 1653 1216 1718 ἤτοι
1271 1654 1451 1720 ἀληθὴς
1507 1654 1538 1721 ἢ

82 1718 256 1783 ’ψευδὴς
276 1717 410 1768 εἶναι·
446 1725 533 1768 τῶν
551 1723 599 1769 δε
617 1740 728 1768 κατα
758 1723 974 1785 μηδεμίαν
1005 1721 1274 1786 συμπλοκὴν
1293 1725 1538 1785 λεγομένων

89 1786 225 1835 οὐδεν
247 1786 350 1834 οὔτε
370 1786 539 1850 ἄληθες
559 1807 664 1836 ουτε
690 1789 862 1847 ψεῦδός
883 1790 1012 1847 ἐστιν,
1033 1787 1130 1837 οἷον
1152 1789 1408 1853 ανθρωπος,
1431 1794 1538 1838 λευ-

83 1853 178 1913 κόν,
212 1855 364 1917 τρέχει,
393 1859 509 1920 νικᾷ.
1552 1867 1589 1896 10

178 2058 219 2093 16
244 2056 463 2113 ἑτερογενῶν
486 2059 665 2113 ABcdeg,
668 2071 732 2117 pr
753 2059 814 2093 ula.
837 2077 878 2084 ——
902 2060 946 2093 18
967 2057 1056 2105 γὰρ]
1080 2057 1150 2106 γὰρ
1174 2059 1216 2094 αὶ
1240 2060 1274 2094 ἆ.
1301 2077 1345 2084 -
1370 2058 1454 2095 οἷον
1479 2071 1536 2094 om

86 2103 239 2148 Aeunsg.
255 2123 295 2129 —
320 2102 364 2138 τό
388 2116 428 2139 τε
450 2101 612 2162 πτηνὸν
616 2103 679 2139 καὶ
702 2103 814 2146 πεζὸν
837 2103 902 2139 καὶ
925 2103 966 2138 τὸ
993 2106 1131 2140 δίπουν
1155 2106 1219 2141 καὶ
1244 2104 1400 2159 ἔνυδρον
1427 2107 1468 2148 A,
1493 2104 1537 2140 τό

85 2159 125 2182 τε
156 2147 312 2204 πτηνὸν
333 2149 397 2184 καὶ
420 2149 530 2191 πεζὸν
552 2149 614 2184 καὶ
645 2148 688 2185 τὸ
723 2149 881 2196 ἔνυδρον
913 2149 978 2185 καὶ
1001 2151 1043 2186 τὸ
1070 2153 1207 2186 δίπουν
1234 2151 1318 2194 th‚
1344 2149 1387 2185 τό
1411 2163 1451 2185 τε
1474 2163 1537 2184 πε-

86 2191 149 2234 ζὸν
179 2194 242 2228 καὶ
274 2192 317 2228 τὸ
353 2194 497 2238 πτηνὸν
529 2195 591 2229 καὶ
622 2194 664 2229 τὸ
698 2194 853 2249 ἔνυδρον
886 2195 951 2230 καὶ
982 2194 1026 2231 τὸ
1058 2198 1197 2231 δίπουν
1231 2208 1265 2229 n.
1296 2215 1342 2220 —-
1388 2197 1433 2229 20
1459 2195 1536 2249 τῷ]

84 2236 125 2272 τὰ
153 2239 186 2278 d,
209 2251 251 2283 pr
271 2240 360 2272 1ι.-
386 2252 426 2283 γε
451 2253 508 2273 om
526 2243 561 2283 f.
576 2260 613 2265 —
640 2242 685 2274 23
709 2242 779 2276 τοῦ
802 2253 844 2285 pr
870 2248 904 2274 et
922 2243 1021 2286 post]
1038 2241 1136 2277 κατὰ
1160 2242 1230 2277 τοῦ
1247 2254 1282 2275 η.
1297 2261 1337 2266 ——
1357 2241 1539 2275 τοσαῦται

85 2296 141 2364 ἕω
169 2284 194 2317 d
219 2291 255 2317 et
279 2297 322 2328 pr
345 2285 439 2319 1ι.-
465 2287 511 2319 27
531 2284 598 2330 μὲν
623 2299 680 2319 om
703 2298 732 2322 e.
747 2305 793 2313 —
816 2287 861 2321 29
886 2285 969 2322 οἷον
994 2299 1050 2321 om
1075 2300 1117 2332 pr
1143 2289 1181 2322 A.
1198 2306 1245 2313 -
1271 2285 1539 2331 γραμματικόν,

108 2327 218 2364 ενκόν
242 2341 270 2363 e.

175 2374 239 2409 zal
259 2369 372 2419 ἥμισυ
395 2387 452 2408 om
470 2376 505 2418 d,
529 2387 573 2419 pr
592 2377 633 2409 B.
654 2396 696 2402 —
721 2374 760 2410 ἔν
775 2376 931 2420 Λυκείῳ,
954 2374 992 2410 ἐν
1011 2374 1058 2420 οἷγ
1037 2377 1133 2424 γορᾷ
1155 2377 1286 2411 Adenh.
1297 2394 1341 2401 —-
1360 2373 1399 2409 ἐν
1417 2375 1464 2419 οἷγ
1443 2377 1539 2424 γορᾷ

14 2430 17 2435 ·
86 2432 124 2453 rc
144 2420 180 2462 h,
197 2432 252 2454 om
275 2421 309 2453 d.
335 2439 382 2446 ·—
404 2421 518 2467 λυκίῳ
537 2422 571 2464 d,
589 2434 630 2465 pr
650 2423 690 2456 B.
714 2439 761 2447 —
794 2423 816 2455 2
833 2401 933 2477 χθέςί
942 2423 1095 2467 Cdnufg
1121 2442 1167 2449 —
1199 2424 1219 2454 3
1246 2419 1477 2455 υποδέδυται
1498 2434 1537 2467 g,

85 2445 345 2500 υποδεθέσθαι
355 2467 443 2510 (sic)
454 2479 534 2500 corr
542 2467 576 2501 Ιι
587 2486 632 2491 -
641 2463 896 2502 υποδεδέσθαι
905 2465 1094 2502 οἱπλίσθαι
1110 2469 1179 2500 fort
1197 2479 1239 2510 pr
1250 2468 1282 2501 d.
1294 2485 1336 2491 —
1350 2463 1539 2502 ωπλίσθαι

86 2512 121 2544 h.
133 2514 205 2544 —4
219 2511 377 2555 τέμνειν,
391 2513 511 2547 καίειν
521 2513 811 2568 ABCundefgha.
823 2511 1090 2566 -τέμνεσθαι,
1109 2514 1282 2547 καίεσθαι
1295 2512 1483 2567 BCuegha.
1493 2533 1538 2539 —

90 2557 113 2590 5
142 2554 253 2591 ἑαυτὸ
273 2568 308 2590 τι.
335 2576 374 2583 -
402 2555 441 2592 ἐν
461 2570 518 2591 om
539 2569 566 2591 e.
596 2578 626 2583 -—
662 2559 682 2591 6
709 2555 734 2610 ᾖ
761 2557 952 2614 ἀποφάσει
981 2571 1038 2592 om
1060 2571 1088 2592 e.
1121 2577 1166 2583 —-
1195 2557 1267 2614 τῇ]
1294 2569 1320 2611 η
1348 2553 1538 2601 ἀποφάσει

86 2601 134 2646 τῇ
158 2602 246 2635 codd
272 2609 420 2646 excepto
445 2614 474 2636 e.
497 2623 542 2630 —
585 2601 776 2647 ἀποφάσει
804 2602 945 2646 λέγεται
960 2605 1006 2650 τῇ
1022 2606 1054 2647 f.
1078 2622 1123 2630 —
1147 2604 1168 2636 7
1190 2599 1214 2647 ἢ
1242 2601 1438 2656 απόφασις
1456 2611 1538 2647 post

87 2657 224 2690 καταφ.
246 2648 315 2681 add
333 2648 420 2682 codd
448 2656 596 2693 excepto
614 2660 642 2682 e.
660 2667 706 2674 --
732 2650 893 2707 γίγνεται
909 2661 945 2682 n.
970 2667 1012 2673 -
1038 2650 1145 2683 δοκεῖ
1166 2655 1250 2691 post
1268 2646 1480 2704 κατάιξασις
1507 2661 1535 2691 e,

90 2698 173 2733 post
191 2693 243 2725 alt
265 2689 457 2737 ἀπόφασις
470 2696 563 2738 12-
585 2707 726 2750 καταφ.
740 2693 803 2730 καὶ
816 2692 1009 2737 ἀπόφασις
1023 2694 1200 2746 ABCelsh,
1215 2705 1355 2738 καταφ.
1372 2706 1397 2738 η
1414 2706 1536 2749 αποφ.

89 2746 175 2780 meg·
199 2755 245 2761 -—
267 2738 291 2772 8
307 2738 405 2774 κατὰ
419 2740 604 2785 μηδεμίαν
624 2738 664 2775 δε
689 2741 725 2774 C.
750 2759 792 2765 —
817 2740 839 2775 9
858 2738 977 2775 ουδὲ
970 2738 1009 2775 ἐν
1027 2751 1058 2782 e,
1077 2735 1195 2774 oden
1209 2750 1243 2774 u.
1266 2757 1312 2764 ——
1337 2738 1464 2780 λευκός
1477 2741 1536 2783 Cf.

1177 2793 1248 2830 Β*
