1780 3112
428 212 489 245 De
515 209 776 244 codicibus
811 210 1007 255 graecis
1030 208 1225 254 organi.
1509 209 1558 247 21

104 307 289 354 μεταβολὴ
320 307 384 343 καὶ
417 308 558 353 κίνησις
590 306 630 344 ἐν
665 306 768 356 αὐτῷ
797 309 852 356 τῷ
881 306 1149 354 μεταβάλλοντι
1177 305 1296 351 μόνον
1321 303 1440 348 ἐστίν,
1474 303 1558 342 οἷον

106 362 175 409 ἐγώ
200 364 376 410 κινοῦμαι
397 363 462 400 καὶ
486 363 525 400 ἐν
548 364 629 411 ἐμοὶ
652 363 676 410 ἦ
698 364 860 408 κίνησις,
885 360 930 399 οὗ
953 364 1029 410 μὴν
1053 363 1094 400 δὲ
1115 363 1179 399 καὶ
1204 361 1244 398 ἐν
1267 363 1346 405 σοί,
1371 360 1391 397 ὁ
1412 359 1454 397 δὲ
1470 362 1557 408 χρό-

104 434 170 462 νος
185 420 324 466 ὁμοίως
341 421 405 457 καὶ
423 422 619 468 πανταχοῦ
634 421 698 457 καὶ
713 419 816 467 παρὰ
836 421 962 456 πᾶσιν.
1009 420 1063 457 ἔτι
1079 421 1222 465 κίνησις
1245 417 1312 464 μὲν
1328 416 1472 462 λέγεται
1493 418 1557 453 καὶ

104 477 260 514 θάττων
283 479 446 523 (θᾶττον
467 479 555 523 ms.)
578 477 643 514 καὶ
664 475 894 524 βραδυτέρα,
919 476 1050 524 χρόνος
1073 476 1113 513 δὲ
1137 474 1279 522 οὖκέτι,
1314 470 1406 510 ἀλλὰ
1438 473 1557 515 πολὺς

106 535 169 570 καὶ
191 534 323 579 όλίγος.
368 533 412 570 τὸ
435 533 478 571 δὲ
499 535 648 571 θᾶττον
670 533 734 569 καὶ
757 530 988 580 βραδύτερον
1014 533 1053 569 ἐν
1074 533 1194 582 χρόνῳ
1218 534 1426 580 μετρεῖται·
1460 530 1556 577 ταχῦ

104 590 171 636 μὲν
193 588 264 638 γὰρ
289 590 441 636 λέγομεν
461 590 506 627 τὸ
530 589 569 627 ἓν
593 589 703 638 όλίγῳ
726 589 846 636 χρόνῳ
878 588 974 626 πολὺ
1009 590 1251 637 κινούμενον,
1285 588 1405 636 βραδὺ
1438 586 1479 624 δὲ
1511 586 1554 624 τὸ

105 645 146 682 ἐν
183 648 308 693 πολλῶ
345 645 466 693 χρόνῳ
506 645 630 692 ὀλίγον
668 645 854 692 διάστημα
894 647 1114 692 κινούμενον
1144 648 1212 694 (cf.
1236 647 1306 681 218
1328 647 1351 679 b
1377 646 1460 680 9—
1482 645 1557 689 17),

104 700 197 740 ῶστε
220 701 290 739 οιῗκ
314 703 411 739 ἔστιν
435 702 454 739 ὁ
478 701 611 749 χρόνος
634 703 777 748 κίνησις
808 702 832 749 ἢ
859 703 1062 749 μεταβολή,
1099 701 1175 740 ἀλλ’
1208 703 1307 740 ἔστιν
1339 699 1507 748 ἀριθμὸς
1534 699 1555 737 ὁ

102 757 170 806 μὲν
191 758 387 807 ἀριθμῶν,
420 757 441 796 ὁ
465 758 506 795 δὲ
531 758 822 807 ἀριθμούμενος.
871 760 1047 806 ζητητέον
1071 762 1150 802 πῶς
1174 753 1303 806 φαμεν
1323 757 1389 795 τὸν
1421 757 1558 804 χρόνον

102 815 270 864 ἀριθμὸν
291 815 488 862 κινήσεως,
521 812 596 863 ἀρα
620 814 670 859 ῶς
699 815 937 863 ἀριθμοῦντα
967 817 1037 862 τὴν
1059 819 1204 863 κίνησιν
1226 815 1250 861 ἢ
1277 814 1327 857 ῶς
1347 813 1412 851 ὑπ’
1437 812 1557 860 αὐτῆς

103 871 398 921 ἀριθμούμενον.
431 873 557 919 φαμὲν
579 870 626 920 δὴ
653 870 720 909 τὸν
742 873 877 921 χρόνον
903 871 1152 920 ἀριθμεῖσθαι
1174 872 1242 918 μὲν
1263 870 1339 908 ὑπὸ
1363 872 1429 916 τῆς
1453 868 1555 917 πρῶ-

102 944 170 976 της
191 931 256 967 καὶ
279 929 396 976 ἀπλῆς
419 927 598 975 κινήσεως
620 932 686 975 τῆς
709 934 980 977 κυκλοφορικῆς
1005 930 1071 975 (cf.
1095 930 1194 964 223b
1209 930 1281 972 19),
1304 926 1552 976 ἀνταριθμεῖν

103 987 145 1024 δὲ
168 987 283 1031 πάλιν
306 984 438 1032 αΰτήν.
486 986 522 1022 εἰ
540 984 591 1032 μὴ
614 985 686 1034 γὰρ
709 985 785 1023 ὑπὸ
809 988 945 1034 χρόνον
970 986 994 1033 ἡ
1027 986 1185 1032 τοιαύτη
1210 987 1365 1033 κίνησις,
1389 983 1466 1022 ’ὑπὸ
1493 986 1553 1021 τί-

101 1057 167 1085 νος
188 1043 423 1091 ἀριθμηθείη
448 1041 616 1089 &21311521
638 1041 792 1090 πρώτην
817 1038 886 1078 οὖν
910 1043 974 1079 καὶ
998 1042 1235 1091 κυριωτάτην
1264 1044 1341 1079 τῶν
1371 1041 1554 1088 κινήσεων

101 1098 174 1146 τήν
197 1097 476 1147 κυκλοφορικὴν
490 1097 511 1134 ὅ
526 1099 660 1145 χρόνος
682 1100 827 1147 μετρῶν
849 1097 930 1135 κατ’
953 1099 1097 1146 ἐκείνην
1120 1098 1269 1141 καὶτὰς
1288 1095 1401 1140 ἄλλας
1415 1102 1553 1145 μετρεῖ,

101 1154 195 1192 ὥστε
217 1157 285 1201 τῆς
306 1154 373 1202 μὲν
400 1157 674 1202 κυκλοφορικῆς
697 1155 877 1202 κινήσεως
901 1155 1064 1203 ἀριθμὸς
1085 1156 1189 1193 ἔσται
1212 1156 1233 1192 ὁ
1258 1154 1392 1203 χρόνος
1415 1156 1479 1191 καὶ
1503 1153 1555 1197 ῶς

100 1212 276 1261 ἀριθμῶν
296 1211 359 1248 καὶ
384 1210 434 1254 ῶς
456 1209 748 1260 ἀριθμούμενος,
770 1213 847 1248 τῶν
870 1212 910 1248 δὲ
934 1214 1076 1248 λοιπῶν
1099 1212 1279 1257 κινήσεων
1301 1211 1352 1253 ῶς
1376 1210 1554 1259 ἀριθμῶν

100 1270 218 1316 μόνον
242 1265 287 1306 οὗ
320 1267 396 1315 μὴν
426 1268 490 1305 καὶ
522 1267 572 1309 ὥς
602 1267 883 1316 ἀριθμούμενος
907 1268 974 1313 (cf.
993 1270 1062 1303 220
1085 1269 1106 1302 b
1122 1270 1179 1313 8)·
1206 1268 1254 1304 ου’
1276 1267 1348 1315 γὰρ
1371 1269 1438 1313 τῆς
1462 1266 1554 1313 ἐμῆς

100 1328 282 1374 βαδίσεως
302 1324 465 1373 ἀριθμὸς
487 1325 591 1361 ἔσται
614 1323 634 1361 ὁ
658 1322 795 1372 χρόνος
817 1324 869 1366 ῶς
898 1322 1199 1372 ἀριθμούμενος,
1232 1321 1326 1360 ἀλλὰ
1359 1323 1476 1369 μόνον
1502 1323 1552 1366 ῶς

101 1383 288 1432 ἀριθμῶν.
335 1380 381 1419 οὖ
403 1382 523 1427 μόνον
545 1380 587 1418 δὲ
609 1383 686 1426 τῶν
707 1380 889 1427 κινήσεων
911 1381 1047 1429 μέτρον
1069 1380 1091 1417 ὁ
1115 1379 1262 1429 χρόνος,
1281 1379 1374 1417 ἀλλὰ
1399 1381 1463 1417 καὶ
1477 1383 1552 1417 τῶν

102 1439 285 1488 η’ρεμιῶν·
321 1439 386 1475 καὶ
419 1433 534 1475 αὗται
566 1437 637 1486 γὰρ
669 1435 743 1475 ὑπὸ
767 1436 904 1484 χρόνον
924 1438 1149 1485 μετροῦνται
1172 1437 1270 1483 πλὴν
1292 1437 1389 1474 κατὰ
1413 1439 1552 1485 συμβε-

99 1497 213 1544 βηκός
235 1497 301 1541 (cf.
318 1498 383 1532 221
405 1497 426 1529 b
445 1495 507 1540 7)·
540 1494 586 1531 οὕ
619 1494 691 1542 γὰρ
715 1494 816 1531 καθὸ
853 1494 1024 1542 η’ρεμίαι,
1057 1492 1150 1531 ἀλλὰ
1174 1493 1276 1531 καθὸ
1301 1495 1365 1532 καὶ
1397 1494 1551 1543 η’ρεμίαι

99 1553 164 1590 καὶ
187 1551 227 1588 ἐν
252 1553 323 1599 ῥοῇ
347 1552 416 1588 εἰσι
439 1552 600 1597 διηνεκεῖ
618 1551 804 1598 μηδέποτε
829 1551 889 1588 ἐπὶ
913 1553 982 1588 τοῦ
1007 1549 1130 1588 αὐτοῦ
1150 1550 1348 1597 ὶστάμεναι
1371 1550 1441 1598 (ῶς
1464 1564 1550 1588 συν-

100 1609 230 1647 ελόντα
253 1611 370 1645 εἰπεῖν
394 1609 463 1643 del.
487 1610 585 1654 mm).
639 1605 758 1650 ἄλλως
779 1622 840 1654 τε,
873 1610 910 1646 εἰ
930 1607 1049 1656 ἀρχὴν
1073 1608 1145 1654 ἔχει
1164 1609 1342 1656 χρονικὴν
1366 1608 1391 1655 ἠ
1415 1606 1552 1656 ἠρεμία

99 1666 162 1702 καὶ
184 1665 308 1710 τέλος,
341 1666 455 1710 δῆλον
483 1663 545 1702 ὅτι
567 1664 688 1714 χρόνῳ
712 1666 774 1702 καὶ
799 1664 895 1713 αὕτη
919 1669 1125 1713 μετρεῖται,
1159 1662 1252 1702 ὥστε
1277 1664 1478 1703 συνελόντα
1502 1666 1552 1702 εἰ·

99 1726 184 1760 πεῖν
206 1722 341 1769 μέτρον
365 1721 464 1758 ἐστὶν
488 1719 509 1758 ό
532 1721 665 1769 χρόνος
686 1723 755 1769 τῆς
778 1723 818 1760 έν
842 1722 982 1769 γενέσει
1007 1723 1110 1770 ῥοῆς,
1143 1720 1226 1769 ἥτις
1261 1722 1337 1759 ἐστὶ
1360 1721 1467 1769 κοινὴ
1492 1736 1551 1758 ut-

98 1779 240 1826 νήσεως
261 1779 326 1814 καὶ
351 1777 523 1825 ἧρεμίας.·
560 1781 761 1826 διαιρεῖται
791 1779 833 1816 δὲ
862 1779 883 1816 ὁ
915 1778 1049 1826 χρόνος
1084 1780 1137 1821 εἰς
1165 1778 1456 1826 παρεληλυθότα
1488 1778 1552 1814 καὶ

99 1833 299 1882 μέλλοντα,
331 1836 533 1881 διαιρεῖται
565 1835 606 1871 δὲ
633 1836 728 1871 κατὰ
765 1835 808 1871 τὸ
842 1837 920 1872 νῦν.
969 1837 1032 1872 καὶ
1064 1836 1141 1872 ἔστι
1174 1835 1218 1872 τὸ
1249 1837 1318 1872 νῦν
1341 1836 1459 1882 πέρας
1483 1834 1552 1881 μὲν

100 1894 172 1929 τοῦ
203 1891 462 1938 παρελθόντος
494 1888 588 1938 ἀρχὴ
623 1891 664 1928 δὲ
696 1893 765 1928 τοῦ
797 1891 994 1938 μέλλοντος
1027 1893 1095 1938 (cf.
1114 1893 1435 1937 222a10—12),
1473 1887 1551 1927 ἀλλ’

99 1948 190 1996 ὅπερ
204 1949 244 1985 έν
257 1950 408 1996 γραμμῇ
425 1949 466 1984 τὸ
485 1952 636 1993 σημεῖον
653 1949 716 1984 καὶ
734 1949 777 1985 τὸ
795 1950 934 1995 κίνημα
949 1949 988 1985 ἐν
1006 1948 1162 1994 κινήσει,
1182 1950 1294 1985 τοῦτο
1311 1948 1375 1984 καὶ
1387 1946 1470 1993 (τό)
1481 1948 1552 1983 νῦν

99 2006 140 2042 ἐν
170 2007 237 2054 τῷ·
254 2004 383 2052 χρόνῳ.
428 2003 498 2050 τήν
529 2003 570 2041 δὲ
601 2006 729 2051 χρείαν
757 2001 806 2051 ἣν
839 2003 859 2042 ὁ
894 2004 1028 2052 χρόνος
1049 2007 1102 2052 τῷ
1126 2006 1240 2041 παντὶ
1262 2004 1467 2052 παρέχεται
1489 2004 1551 2040 δί-

99 2075 209 2099 καιον
232 2059 279 2098 ἓν
302 2063 359 2107 εἴη
384 2063 606 2108 προσθεῖναι
628 2062 713 2108 περὶ
744 2061 882 2109 χρόνον
917 2061 1103 2107 λέγοντας.
1152 2060 1276 2108 φαμὲν
1301 2060 1348 2108 δὴ
1373 2060 1424 2102 ῶς
1437 2060 1470 2105 ἡ
1494 2059 1551 2105 γέ·

99 2131 199 2161 νεσις
222 2118 286 2154 διὰ
309 2118 376 2154 τὸν
394 2118 530 2165 χρόνον
554 2116 594 2154 ἐν
617 2117 720 2162 τάξει
745 2118 997 2166 διακέκριται,
1039 2118 1111 2161 ῶς,
1136 2119 1238 2165 εἴπερ
1261 2119 1311 2164 μή
1336 2112 1384 2164 ἤν
1408 2116 1551 2164 χρόνος,

100 2174 271 2222 σύγχυσις
295 2172 344 2211 ἂν
367 2169 414 2221 ἦν
437 2175 500 2210 καὶ
522 2176 598 2210 τῶν
621 2175 795 2220 γενέσεων
820 2175 884 2211 καὶ
912 2177 988 2212 τῶν
1010 2175 1185 2223 πράξεων
1214 2174 1266 2216 ῶς
1298 2172 1551 2219 συγκεχύσθαι

101 2235 182 2274 τοῖς
209 2231 272 2268 ἐπὶ
295 2232 370 2267 τῶν
400 2233 576 2278 Τρωϊκῶν
597 2231 647 2268 τὰ
670 2234 750 2268 νῦν.
801 2232 908 2274 Τινὲς
930 2231 997 2278 μὲν
1021 2227 1091 2269 οὖν
1114 2231 1182 2268 τὸν
1201 2230 1338 2279 χρόνον
1362 2229 1485 2277 ῶσπερ
1502 2229 1551 2275 δὴ

99 2289 164 2325 καὶ
187 2288 256 2325 τόν
277 2287 395 2324 τόπον
419 2285 466 2324 ου’
488 2290 540 2336 τῷ
562 2290 686 2335 ποσῷ,
711 2292 789 2331 τοῖς
823 2288 875 2327 δὲ,
897 2287 992 2336 πρός
1022 2304 1058 2325 τι
1089 2288 1295 2332 συνέταξαν
1326 2286 1391 2323 διὰ
1413 2284 1456 2322 τὸ
1483 2285 1551 2331 μὲν

100 2344 169 2382 τὸν
187 2343 323 2392 χρόνον
344 2344 478 2391 μέτρον
502 2343 598 2381 εἶναι
620 2345 810 2391 κινήσεως,
830 2345 900 2381 τὸν
923 2345 963 2382 δὲ
987 2345 1106 2381 τόπον
1128 2342 1360 2391 περιεκτικὸν
1380 2341 1553 2388 σώματος

100 2402 164 2437 καὶ
185 2401 301 2448 πέρας
323 2403 392 2437 τοῦ
416 2402 676 2449 περιέχοντος,
707 2401 747 2438 ἐν
783 2402 900 2448 σχέσει
924 2402 964 2438 δὲ
989 2401 1086 2438 εἶναι
1109 2403 1230 2437 ταῦτα
1255 2401 1318 2436 καὶ
1342 2399 1406 2435 διὰ
1430 2399 1551 2435 ταῦτα

99 2455 336 2549 ὖποκεῖσθέιέ
351 2460 430 2499 τοῖς
459 2457 554 2505 πρός
583 2471 630 2493 τι.
678 2457 801 2503 φαμὲν
826 2458 872 2504 δὴ
906 2456 957 2501 ῶς
970 2458 1012 2495 τὸ
1036 2459 1172 2505 μέτρον
1199 2459 1272 2493 εἴτε
1297 2452 1352 2491 ἐπ’
1379 2452 1550 2501 ἀριθμοῦ

99 2512 168 2550 τὸν
187 2514 272 2558 λόγο
288 2517 291 2520 ’
337 2514 446 2560 κδέξῃ
463 2515 535 2550 εἴτε
555 2513 615 2549 ἐπὶ
626 2514 808 2559 μεγέθους
825 2515 952 2551 διττόν
966 2514 1076 2558 ἐστιν,
1096 2511 1120 2560 ἢ
1136 2514 1205 2560 γὰρ
1230 2510 1322 2548 αὐτὸ
1346 2510 1436 2547 καθ’
1454 2509 1549 2547 αὐτὸ

99 2566 337 2618 θεωρεῖτᾶιῆ
354 2569 449 2606 κατὰ
470 2570 538 2616 τὴν
554 2570 648 2617 πρός
666 2571 708 2607 τό
730 2571 980 2619 μετρούμενον
998 2569 1212 2617 ἀναφοράν·
1228 2569 1292 2604 καὶ
1310 2566 1361 2610 ῶς
1378 2567 1445 2614 μὲν
1458 2565 1549 2604 καθ’

101 2625 215 2670 αὑτό,
229 2626 347 2663 ποσὸν
363 2628 427 2664 καὶ
445 2629 521 2663 τῶν
545 2628 673 2663 ποσῶν
689 2628 841 2664 πάντων
861 2625 969 2674 ἀρχή,
994 2625 1044 2668 ῶς
1063 2626 1103 2662 δὲ
1119 2625 1213 2673 πρὸς
1229 2623 1550 2672 τὸμετροόμενον,

100 2683 197 2732 πρός
214 2697 252 2720 τι
269 2680 316 2719 ἀν
338 2684 407 2729 εἴη.
445 2682 623 2725 ῶσαύτως
639 2684 679 2720 δὲ
697 2685 760 2721 καὶ
783 2685 826 2721 τό
855 2686 924 2730 τῆς
947 2682 1125 2729 κινήσεως
1146 2682 1280 2729 μέτρον
1298 2679 1318 2718 ὁ
1333 2679 1480 2728 χρόνος,
1498 2678 1549 2722 ῶς

101 2738 168 2785 μὲν
183 2736 274 2776 καθ’
294 2737 388 2777 αὑτὸ
410 2740 473 2776 καὶ
492 2741 679 2786 διάστημα
706 2741 802 2787 ἔχον,
820 2739 939 2777 ποσὸν
957 2737 1006 2775 ὂίν
1025 2740 1083 2784 εἴη
1103 2753 1149 2781 τι,
1175 2736 1224 2780 ῶς
1241 2738 1282 2775 δὲ
1299 2738 1392 2785 πρὸς
1408 2735 1478 2783 τὴν
1493 2738 1547 2773 κί-

101 2806 220 2842 νησιν,
238 2795 334 2844 πρός
351 2811 397 2841 τι,
421 2797 485 2833 καὶ
502 2796 614 2834 οὐδὲν
630 2795 773 2833 ἄτοπον
791 2795 872 2834 κατ’
891 2793 1006 2838 ἄλλας
1021 2796 1091 2832 καὶ
1105 2795 1219 2837 ἄλλας
1236 2794 1379 2837 ἐννοίας
1396 2795 1448 2836 εἰς
1466 2795 1547 2830 δια-

102 2852 247 2901 φόρους
261 2854 484 2902 κατηγορίας
500 2853 708 2900 ἀνάγεσθαι
722 2855 788 2901 (cf.
811 2856 850 2890 ll
870 2866 889 2889 a
909 2855 986 2898 27).
1033 2850 1209 2895 ῶσαύτως
1234 2851 1274 2889 δὲ
1298 2851 1361 2889 καὶ
1375 2851 1460 2898 περὶ
1479 2851 1548 2887 τοῦ
