1722 3126
209 216 236 253 6
529 215 588 249 De
624 213 867 248 codicibus
898 214 1085 258 graecis
1108 214 1309 259 organi..-

300 310 353 343 De
371 309 550 343 codicibus
559 310 744 351 Romanis,
761 312 795 342 et
814 308 858 343 iis
874 309 933 352 qui
950 309 986 343 in
1007 309 1094 344 bibl.
1112 310 1279 349 Vaticana
1290 313 1514 344 asservantur
1532 315 1567 345 et
1584 312 1628 345 iis

214 364 272 407 qui
299 364 335 398 in
356 365 547 409 AngeIicu,
577 365 719 408 scripsit
741 365 892 398 Brandis
916 365 1108 405 (Abhandl.
1124 366 1156 399 d.
1179 366 1278 400 Berl.
1298 367 1408 399 Akad.
1432 377 1502 399 von
1527 367 1627 400 1831.

213 419 415 463 Eiet-phil.
434 421 490 453 Kl.
512 432 546 463 p.
564 419 638 462 47).
685 420 755 462 Qui
778 431 886 462 quum
909 419 1034 453 dixerit
1048 431 1116 453 non
1138 422 1253 455 solum
1277 421 1320 454 de
1343 421 1629 464 omnibus,vquos

214 474 309 516 vidi,
333 475 396 507 sed
420 474 528 507 etiam
553 476 596 508 de
622 474 798 516 pluribus,
823 485 889 507 non
914 475 1032 507 habeo
1059 476 1152 518 quod
1176 475 1353 509 adiiciam.
1400 477 1547 510 Codices
1570 477 1630 519 qui

211 530 257 562 ad
281 529 449 573 Organon
473 529 648 572 pertinent
671 531 874 572 complexus
898 533 949 562 est
971 531 1036 562 sub
1062 531 1217 564 numeris
1242 531 1260 564 1
1276 531 1381 571 -79,
1403 531 1469 564 257
1494 536 1528 565 et
1549 531 1628 566 258.

302 585 392 617 Item
423 584 459 616 in
494 585 721 627 sequentibus
753 596 795 617 ne
827 584 977 617 Bandini
1016 587 1220 630 catalogum
1249 586 1337 619 bibl.
1369 586 1630 620 Laurentianue

210 639 453 672 exscriberem
477 639 521 671 de
545 640 646 672 codd.
672 640 853 673 Laurentt.
877 639 964 672 nihil
989 639 1106 674 dicere
1138 641 1236 675 volui
1262 642 1328 675 nisi
1353 653 1443 684 quae
1467 642 1629 675 addenda

76 666 435 770 svidcbantur.

300 748 512 782 Laui-ent.
547 748 620 789 72,
651 747 674 782 5
705 748 873 790 (Bandini
896 749 965 791 111,
999 760 1032 793 p.
1057 749 1132 794 30).
1189 751 1335 785 Scholia
1366 752 1492 784 eadem
1524 762 1630 784 manu

212 802 346 845 scripta
381 807 461 835 sunt
492 812 560 846 qua
588 807 714 836 textus.
766 803 982 837 Litterarum
1014 805 1153 838 formae
1181 805 1386 839 simillimae
1414 806 1500 838 Urb.
1524 805 1630 850 35⁹⁶).

210 858 290 891 Fol.
314 856 382 890 120
416 857 595 900 (49a27)
628 860 744 891 altera
778 870 904 893 manus
938 859 1060 902 incipit
1097 871 1209 902 caque
1233 861 1418 894 recentior.
1463 862 1540 894 Fol.
1565 861 1632 895 173

212 911 274 956 (69
293 913 315 944 b
333 912 372 955 4)
397 912 494 955 prior
516 924 642 946 manus
666 913 767 946 redit.
823 915 962 957 Topica
994 918 1029 947 et
1059 915 1163 957 soph.
1201 915 1342 948 elenchi
1373 925 1480 948 manu
1510 915 1633 959 scripti

211 967 319 1000 etiam
337 967 473 999 duabus
496 969 674 1010 prioribus
693 969 900 1000 recentiore.
939 969 1017 1003 Fol.
1036 968 1103 1002 213
1128 967 1350 1003 εὐσύνοπτον
1369 968 1554 1013 σύνταγμα
1571 983 1632 1013 φι-

209 1021 397 1064 λοσοφίας,
428 1023 523 1063 quod
556 1033 624 1055 non
650 1023 786 1055 editum
812 1022 951 1065 putavit
974 1023 1092 1057 Buhle
1115 1025 1276 1068 (Aristot.
1302 1025 1393 1069 opp.
1419 1027 1452 1066 1,
1476 1038 1510 1069 p.
1535 1025 1633 1068 159),

210 1076 344 1109 editum
375 1079 427 1108 est
461 1077 526 1108 sub
559 1076 700 1110 nomine
733 1077 898 1122 Gregorii
928 1080 1148 1123 Aneponymi
1181 1091 1245 1123 per
1275 1081 1507 1125 Voegelinum
1537 1081 1628 1125 Aug.

210 1131 347 1164 Vindel.
372 1130 473 1164 1600.
529 1132 628 1164 Idem
661 1132 752 1165 inest
781 1133 816 1166 in
849 1133 925 1165 cod.
950 1135 1062 1167 Marc.
1095 1133 1161 1167 591
1186 1138 1221 1168 et
1242 1134 1309 1168 231
1331 1136 1394 1169 fol.
1419 1135 1632 1177 217—234‚

210 1186 272 1220 ubi
301 1186 385 1220 licet
418 1186 615 1219 recentiore
647 1197 755 1219 manu
787 1191 903 1221 tamen
936 1193 1032 1222 recte
1055 1189 1277 1232 ‚inscriptum
1307 1195 1361 1224 est
1392 1191 1533 1224 nomine
1563 1192 1631 1225 τοῦ

210 1241 392 1283 θεολόγον
411 1243 637 1286 Γρηγορίου,
663 1253 768 1284 quem
791 1243 935 1276 Morelli
960 1243 1064 1286 (bibl.
1091 1245 1174 1286 ms.)
1201 1245 1414 1290 Gregorium
1436 1246 1632 1279 Nazianze-

211 1308 302 1330 num.
321 1307 397 1329 esse
424 1300 567 1337 monet,
591 1296 649 1338 qui
673 1297 709 1329 in
734 1298 810 1330 cod.
835 1298 948 1333 Paris.
974 1299 1066 1343 Reg.
1090 1299 1179 1332 2062
1202 1300 1265 1333 fol.
1293 1300 1358 1333 106
1382 1305 1504 1334 auctor
1527 1303 1633 1335 huius

213 1351 412 1395 compendii
436 1351 634 1384 exhibetur.
682 1353 736 1384 Ex
761 1353 884 1386 eodem
909 1353 1001 1386 libro
1025 1354 1258 1399 intelligimus
1289 1355 1379 1401 πρός
1401 1368 1485 1390 τινα
1510 1359 1632 1401 μαθη-

211 1405 279 1451 τὴν
302 1406 409 1440 istum
432 1406 594 1439 libellum
618 1417 640 1439 a
664 1406 841 1451 Gregorio
865 1408 1102 1451 conscriptum
1127 1421 1213 1443 esse.

301 1462 519 1494 Laui-ent.
543 1461 615 1503 72,
638 1461 671 1494 4.
716 1463 820 1496 Folia
852 1464 901 1497 ita
933 1464 1147 1507 transposita
1179 1468 1277 1506 sunt,
1308 1468 1347 1499 ut
1381 1465 1633 1500 difficillimum

211 1516 257 1550 sit
278 1517 439 1551 invenire
465 1517 556 1559 quod
581 1527 743 1559 quaeras.
789 1519 1032 1552 Atramentum
1064 1520 1249 1562 pallidum.
1297 1521 1449 1554 Inferior
1471 1532 1553 1564 pars
1576 1522 1634 1555 fo-

213 1573 341 1606 liorum
379 1576 453 1604 tam
484 1573 580 1605 male
612 1573 739 1606 affecta
774 1578 869 1615 erat,
904 1575 1112 1617 praesertim
1145 1576 1181 1608 in
1213 1580 1285 1619 top.
1311 1580 1345 1609 et
1368 1578 1470 1619 soph.
1497 1578 1560 1618 eL,
1594 1581 1634 1611 ut

211 1639 306 1662 nova
329 1628 455 1660 charta
476 1627 703 1671 *agglutinata
727 1639 818 1661 nunc
840 1628 976 1662 refecta
1001 1630 1142 1672 quidem
1166 1630 1229 1672 sit,
1253 1631 1314 1664 sed
1338 1632 1485 1665 extremi
1509 1643 1634 1666 versus

211 1683 280 1717 ista
304 1684 430 1716 charta
453 1683 538 1715 tecti
563 1683 637 1727 legi
660 1684 800 1717 omnino
824 1689 1007 1727 nequeant.

299 1738 507 1771 Laurent.
531 1737 604 1780 72,
629 1738 662 1771 3.
710 1739 750 1772 ln
773 1739 845 1772 fine
869 1739 942 1772 alia
964 1749 1073 1772 manu
1093 1739 1234 1774 litterae
1257 1742 1355 1774 Ατπτ
1382 1741 1420 1784 (γ
1442 1741 1534 1775 forte
1557 1742 1631 1787 leg.

210 1804 276 1837 pro
300 1795 413 1826 altero
436 1793 474 1835 τ)
508 1794 709 1836 adscriptae
741 1798 842 1836 sunt,
876 1805 964 1837 quas
997 1805 1126 1828 annum
1157 1794 1246 1829 1383
1279 1796 1446 1830 denotare
1482 1801 1633 1840 putave-

211 1849 299 1890 rim,
329 1859 396 1891 quo
427 1848 504 1881 cod.
536 1850 687 1892 scriptus
719 1849 784 1891 sit,
819 1854 914 1883 certe
943 1861 1012 1883 non
1046 1850 1113 1883 erit
1135 1850 1269 1884 saeculi
1294 1852 1374 1892 ΧΠ,
1410 1852 1503 1894 quod
1535 1856 1634 1896 putat

212 1903 376 1936 Bandini.

237 2072 277 2116 ²²)
300 2072 419 2104 Liceat
443 2070 500 2102 hic
529 2071 677 2103 adiicere
700 2083 787 2114 quae
816 2073 1006 2116 scripturae
1034 2074 1212 2115 codicum,
1253 2074 1312 2116 qui
1337 2074 1449 2106 IX—
1465 2075 1517 2106 XI
1543 2086 1632 2109 saec.

302 2116 433 2158 exarati
454 2122 551 2157 sunt,
577 2117 718 2158 propria
738 2129 811 2148 esse
832 2117 1100 2150 observavimus.
1148 2120 1183 2149 Iu
1215 2119 1266 2150 his
1299 2119 1388 2150 enim
1413 2119 1515 2150 scribi
1544 2120 1633 2152 solet

302 2157 434 2202 αὕτως,
459 2171 536 2191 raro
558 2157 688 2200 αὕτως,
708 2162 798 2202 quod
817 2173 884 2193 non
903 2163 1016 2193 inveni
1039 2163 1101 2194 nisi
1123 2163 1350 2205 praecedente
1375 2160 1424 2201 αἱς
1443 2160 1490 2203 δ’;
1513 2159 1566 2197 ὅτ’
1585 2161 1632 2197 ἄν

302 2217 365 2248 pro
386 2202 493 2241 ’ὄταν;
519 2205 681 2236 scribitur
700 2203 796 2238 οὕτω
814 2213 893 2238 ante
908 2207 1062 2238 vocalem
1078 2218 1153 2239 cum
1171 2208 1376 2249 aspiratione
1393 2208 1464 2239 sive
1482 2208 1551 2240 leni
1562 2209 1632 2240 sive

301 2261 424 2292 aspera
442 2256 476 2280 et
491 2257 568 2280 ante
588 2260 705 2281 vocem
725 2262 812 2293 quae
840 2252 964 2293 incipit
988 2263 1048 2293 per
1065 2252 1212 2284 litteram
1228 2252 1439 2292 sibilantem,
1475 2253 1545 2284 iota
1564 2264 1631 2284 nou

301 2294 547 2333 subscribitur,
573 2294 632 2324 sed
656 2295 872 2328 adscribitur.
918 2297 1110 2328 particulae
1126 2308 1212 2339 quae
1225 2296 1314 2328 binis
1329 2297 1454 2328 litteris
1474 2303 1632 2328 constant

302 2346 340 2371 ut
359 2337 417 2380 ἐξ,
455 2336 510 2371 ἐπ’
527 2338 574 2369 ita
602 2338 802 2371 dividuntur
821 2346 858 2371 ut
886 2339 992 2371 altera
1016 2342 1132 2373 littera
1154 2341 1186 2372 in
1208 2341 1321 2384 priore
1347 2351 1446 2372 versu
1465 2340 1634 2372 habeatur

300 2383 409 2416 altera
428 2382 462 2414 in
484 2390 657 2426 sequente.
717 2386 893 2415 Praeterea
921 2385 964 2415 de
986 2386 1065 2418 cod.
1088 2387 1118 2417 A
1138 2384 1241 2427 (Urb.
1265 2385 1326 2424 35)
1342 2385 1539 2425 &standum
1566 2391 1630 2425 est,

302 2427 396 2471 quod
424 2438 513 2459 saec.
539 2427 606 2459 XV
630 2427 684 2459 vel
702 2429 786 2460 XVI
806 2429 913 2460 multa
940 2429 973 2459 in
1002 2441 1041 2461 eo
1076 2435 1229 2461 correcta
1253 2436 1342 2460 sunt.
1374 2429 1479 2461 ‘Prae
1509 2429 1631 2461 ceteris

301 2484 323 2505 v
340 2470 595 2514 ἐφελκυστικόν
615 2473 746 2515 saepius
766 2473 913 2504 deletum
931 2481 1000 2516 est,
1037 2479 1194 2505 accentus
1208 2499 1218 2515 ‚
1246 2473 1447 2517 apostrophi
1467 2481 1502 2505 et
1522 2474 1629 2515 spiri-

300 2523 355 2548 tns
374 2517 528 2559 plerique
544 2517 668 2548 adiecti
688 2525 767 2549 sunt
787 2529 886 2549 manu
903 2519 1107 2550 recentiore.
1140 2519 1176 2550 ln
1197 2519 1315 2550 eodem
1338 2519 1415 2550 cod.
1434 2518 1526 2549 modi
1548 2529 1631 2549 ver-

301 2560 424 2592 borum
443 2573 544 2604 saepe
563 2562 611 2593 ita
629 2562 761 2594 confusi
777 2569 877 2604 sunt,
912 2570 949 2594 ut
969 2575 1066 2595 error
1094 2563 1290 2594 manifestus
1311 2563 1374 2603 sit,
1411 2562 1483 2596 αἰεὶ
1518 2568 1552 2593 et
1571 2559 1629 2596 οἷεὶ

299 2605 370 2636 sine
393 2606 587 2637 discrimine
606 2614 799 2649 ponuntur,
832 2618 963 2648 semper
991 2608 1152 2646 scribitur
1177 2604 1332 2650 ἀνδρία,
1366 2618 1435 2639 non
1463 2605 1628 2651 ἀνδρεία,

301 2661 322 2682 ν
340 2646 597 2691 ἐφελκυστικόν
618 2651 788 2683 omittitur
807 2651 841 2683 in
861 2652 927 2683 fine
945 2652 1099 2696 periodi,
1125 2650 1189 2683 nisi
1208 2662 1293 2685 nova
1310 2652 1474 2695 periodus
1491 2651 1627 2683 initium

302 2693 404 2725 sumit
425 2706 445 2726 a
469 2695 593 2727 vocali.
662 2695 790 2728 Ultima
826 2695 943 2728 decem
975 2697 1058 2730 folia
1089 2695 1221 2729 codicis
1247 2706 1426 2741 perperam
1458 2695 1628 2739 disposita

305 2744 395 2769 sunt.
1496 2751 1498 2753 ¹
