1884 3100
638 193 986 230 ΠΡΟΤΕΡΩΝ
1013 195 1052 228 Α.
1487 193 1566 234 201

117 295 199 356 μὲν
238 290 377 354 ἀρχὰς
416 290 496 350 τὰς
537 292 636 353 περὶ
679 293 862 339 ἕκαστον
894 292 1114 353 ἐμπειρίας
1138 291 1236 339 ἐστὶ
1266 295 1565 352 παραδοῦναι.

117 363 229 423 λέγω
251 359 292 407 δ’
313 357 410 407 οἷον
427 358 510 423 τὴν
530 358 850 422 ἀστρολογικὴν
869 361 948 420 μὲν
969 360 1190 421 ἐμπειρίαν
1211 363 1291 422 τῆς
1303 358 1565 422 υἷστρολογι-

117 434 204 491 ιιῆς
214 427 451 491 ἐπιστήμης
461 445 471 455 ·
490 427 757 490 ληφθέντων
767 425 851 489 γὰρ
864 428 1028 485 ἱκανοῖς
1037 432 1123 474 τῶν
1135 428 1412 489 φαινομένων
1422 425 1566 485 οὕτως
1578 447 1615 475 m

118 495 372 558 εὑρέθησαν
405 496 450 541 αὶ
485 493 793 557 ιῖστρολογικαὶ
818 493 1074 552 ἀποδείξεις.
1115 493 1284 556 ὁμοίως
1303 496 1351 542 δὲ
1371 496 1446 542 καὶ
1466 496 1566 555 περὶ

118 562 260 626 ἄλλην
270 562 519 609 ὁποιανοῦν
529 563 610 621 ἔχει
621 563 777 624 τέχνην
787 580 831 608 τε
843 563 914 607 καὶ
927 562 1179 625 ἐπιστήμην.
1213 560 1323 610 ὥστε
1339 559 1369 608 ἃ
1373 581 1395 608 ν
1403 567 1566 627 ληφθῇ

117 629 172 678 τιῗι
200 628 456 690 ὑπάρχοντα
488 630 585 688 περὶ
612 630 820 687 ἕκαστον,
855 627 1069 691 ἡμέτερον
1100 629 1188 713 ἤδη
1215 629 1295 688 τὰς
1325 628 1567 689 ἀποδείξεις

116 697 300 758 ἑτοίμως
318 697 582 757 ἐμφανίζειν.
629 698 668 743 εἰ
701 715 787 758 γαρ
809 699 946 760 μηδεν
966 695 1077 744 κατὰ
1099 695 1182 760 τὴν
1205 699 1402 757 ιστοριάν
1418 714 1566 759 παρα-

114 765 320 827 λειφθείη
341 768 432 811 τοῖν
454 763 639 833 άληθῶς
660 762 948 825 ὑπαρχόντων
976 770 1070 822 τοῖς
1096 765 1370 826 πράγμασιν,
1416 765 1565 826 ἕξομεν
1579 785 1615 813 25

113 834 212 891 περὶ
234 829 432 913 ὲῗῖπαντοςῗ
445 834 504 879 οὐ
521 850 599 892 μεν
618 833 732 879 ἔστιν
750 831 990 889 ἀπόδειξις,
1007 830 1176 895 ταύτην
1193 851 1246 879 ευ
1249 851 1339 892 οειν
1350 852 1424 879 και
1444 831 1563 880 α’πο-

114 898 353 955 δεικνύναι,
374 899 433 945 οὐ
446 900 493 945 δε
511 897 572 961 μὴ
586 900 782 958 πέφυκεν
795 898 1027 958 ἀπόδειξις,
1048 904 1187 947 τοῦτο
1199 906 1342 947 ποιεῖν
1351 901 1562 961 φανερόν.

250 966 478 1013 Καθόλου
510 967 588 1026 μὲν
621 959 721 1023 οὖν,
755 964 809 1013 ὃν
829 970 898 1014 δεῖ
911 967 1077 1026 τρόπον
1094 967 1174 1025 τὰς
1191 967 1423 1026 προτάσεις
1443 968 1563 1015 ἔκλε’-

113 1051 227 1094 γειν,
263 1034 428 1095 ειρηται
451 1031 629 1093 σχεδόν·
673 1032 731 1080 δι’
758 1033 983 1093 ακριβείας
1012 1036 1060 1082 δὲ
1089 1035 1416 1098 διεληλύθαμεν
1446 1035 1492 1082 ἐν
1509 1039 1565 1097 τῇ

111 1101 384 1164 πραγματείᾳ
404 1104 458 1160 τῇ
475 1101 573 1159 περὶ
593 1119 678 1162 την
700 1100 989 1164 διαλεκτικήν.
1578 1122 1615 1151 ao

237 1165 346 1213 “On
380 1165 420 1213 δ’
455 1165 483 1229 ἡ
519 1164 592 1213 διὰ
626 1172 718 1214 τῶν
750 1173 891 1230 γενοῖν
924 1168 1136 1227 διαίρεσις
1161 1166 1321 1227 μικρόν
1339 1178 1381 1214 τι
1400 1167 1563 1228 μόριόν
1581 1173 1644 1216 31

113 1232 202 1280 ἐστι
221 1238 301 1296 τῆς
310 1234 539 1296 εἰρημένης
548 1235 767 1294 μεθόδου,
794 1234 951 1299 ῥᾴδιον
971 1236 1099 1282 ἰδεῖν·
1128 1234 1217 1280 ἔστι
1238 1233 1323 1295 γὰρ
1344 1233 1373 1297 ἡ
1395 1238 1563 1294 διαίρε·

112 1312 184 1358 σις
217 1299 323 1348 οἷον·
346 1299 545 1363 ἀσθενὴς
572 1302 893 1364 συλλογισμός’
930 1299 956 1348 ὃ
990 1304 1071 1362 μὲν
1103 1299 1188 1362 γὰρ
1223 1305 1293 1348 δεῖ
1321 1300 1458 1358 δεῖξαι
1492 1303 1557 1349 αἰ-

112 1373 267 1426 τεῖται,
297 1370 599 1429 συλλογίζεται
637 1368 676 1416 δ’
708 1368 777 1415 αεί
802 1387 844 1415 τι
862 1373 952 1415 τοῖν
970 1368 1155 1415 ἄνωθεν.
1191 1373 1367 1430 πρῶτον
1385 1368 1425 1416 δ’
1449 1367 1564 1417 αυτό

113 1439 249 1482 τοῦτο
278 1434 476 1498 ἐλελήθει
508 1433 619 1493 τούς
649 1436 903 1497 χρωμένους
932 1435 1048 1497 αὐτῇ
1080 1434 1273 1492 πάντας,
1296 1437 1370 1482 καὶ
1391 1438 1564 1484 πείθειν
1578 1459 1614 1487 ³⁵

115 1501 416 1564 έπεχείρουν“
384 1522 445 1560 ως
465 1500 592 1560 ὄντος
614 1506 812 1551 δυνατοῦ
823 1505 920 1561 περι
934 1503 1096 1560 ου’σιάς
1115 1500 1339 1559 ἀπόδειξιν
1359 1506 1565 1565 γίνεσθαι

113 1570 188 1616 καὶ
218 1574 306 1617 τοῦ
341 1571 384 1616 τί
420 1570 547 1617 ἐστιν.
598 1568 698 1617 ωστ’
735 1570 840 1618 οὔτε
871 1590 938 1618 οτι
967 1571 1179 1632 ἐπιδέχεται
1207 1573 1566 1632 συλλογίσασθαι

114 1638 458 1698 διαιρουμένους
477 1636 696 1695 ξυνίεσαν,
713 1637 816 1686 οὔτε
844 1635 913 1685 ὅτι
932 1657 1080 1699 ουτως
1097 1638 1311 1700 ἐνεδέχετο
1330 1636 1478 1699 ωσπερ
1499 1641 1564 1697 εἰ-

114 1703 322 1767 ρήκαμεν.
361 1706 407 1752 ἐν
431 1723 509 1764 μεν
541 1697 627 1751 οὖν
653 1712 748 1764 ταῖς
774 1703 1120 1762 ἅποδείξεσιν,”
1091 1725 1199 1752 οταν
1233 1709 1321 1767 δέῃ
1330 1726 1382 1753 τι
1395 1711 1585 1754 συλλο-

113 1773 334 1834 γίσασθαι
353 1770 584 1853 ὑπάρχειν,
615 1775 682 1819 δεῖ
708 1770 761 1819 τὸ
792 1774 951 1833 μέσον,
981 1772 1052 1819 δι’
1051 1790 1124 1818 ου
1156 1773 1318 1833 γίνεται
1342 1772 1368 1820 6
1392 1768 1614 1822 συλλο-40

114 1838 284 1901 γισμός,
310 1840 384 1885 καὶ
418 1832 548 1901 ἧττον
577 1837 642 1886 αεὶ
680 1836 789 1886 εἶναι
818 1841 892 1885 καὶ
924 1838 988 1902 μὴ
1015 1837 1235 1886 καθόλου
1261 1844 1348 1887 τοῦ
1382 1841 1605 1901 πρώτουιι

114 1910 204 1952 τῶν
226 1904 395 1964 ἄκρων·
418 1904 448 1968 ἡ
473 1907 521 1952 δε
539 1907 748 1966 διαίρεσις
765 1905 1029 1954 τουναντίον
1049 1905 1136 1966 βοι’
1126 1911 1278 1953 ν’λεται
1299 1905 1352 1954 τὸ
1371 1927 1456 1969 γαρ
1480 1923 1565 1957 xa*

114 1972 267 2020 θόλου
299 1972 508 2032 λαμβάνει
538 1974 687 2033 μέσον.
743 1974 852 2020 ἔστω
879 1972 967 2035 γάρ
1005 1977 1118 2041 ζῷον
1149 1973 1219 2034 ἐφ’
1249 1968 1311 2021 οὗ
1341 1974 1480 2031 Α,τὸ
1515 1977 1565 2023 δε

114 2038 302 2122 θνητὸντ
312 2038 382 2098 ἐφ’
410 2033 469 2087 οὗ
500 2043 551 2096 Β,
583 2042 659 2087 καὶ
690 2040 918 2087 ἀθάνατον
948 2039 1040 2109 ἐφ’-
1051 2042 1110 2087 ού
1144 2045 1206 2098 Γ,
1246 2040 1272 2089 6
1304 2041 1344 2088 δ’
1378 2041 1562 2102 ανθρω-

114 2123 229 2165 πος,
242 2100 302 2154 οὗ
330 2105 408 2154 τὸν
431 2105 565 2168 λόγον
596 2112 664 2155 δεῖ
680 2113 848 2168 λαβεῖν,
881 2107 950 2170 ἐφ’
981 2101 1040 2155 οὗ
1062 2106 1113 2154 τὸ
1133 2114 1189 2155 Λ.
1224 2107 1342 2156 ἅπαν
1346 2109 1423 2194 1Ἆδὴ
1448 2114 1596 2194 ζῷονε

114 2174 324 2234 λαμβάνει
353 2172 384 2237 ἢ
413 2173 586 2235 θνητὸν
616 2195 644 2238 η
678 2175 927 2223 ἀθάνατον·
956 2194 1092 2223 τουτο
1119 2175 1158 2223 δ’
1178 2175 1343 2231 ἐστίν,
1328 2176 1355 2223 ο“
1377 2196 1432 2224 αν
1449 2171 1480 2237 ᾖ
1506 2182 1559 2236 Α,

117 2238 235 2287 ἅπαν
263 2247 371 2287 εἰναι
386 2260 416 2303 η
442 2238 531 2287 B'*
502 2261 530 2304 η
552 2245 603 2287 Γ.
636 2243 770 2290 πάλιν
799 2242 881 2290 τὸν
902 2242 1146 2303 ανθρωπον
1168 2242 1235 2290 αεὶ
1254 2245 1566 2329 διαιρούμενος

115 2309 283 2355 τίθεται
314 2312 428 2375 ζῷον
457 2305 588 2367 εἶναι,
621 2307 732 2357 ωστε
750 2309 861 2358 κατὰ
883 2315 969 2359 τοῦ
992 2316 1035 2358 Δ
1055 2309 1107 2358 τὸ
1132 2316 1170 2358 Α
1189 2311 1398 2372 λαμβάνει
1416 2310 1565 2374 ὑπάρ-

208 2511 251 2545 18
277 2509 328 2546 ἔκ.
355 2509 403 2546 δι’
432 2509 514 2554 ἐμπ.
535 2513 569 2545 d.
598 2531 636 2537 -
673 2511 1023 2569 19ιίστρονομιιιὴνη
1027 2515 1089 2548 Cd.
1114 2533 1156 2540 —
1189 2527 1257 2558 μεν
1275 2528 1330 2549 om
1353 2517 1415 2550 Cd.
1439 2534 1485 2543 —
1514 2519 1565 2565 τῇ

116 2551 360 2602 οἶστρολογιιιῇ
386 2555 567 2603 ἐπιστήμῃ
599 2559 675 2601 Ad,
710 2572 750 2602 pr
783 2561 822 2593 C.
853 2579 889 2585 -
920 2562 964 2593 22
992 2571 1066 2593 ωστ
1108 2557 1174 2593 ἐὰν
1201 2561 1312 2602 dfnm.
1336 2581 1386 2588 —
1422 2564 1564 2599 25aeoe-

117 2603 296 2647 ραληφθῇ
317 2615 357 2645 pr
377 2603 419 2645 d,
448 2606 717 2647 παραληφθείη
740 2617 780 2647 pr
794 2617 829 2638 ιι.
846 2623 891 2631 -
916 2606 960 2638 96
979 2603 1120 2645 παντὸς
1137 2617 1171 2638 ιι.
1180 2624 1225 2631 -
1246 2608 1291 2639 28
1300 2620 1368 2650 μεν
1382 2620 1437 2640 om
1457 2609 1493 2642 d.
1514 2628 1563 2635 —

117 2647 162 2681 29
178 2638 410 2703 ἐληλύθαμεν
435 2661 478 2693 pr
496 2649 530 2682 d.
556 2668 600 2674 —
623 2651 667 2683 30
683 2649 853 2693 θυήεντ’
855 2663 878 2684 ν
901 2651 940 2683 A.
967 2670 1011 2675 —-
1036 2651 1079 2683 36
1097 2658 1178 2683 ante
1196 2664 1247 2691 ως
1262 2621 1327 2685 Ιίῑμ
1324 2653 1427 2686 trium
1447 2654 1562 2689 littB.

118 2710 163 2717 —
178 2692 352 2734 γενέσθαι
367 2706 403 2726 ιι.
425 2713 469 2719 —-
495 2691 582 2728 37‘'
558 2707 577 2728 ο
600 2708 637 2729 τι
656 2696 798 2729 codices.
817 2713 862 2721 -
883 2693 1103 2737 ἐνδέχεσθαι
1121 2696 1156 2728 d.
1183 2715 1224 2722 —
1249 2698 1295 2732 38
1310 2696 1564 2745 διαιρούμενοι

119 2737 356 2780 ABcdsu.—
380 2739 552 2774 συνίεσαν
575 2740 611 2773 C.
636 2760 681 2766 —
704 2742 747 2775 39
769 2739 898 2780 δέηται
917 2741 1072 2782 ABCdu,
1095 2753 1142 2797 pr
1154 2753 1199 2775 m.

207 2781 300 2818 46b3
319 2779 474 2830 ἐφ’]μὲν
492 2781 551 2831 ἐφ’
562 2787 657 2829 snm.
681 2806 723 2813 —
749 2787 771 2821 5
786 2784 853 2821 τὸν
870 2797 962 2831 οςον
977 2798 1011 2821 ιι.
1038 2806 1077 2812 -
1103 2785 1147 2823 τὸ
1163 2799 1220 2822 om
1237 2799 1273 2823 ιι.
1293 2806 1339 2817 ·-
1355 2786 1447 2826 70222
1461 2802 1563 2826 omn.
