1748 3106
173 210 238 243 111
730 206 1074 241 PRAEFATIO.

172 323 259 351 non
294 322 529 366 negamus,
572 314 718 350 tamen
756 308 845 349 eius
875 307 1057 360 librum,
1103 322 1236 364 quum
1270 307 1444 365 singula
1480 306 1636 363 expla-

171 400 275 427 nare
303 385 611 436 laboraremus,
647 399 734 426 non
757 383 942 426 multum
966 384 1091 426 nobis
1113 384 1334 441 profuisse
1357 385 1548 442 ingenue
1567 383 1636 425 fa-

170 466 323 504 temur.
390 461 477 514 Qui
499 461 783 503 Aristotelem
816 460 1009 502 nondum
1040 461 1266 519 attigerint
1291 461 1481 517 aliquem
1517 465 1636 501 certe

169 538 359 580 fructum
391 553 442 580 ex
469 552 520 580 eo
556 537 745 594 capient,
779 538 975 593 quamvis
1007 539 1185 580 minime
1214 538 1452 579 satisfaciet
1483 537 1533 578 iis
1562 536 1637 592 qui

169 629 256 656 non
290 614 410 671 quod
441 614 517 656 ille
547 614 743 656 docuerit
774 614 956 660 discere.
1001 615 1076 656 sed
1108 615 1334 673 ingenium
1365 621 1408 656 et
1440 613 1636 656 indolem

169 692 325 733 summi
361 691 438 732 viri
468 691 719 742 aestimare,
769 692 932 747 quique
961 706 1109 733 verum
1141 691 1426 733 Aristotelem
1463 704 1634 748 cogno—

170 782 290 810 scere
331 767 488 809 velint:
531 782 631 809 nam
674 768 846 810 Biesius
880 768 1159 810 Aristotelem
1190 783 1277 810 non
1309 769 1416 810 fecit
1446 767 1635 809 Germa-

169 845 326 897 nicum,
360 844 448 885 imo
471 844 781 902 Hegelianum‚
805 845 924 900 quod
950 846 1105 887 merito
1128 845 1415 902 reprehendit
1433 843 1636 885 C.Kfihn

168 919 262 978 (De
300 921 489 963 notionis
526 921 782 964 definitione
822 922 998 978 qualem
1032 922 1166 963 Arist.
1205 921 1487 963 constituerit.
1535 920 1634 962 Ha-

170 998 236 1039 lis.
276 997 415 1042 1844.
463 995 702 1055 praefat),
749 999 823 1054 qui
856 1013 971 1039 novo
1005 999 1320 1040 commentario
1352 998 1497 1056 logica
1528 997 1635 1039 Ari-

167 1075 334 1116 stotelis
359 1075 521 1132 scripta
547 1091 592 1117 se
614 1075 757 1132 ipsum
787 1075 1103 1116 illustratorum
1131 1089 1226 1117 esse
1255 1075 1470 1132 promisit.
1538 1073 1635 1115 Ge—

167 1165 245 1193 nus
278 1151 454 1193 dicendi
485 1166 573 1207 quo
593 1151 763 1193 Biesius
796 1152 929 1193 utitur
960 1158 1077 1193 certe
1106 1152 1196 1193 tale
1225 1158 1304 1204 est,
1340 1157 1388 1193 ut
1415 1151 1635 1193 Aristote-

166 1228 232 1270 les
274 1228 452 1284 antiqua
490 1235 611 1270 veste
641 1228 844 1286 deposita
874 1228 930 1270 ad
963 1228 1090 1270 huius
1122 1229 1276 1270 aetatis
1309 1242 1477 1270 morem
1510 1241 1635 1269 com-

165 1305 335 1363 positus
364 1306 427 1347 sui
460 1305 557 1362 ipse
578 1305 649 1347 vix
680 1305 829 1347 similis
860 1306 926 1347 sit.
995 1305 1184 1347 Accedit
1209 1306 1329 1362 quod
1349 1320 1437 1347 non
1460 1318 1635 1361 semper

164 1381 306 1422 verbis
339 1382 473 1423 utitur
503 1382 711 1437 cuiusque
748 1382 811 1423 rei
846 1382 1032 1423 maxime
1064 1382 1280 1438 propriis:
1323 1396 1362 1423 v.
1402 1396 1438 1422 c.
1468 1381 1542 1423 ubi
1575 1380 1634 1422 de

166 1457 433 1500 deductione
467 1457 525 1499 ad
551 1457 787 1499 absurdum
818 1457 932 1514 agit,
976 1457 1023 1499 id
1055 1457 1177 1513 quod
1209 1472 1291 1514 per
1326 1457 1634 1515 syllogismum

165 1535 310 1592 ipsum
348 1534 561 1592 probatur
591 1534 794 1592 appellat
827 1533 943 1586 „den
971 1531 1332 1591 Widerspruch''‚
1377 1534 1496 1591 quod
1533 1534 1634 1590 qui-

166 1611 269 1653 dem
302 1611 565 1653 vocabulum
595 1625 684 1653 non
713 1611 795 1653 nisi
826 1610 880 1652 de
911 1625 963 1652 eo
991 1611 1240 1669 intelligere
1278 1611 1471 1653 solemus
1514 1611 1634 1668 quod

166 1688 507 1746 repugnantiam
530 1688 574 1729 in
595 1703 641 1730 se
661 1687 820 1730 habet:
856 1687 1093 1729 dicendum
1125 1694 1217 1729 erat
1247 1689 1380 1746 igitur
1411 1688 1520 1740 „das
1542 1688 1635 1730 Ge·-

164 1762 393 1823 gentheil''
424 1765 498 1806 vel
532 1765 665 1806 etiam
701 1764 941 1821 simplicius
972 1779 1070 1806 cum
1100 1764 1342 1806 Aristotele
1382 1765 1491 1817 „das
1525 1765 1634 1806 Fal-

165 1840 296 1884 sche’'
330 1836 405 1899 (τὸ
424 1840 603 1893 ψεῦδος,
639 1855 678 1882 v.
701 1840 832 1883 Biese
851 1840 885 1882 I.
912 1856 956 1898 p.
982 1842 1074 1885 155
1104 1838 1237 1898 init.)
1306 1841 1480 1883 Deinde
1511 1842 1556 1883 in
1581 1841 1634 1883 iis

164 1933 277 1975 quae
319 1918 560 1975 disputavit
605 1917 660 1960 de
702 1918 971 1976 syllogismis
1010 1918 1273 1975 plerumque
1307 1933 1406 1959 usus
1444 1932 1534 1960 non
1571 1923 1636 1959 est

163 1995 407 2037 litterarum
449 1995 587 2047 notis,
634 1995 751 2037 unde
793 1996 958 2037 factum
1000 2001 1089 2047 est,
1133 2001 1181 2036 ut
1222 1994 1342 2050 quod
1371 1994 1634 2037 Aristoteles

164 2073 281 2114 clare
304 2072 565 2128 expresserit
601 2071 825 2113 difficilius
857 2072 911 2113 sit
946 2078 989 2112 et
1022 2071 1245 2113 obscurius
1279 2072 1399 2128 apud
1424 2072 1633 2114 Biesium.

164 2149 365 2204 Denique
397 2163 519 2190 usum
552 2147 653 2188 libri
683 2147 872 2204 impedit
905 2148 1036 2190 etiam
1070 2147 1173 2200 hoc,
1207 2147 1340 2203 quod,
1375 2163 1508 2204 quum
1533 2149 1635 2191 Ari—-

165 2226 334 2269 stotelis
364 2225 499 2268 verba
532 2224 786 2277 afferuntur,
822 2225 936 2267 libro
959 2224 1140 2280 quidem
1169 2224 1288 2266 unde
1322 2231 1463 2267 sumta
1485 2225 1571 2267 sint
1593 2231 1636 2268 et

165 2303 312 2360 capite
333 2302 560 2359 adscripto
583 2301 777 2359 paginae
799 2307 843 2343 et
859 2317 1061 2344 versuum
1086 2303 1254 2344 numeri
1284 2302 1486 2344 editionis
1507 2302 1634 2345 Bek-

163 2379 370 2422 kerianae
408 2379 551 2421 omitti
580 2379 737 2421 solent.
773 2404 836 2410 -—
916 2378 1140 2421 Zellius
1174 2379 1217 2420 in
1248 2380 1448 2421 versione
1485 2394 1560 2421 sua
1578 2377 1633 2436 *)

166 2456 267 2498 Iulii
300 2456 422 2498 Pacii
449 2456 635 2514 vestigia
665 2455 839 2513 premit.
920 2455 1231 2513 Quodcunque
1264 2455 1445 2499 dubium
1478 2462 1545 2498 est
1573 2457 1636 2499 ita

207 2615 246 2658 ²³)
272 2614 395 2648 Novae
419 2616 589 2649 versionis
605 2616 917 2661 Franco-gallicae
941 2617 983 2659 (1.
1004 2617 1045 2649 Β.
1066 2617 1276 2656 81ς.Ηί1ειίι·θ,
1302 2618 1337 2650 la
1360 2617 1502 2660 logique
1520 2616 1634 2649 d'Ari-

274 2674 363 2703 stote
393 2671 542 2704 traduite
573 2684 616 2705 en
647 2673 802 2717 francais
833 2683 921 2716 pour
951 2673 987 2704 la
1017 2672 1190 2715 premiere
1213 2672 1280 2705 fois
1313 2676 1347 2705 et
1371 2674 1633 2716 accompagnee

274 2726 317 2758 de
341 2729 439 2758 notes
462 2729 708 2770 perpetuelles.
749 2729 852 2762 Tom.
879 2728 906 2761 Ι.
938 2727 1047 2760 Paris.
1081 2725 1186 2770 1844)
1218 2727 1320 2771 copia
1352 2727 1453 2760 nobis
1481 2728 1634 2760 nondum

271 2780 367 2814 facta
390 2785 451 2814 est.
