1774 3106
572 165 837 212 Analytica
869 165 1036 211 priora.
1490 165 1572 205 445

111 270 203 307 ante
229 264 319 307 ἰ’δια
353 277 445 306 cum
473 265 658 316 Boethio,
700 265 807 318 quod
844 264 910 305 vix
943 265 1102 304 videtur
1137 263 1282 304 deesse
1318 275 1454 316 posse,
1492 264 1571 305 nisi

111 332 199 383 quis
226 331 378 371 scribat
405 327 505 384 ἰδίᾳ.

58 396 213 434 43Ι)11
243 395 395 435 Deinde
423 408 502 434 non
529 407 577 433 ea
605 392 880 446 investiganda
908 398 1002 433 sunt
1030 405 1133 444 qnae
1161 404 1238 432 non
1267 391 1345 431 nisi
1372 391 1424 431 de
1452 396 1570 442 parte

110 459 278 499 alicuius
316 460 377 499 rei
414 459 708 512 praedicantur,
747 457 799 496 de
827 470 902 508 qua
930 457 1078 509 aliquid
1106 457 1356 511 probandum
1381 461 1458 506 est,
1497 457 1571 496 sed

110 537 214 575 quae
241 523 521 576 praedicantur
548 523 599 561 de
627 535 671 561 re
698 521 896 561 universa.

57 588 210 628 43b14
248 587 469 639 Propositio
496 585 702 624 indefinita
731 585 801 623 ubi
839 584 1025 631 sumitur,
1065 584 1195 637 accipi
1223 585 1345 624 debet
1372 597 1445 637 pro
1473 598 1570 637 par-

89 650 278 696 ticulari,
316 663 554 701 quamquam
591 649 680 687 fieri
716 652 865 700 potest,
905 653 949 687 ut
986 650 1107 688 etiam
1148 650 1200 688 de
1235 654 1320 689 toto
1347 662 1487 690 verum
1515 649 1570 689 sit

107 714 215 766 quod
242 713 295 753 de
321 719 437 766 parte
465 718 675 766 acceptum
703 717 779 763 est,
808 713 861 752 cf.
882 713 1059 752 26b14:
1089 726 1212 765 quare
1240 713 1340 752 nihil
1362 713 1571 753 indefinite

106 778 394 831 proferendum
430 782 508 828 est,
546 777 619 817 sed
655 776 926 817 definiendum
962 781 1098 816 utrum
1135 778 1188 817 de
1224 782 1311 817 toto
1349 778 1571 830 accipiatur

108 855 158 882 an
185 842 237 881 de
265 846 391 894 parte.

57 907 207 946 43b1'1
248 907 338 946 Non
381 906 608 946 universum
651 906 756 947 sumi
803 905 953 946 debere
988 904 1094 956 quod
1134 905 1392 958 praedicetur
1431 904 1572 946 docuit

109 971 379 1021 1¹1b12—16,
407 970 459 1011 de
487 984 566 1022 quo
593 971 682 1011 loco
709 984 746 1012 v.
777 983 879 1022 quae
906 970 1125 1021 disputavit
1152 970 1399 1010 Ammonius.

56 1035 209 1075 43b22
244 1033 350 1075 ὅταν
388 1033 427 1075 δ’
465 1033 551 1075 ὑπὸ
589 1065 599 1075 .
626 1064 636 1075 .
666 1064 677 1075 .
714 1037 767 1074 32
804 1030 995 1089 ἐκλογῆς.
1060 1033 1194 1073 Locus
1233 1037 1296 1073 est
1323 1033 1571 1085 impeditior.

107 1098 252 1139 Tradit
278 1100 520 1139 Aristoteles
550 1113 651 1152 quae
680 1112 757 1140 non
785 1101 979 1139 sumenda
1007 1098 1099 1148 sint,
1127 1103 1173 1137 ut
1200 1098 1271 1137 fiat
1299 1097 1570 1150 syllogismus.

109 1163 153 1204 Si
180 1167 262 1203 tres
289 1164 452 1204 termini
479 1165 536 1204 ita
563 1165 726 1213 habent,
764 1169 810 1204 ut
838 1165 872 1204 A
901 1163 1189 1216 complectatur
1225 1163 1439 1202 terminum
1468 1164 1501 1202 Β
1529 1168 1572 1203 et

107 1227 139 1267 Β
168 1228 383 1268 terminum
405 1229 451 1279 C,
479 1234 524 1268 ut
552 1233 758 1269 sumantur
786 1242 833 1268 ea
861 1242 964 1280 quae
992 1241 1082 1267 cum
1112 1226 1331 1266 terminoG
1358 1229 1438 1278 (τῷ
1464 1225 1571 1268 ὐπο-

107 1290 306 1347 κειμένῳ)
337 1293 568 1333 necessario
596 1306 775 1333 connexa
801 1294 883 1333 sint
926 1291 998 1340 (τὰ
1025 1287 1232 1342 ἑπόμενα)
1263 1314 1315 1320 -
1344 1292 1427 1331 sive
1457 1292 1571 1332 affir-

108 1362 268 1398 mentur
305 1359 389 1397 sive
425 1361 623 1409 negentur
648 1380 715 1407 —,
751 1371 830 1398 non
859 1358 963 1398 sumi
992 1357 1115 1397 debet
1141 1358 1190 1406 A,
1218 1357 1258 1397 h.
1287 1370 1325 1396 e.
1352 1369 1431 1396 non
1459 1356 1566 1396 sumi

108 1422 259 1462 debent
286 1435 332 1461 ea
360 1435 463 1474 quae
490 1422 719 1462 necessario
746 1422 808 1462 vel
838 1423 1049 1466 coniuncta
1078 1426 1172 1461 sunt
1198 1421 1263 1460 vel
1293 1433 1372 1460 non
1399 1421 1572 1462 coniun-

107 1490 175 1526 cta
202 1499 292 1526 cum
320 1487 492 1526 termino
520 1486 551 1524 B
581 1488 660 1538 (τῷ
687 1485 930 1535 καθόλου)ε
971 1486 1225 1526 continentur
1261 1486 1366 1524 enim
1402 1484 1505 1525 haec
1530 1485 1573 1525 in

106 1550 201 1599 illis,
241 1563 332 1590 nam
371 1550 412 1590 in
448 1551 619 1590 termino
647 1551 680 1589 B
706 1551 816 1590 inest
842 1551 1038 1592 terminus
1066 1551 1115 1600 A,
1152 1550 1301 1602 quippe
1336 1549 1405 1600 qui
1442 1548 1572 1593 deco

107 1614 387 1667 praedicetur3
432 1615 514 1654 imo
551 1616 745 1654 sumenda
797 1619 891 1655 sunt
929 1629 978 1655 ea
1016 1627 1118 1666 quae
1154 1614 1316 1665 propria
1353 1617 1449 1654 sunt
1488 1617 1573 1653 ter-

109 1679 217 1718 mino
244 1679 277 1716 B
315 1681 394 1730 (τῷ
422 1677 569 1724 εἴδεος
606 1679 734 1718 omnis
774 1680 879 1718 enim
914 1679 1095 1731 species,
1133 1691 1239 1728 quae
1277 1677 1396 1716 alicui
1433 1678 1572 1729 generi

110 1742 291 1782 subiecta
318 1746 394 1791 est,
431 1743 583 1781 habere
610 1742 775 1782 debebit
801 1742 950 1793 aliquid
978 1743 1129 1794 proprii
1159 1740 1447 1787 (differentiam
1477 1754 1572 1793 spe-

112 1806 267 1846 cificam
296 1819 414 1857 qnam
432 1858 435 1861 Ι
453 1807 625 1855 dicunt),
669 1818 749 1857 quo
785 1810 827 1845 et
864 1819 887 1846 a
914 1819 1064 1858 genere
1091 1805 1254 1861 differat
1282 1808 1325 1843 et
1352 1818 1377 1843 a
1404 1805 1573 1858 reliquis

107 1883 211 1922 quae
238 1870 371 1910 eidem
397 1870 535 1921 generi
562 1869 719 1909 subdita
746 1870 838 1909 sint.
879 1891 930 1898 -
975 1869 1222 1909 Monendum
1251 1872 1328 1919 est,
1358 1869 1465 1920 quod
1491 1882 1571 1911 non

110 1935 160 1974 ab
189 1934 299 1973 omni
324 1938 441 1987 parte
468 1945 606 1974 verum
635 1938 699 1972 est
723 1935 829 1985 quod
847 1934 950 1974 dixit
966 1947 1024 1976 vs,
1043 1935 1096 1973 26
1114 1931 1188 1974 καὶ
1207 1930 1288 1973 ὅσα
1307 1929 1367 1985 μὴ
1382 1931 1574 1986 ὑπάρχει,

108 1995 332 2046 domme:
370 2010 460 2037 nam
488 1994 536 2037 τὸ
564 1996 830 2050 γελαστικόν,
858 2011 1097 2051 quamquam
1124 2010 1205 2038 non
1232 1998 1490 2050 praedicatur
1517 1999 1571 2038 de

107 2062 282 2111 animali,
322 2064 375 2103 de
402 2062 563 2118 homine
590 2063 868 2115 praedicatur;
909 2063 1108 2114 siquidem
1145 2062 1376 2102 accuratius
1404 2063 1573 2102 dixisset

112 2125 194 2166 οὐκ
220 2123 431 2178 ἐνδέχεται
456 2124 665 2180 ὑπάρχειν
691 2141 765 2180 pro
793 2125 851 2180 μὴ
878 2125 1069 2179 ὑπάρχει.
1092 2149 1143 2157 -
1188 2126 1323 2166 Minus
1350 2126 1457 2166 clara
1479 2129 1573 2166 sunt

110 2203 215 2242 quae
249 2195 471 2242 sequuntur
506 2204 565 2231 vs.
594 2194 671 2239 29,
712 2205 836 2243 quare
871 2192 962 2232 Zell
999 2195 1112 2232 recte
1148 2191 1270 2230 vertit
1308 2193 1465 2229 servata
1499 2190 1572 2230 ob-

112 2255 307 2295 scuritate
344 2254 538 2304 „Ebenso
573 2254 678 2294 mul‘s
715 2268 807 2295 man
845 2255 933 2295 fiir
970 2256 1042 2295 das
1070 2254 1322 2308 Allgemeine
1358 2254 1471 2294 nicht
1497 2254 1571 2295 das

109 2319 284 2359 nehmen
311 2319 401 2360 ...''
464 2319 537 2358 Iul.
568 2318 709 2359 Pacius
744 2320 820 2359 ita:
867 2319 1040 2371 „Neque
1075 2331 1171 2358 vero
1201 2319 1315 2370 quasi
1340 2319 1571 2358 universalis

110 2383 391 2423 antecedentia
421 2383 604 2435 eligenda
632 2387 726 2423 sunt
753 2396 814 2434 ea,
842 2385 986 2436 quibus
1015 2389 1264 2433 consequens
1285 2383 1474 2434 estquod
1495 2383 1572 2423 sub

111 2460 160 2488 eo
190 2448 455 2487 continetur''.
508 2447 571 2487 Ad
601 2460 704 2499 quae
731 2447 881 2488 Buhle:
920 2447 1029 2498 „Qui
1057 2447 1159 2486 haec
1185 2445 1382 2497 intelligat
1408 2446 1446 2486 is
1471 2446 1572 2486 mihi

110 2512 186 2551 erit
211 2511 415 2564 Apollo!''
469 2510 624 2551 Vereor
651 2515 697 2551 ut
724 2511 824 2552 deus
852 2524 1000 2564 operae
1028 2511 1200 2563 pretium
1229 2510 1411 2549 facturus
1439 2509 1507 2561 sit,
1535 2510 1571 2550 si

110 2575 350 2615 descendat:
387 2588 478 2616 nam
506 2575 648 2616 Pacius
674 2575 764 2628 ipse
791 2576 833 2616 in
860 2575 1147 2616 commentario
1176 2578 1216 2614 et
1244 2574 1423 2627 suscepit
1447 2574 1571 2627 Apol-

111 2638 203 2678 linis
229 2643 364 2691 partes
401 2646 444 2681 et
483 2641 653 2693 peregit.
719 2639 946 2680 Difficultas
983 2640 1112 2691 posita
1148 2643 1213 2678 est
1239 2639 1281 2679 in
1308 2650 1404 2678 casu
1431 2638 1569 2680 dativo

111 2704 171 2754 τῷ
195 2703 405 2756 καθόλου,
442 2705 511 2757 qui
546 2704 746 2758 significat
778 2707 1000 2756 „respectu
1038 2703 1177 2743 habito
1214 2702 1295 2743 τοῦ
1322 2701 1568 2751 καθόλου”,

111 2766 218 2818 quod
245 2767 324 2810 hoo
350 2770 439 2811 loco
467 2769 574 2810 idem
603 2773 667 2810 est
691 2781 739 2810 ac
765 2769 800 2810 si
826 2768 998 2810 dixisset
1025 2765 1062 2808 εἰ
1088 2765 1156 2808 δεῖ
1172 2765 1321 2820 λαβεῖν
1339 2761 1407 2817 οἷς
1423 2766 1567 2811 ἕπεται
