1826 3112
302 191 381 232 232
807 193 1207 227 ΑΝΑΛΤΤΙΚΩΝ

281 287 377 336 διὰ
388 287 469 352 τὴν
491 286 630 350 αὐτὴν
653 286 843 334 αἰτίαν“
809 302 947 371 ῃνπερ
966 290 1140 348 εἴπομεν
1156 290 1230 335 καὶ
1247 289 1473 350 πρότερον,
1494 287 1523 351 ἡ
1537 287 1576 335 δ’
1588 289 1632 335 ἐν
1642 289 1719 373 μέ-

254 373 368 416 εορει
402 355 634 410 δείκνυται,
664 372 770 400 οταν
797 356 826 414 ᾐ
856 353 906 400 τὸ
933 355 1140 401 καθόλου
1159 355 1468 440 κατηγορικόν.
1496 353 1722 415 ὑπαρχέτω

302 421 385 483 γὰρ
412 419 463 467 τὸ
486 424 523 466 Α
544 421 668 466 παντὶ
687 424 755 501 τῷ
771 424 904 485 Β,τοῖ
926 423 972 467 δε
995 424 1039 466 Γ
1053 420 1112 483 μὴ
1141 423 1289 467 παντί·
1324 421 1612 504 συμπέρασμα
1632 424 1721 466 ΒΓ.

304 485 379 534 ἐάν
408 480 491 533 οὖν
512 489 672 548 ληφθῇ
706 484 758 532 τὸ
792 489 829 532 Β
859 487 984 533 παντὶ
1005 491 1066 532 τῶ
1088 491 1139 542 Α,
1156 491 1216 551 τῷ
1234 488 1280 533 δε
1303 491 1348 532 Γ
1363 486 1421 533 013
1441 487 1582 542 παντί,
1610 485 1661 532 τὸ
1687 489 1724 531 Α

305 553 389 599 τινὶ
407 556 467 616 τῷ
497 555 536 596 Γ
551 550 635 611 οὐχ
656 549 861 611 ὑπάρχει·
886 534 1078 611 μέσονΒ.
1113 553 1150 598 εἰ
1170 552 1206 598 δ’
1226 551 1385 599 ἐστὶν
1356 572 1385 615 η
1411 552 1615 598 καθόλου
1629 563 1725 598 στε-

305 616 475 679 ρητική,
506 615 564 663 οὐ
592 616 912 679 δειχθήσεται
884 637 913 680 η
936 622 1021 663 ΑΓ
1034 617 1241 678 πρότασις
1262 617 1624 677 άντιστραφέντος
1642 621 1725 671 τοῦ

257 702 292 730 ⁸5
306 687 405 729 ΑΒ·
430 683 657 742 συμβαίνει
674 681 756 743 γάρ
777 680 808 745 ἢ
829 683 1077 744 αμφοτέρας
1095 681 1128 745 ἢ
1139 682 1219 745 τήν
1232 685 1376 742 ἑτέραν
1386 683 1598 743 πρότασιν
1609 702 1650 743 γι
1652 701 1723 729 νε-

306 754 416 795 σθαι
436 746 726 810 άποφατικήν,
751 747 852 793 ὥστ’
874 747 960 795 οὐκ
979 749 1096 794 εσται
1116 748 1423 810 συλλογισμός.
1453 747 1543 794 ἄλλ’
1565 747 1727 807 οιιοίως

305 813 580 899 δειχθήσεται
611 831 672 869 ως
702 814 775 859 καὶ
803 814 871 860 ἐπὶ
901 818 990 860 τῶν
1017 812 1233 872 καθόλου,
1264 813 1340 860 ἐάν
1368 818 1577 878 ληφθῇ,
1560 815 1595 859 ὠ
1616 812 1667 860 τὸ
1689 817 1727 859 Β

306 882 389 927 τινὶ
410 878 470 941 μὴ
489 878 686 939 ὑπάρχει,
710 877 762 925 τὸ
786 883 823 925 Α
843 881 927 925 τινὶ
945 877 1167 938 υπάρχειν.

257 948 290 992 7
436 944 535 990 Ἐπὶ
563 946 609 990 δε
637 948 722 990 τοῦ
752 945 901 1003 τρίτου
931 945 1147 1006 σχήματος
1175 942 1278 990 ὅταν
1303 944 1380 1004 μὲν
1410 942 1652 1004 ἀμφότεραι
1683 943 1728 988 αἱ.

259 1029 294 1057 40
308 1009 540 1069 προτάσεις
558 1009 763 1055 καθόλου
782 1013 1033 1072 ληφθῶσιν,
1054 1008 1141 1056 οὐκ
1161 1011 1369 1069 ἐνδέχεται
1381 1009 1512 1064 δεῖξαι
1523 1007 1578 1055 δι’
1590 1008 1727 1070 άλλή-

308 1079 418 1121 λων·
457 1074 509 1121 τὸ
542 1076 619 1135 μεν
648 1073 732 1136 γάρ
759 1077 964 1122 καθόλου
995 1077 1210 1122 δείκνυται
1237 1074 1308 1122 διὰ
1330 1093 1419 1121 των
1440 1074 1654 1130 καθόλου,
1676 1072 1727 1119 τὸ

203 1165 238 1197 p.
247 1152 292 1186 59
309 1140 349 1188 δ’
377 1142 421 1187 ἓν
448 1141 589 1223 τούτῳ
618 1141 907 1202 συμπέρασμα
934 1140 999 1188 αεὶ
1030 1140 1138 1187 κατὰ
1159 1142 1300 1201 μέρος,
1321 1138 1427 1186 ωστε
1447 1138 1642 1200 φανερὸν
1662 1158 1728 1185 οτι

308 1205 421 1263 ὅλως
464 1225 551 1253 ουκ
585 1207 795 1266 ἐνδέχεται
825 1206 957 1262 δεῖξαι
992 1205 1064 1253 διὰ
1092 1208 1256 1254 τούτου
1288 1210 1370 1252 τοῦ
1401 1206 1620 1287 σχήματος
1648 1203 1729 1266 τήν

307 1272 514 1319 καθόλου
541 1271 764 1332 πρότασιν.
804 1272 878 1320 ἐὰν
905 1272 944 1319 δ’
976 1292 1005 1357 η
1039 1273 1116 1332 μὲν
1146 1267 1175 1332 ἦ
1193 1272 1401 1318 καθόλου
1421 1290 1452 1352 η
1475 1270 1513 1317 δ’
1535 1272 1579 1317 ἐν
1599 1271 1729 1353 μέρει,

306 1340 409 1385 ποτε
440 1339 517 1398 μεν
542 1339 657 1384 ε’σται
687 1339 789 1385 ποτε
813 1338 851 1385 δ’
872 1339 959 1386 οὐκ
982 1340 1109 1384 ἔσται.
1157 1336 1260 1384 ὅταν
1284 1355 1359 1397 μεν
1380 1355 1463 1383 ουν
1487 1335 1731 1397 ἀμφότεραι

274 1422 292 1450 5
307 1406 587 1467 κατηγορικαὶ
606 1408 818 1465 ληφθῶσι
834 1407 908 1451 καὶ
925 1403 976 1451 τὸ
993 1403 1196 1450 καθόλου
1212 1404 1382 1466 γένηται
1403 1401 1513 1461 πρὸς
1529 1406 1590 1467 τῷ
1610 1401 1731 1448 ἐλάτ-

305 1488 400 1516 τονι
429 1469 568 1552 ἄκρῳ,
600 1471 730 1527 εσται,
763 1467 868 1516 ὅταν
898 1472 944 1516 δὲ
966 1468 1077 1528 πρὸς
1101 1470 1286 1534 θατέρω,
1318 1487 1404 1514 ουκ
1425 1470 1553 1514 εσται.
1585 1467 1730 1528 ὑπαρ-

307 1536 413 1596 χέτω
450 1534 531 1596 γάρ
569 1534 618 1581 τὸ
659 1539 696 1581 A
726 1538 851 1582 παντὶ
879 1540 938 1600 τῷ
973 1539 1032 1590 Γ,
1068 1533 1118 1581 τὸ
1149 1537 1195 1581 δὲ
1228 1539 1266 1581 Β
1293 1535 1395 1580 τινί·
1441 1534 1732 1593 συμπέρασμα

306 1600 357 1648 τὸ
388 1605 476 1646 AB.
507 1599 581 1647 ἐὰν
612 1594 696 1647 οὖν
727 1604 888 1679 ληφθῇ
909 1599 963 1647 τὸ
986 1605 1031 1646 Γ
1057 1603 1182 1648 παντὶ
1202 1605 1263 1647 τῶ
1281 1605 1317 1646 A
1338 1598 1562 1659 υπάρχειν,
1583 1598 1634 1645 τὸ
1657 1616 1733 1658 μεν

311 1671 357 1713 Γ
378 1667 587 1714 δέδεικται
614 1668 695 1713 τινὶ
724 1671 784 1730 τῷ
817 1671 854 1713 Β
884 1666 1106 1748 υπάρχον,
1139 1665 1189 1713 τὸ
1208 1669 1253 1712 δε
1273 1670 1310 1711 Β
1329 1667 1411 1711 τινὶ
1436 1670 1496 1730 τῷ
1525 1664 1639 1710 Γου
1660 1664 1732 1710 δέ-

258 1751 293 1778 10
308 1736 480 1780 δεικται.
515 1733 658 1778 καίτοι
686 1731 864 1795 ἀνάγκη,
896 1735 933 1779 εἰ
960 1731 1011 1779 τὸ
1056 1736 1101 1778 Γ
1124 1733 1206 1779 τινὶ
1235 1737 1296 1797 τῷ
1323 1735 1382 1788 Β,
1413 1732 1485 1776 καὶ
1512 1729 1562 1776 τὸ
1585 1734 1622 1776 Β
1650 1731 1734 1776 τινὶ

306 1803 368 1865 τῷ
400 1803 447 1845 Γ
466 1797 686 1858 υπάρχειν.
740 1797 834 1845 ἀλλ’
861 1797 919 1846 οὐ
954 1797 1116 1845 ταύτόν
1141 1800 1231 1845 ἐστι
1263 1779 1361 1844 τόδε
1392 1799 1499 1860 τῷδε
1536 1797 1609 1842 καὶ
1636 1795 1733 1861 τόδε

251 1882 253 1884 ’
307 1868 416 1931 τῷδε
444 1863 678 1924 υπάρχειν·
710 1862 820 1911 άλλά
854 1865 1170 1927 προσληπτέον,
1198 1865 1236 1910 εἰ
1266 1863 1362 1909 τόδε
1390 1844 1472 1908 τίνὶ
1503 1865 1624 1927 τῷδε,
1660 1863 1734 1907 καὶ

306 1912 496 1991 θάτερον
519 1932 604 1976 τινὶ
621 1933 743 1995 τῷδε.
767 1930 932 1977 τούτου
951 1932 997 1976 δε
1008 1931 1256 1992 ληφθέντος
1269 1928 1580 1989 οὕκέτιγίνεται
1593 1928 1638 1973 ἐκ
1649 1931 1734 1972 τοῦ

310 1977 679 2056 συμπεράσματος
708 1997 780 2041 καὶ
811 2001 889 2058 τῆς
918 1996 1063 2055 ἑτέρας
1095 1994 1344 2055 προτάσεως
1375 1992 1401 2039 ὃ
1430 1992 1732 2054 συλλογισμός.

259 2081 294 2109 1⁵
310 2064 348 2108 εἰ
377 2063 424 2108 δε
450 2060 501 2108 τὸ
529 2065 567 2107 Β
601 2063 729 2107 παντὶ
761 2080 819 2107 τω
845 2066 895 2119 Γ,
927 2060 979 2108 τὸ
1012 2063 1059 2107 δὲ
1090 2066 1127 2108 Α
1159 2062 1243 2107 τινὶ
1276 2078 1335 2105 τω
1374 2063 1424 2114 Γ,
1454 2060 1570 2105 ε’σται
1603 2057 1735 2113 δεῖξαι

307 2126 359 2175 τὸ
398 2131 499 2184 ΑΓ,
534 2145 639 2173 οταν
683 2109 842 2189 ληφθῇ
875 2125 924 2173 τὸ
966 2129 1044 2185 μὲν
1093 2131 1138 2172 Γ
1171 2127 1298 2172 παντὶ
1338 2129 1400 2190 τῷ
1431 2128 1468 2170 Β
1507 2123 1733 2183 υπάρχειν,

307 2191 360 2240 τὸ
388 2195 435 2240 δε
469 2197 506 2238 Α
533 2194 629 2239 τινί.
672 2194 710 2239 εἰ
736 2191 818 2253 γάρ
852 2191 904 2238 τὸ
937 2196 982 2237 Γ
998 2193 1126 2238 παντὶ
1147 2196 1207 2256 τῷ
1228 2189 1360 2246 Β,τὸ
1383 2191 1429 2236 δε
1449 2193 1485 2235 A
1506 2190 1588 2235 τινὶ
1604 2208 1663 2235 τω
1683 2193 1733 2243 Β,

309 2259 478 2321 ἀνάγκη
501 2257 553 2305 τὸ
584 2262 621 2303 Α
653 2260 735 2304 τινὶ
765 2262 826 2304 τοῖ
850 2256 1135 2317 Γὺπάρχειν·
1169 2257 1301 2317 μέσον
1320 2254 1369 2301 τὸ
1400 2259 1449 2301 Β.
1483 2256 1556 2300 καὶ
1578 2273 1683 2301 οταν
1704 2248 1735 2315 ᾖ

307 2324 338 2389 ἡ
357 2344 435 2385 μεν
452 2323 715 2386 κατηγορικὴ
740 2322 768 2386 ἡ
784 2305 830 2370 δε
851 2323 1094 2386 στερητική,
1127 2322 1334 2368 καθόλου
1355 2319 1393 2366 δ’
1414 2319 1440 2382 ἡ
1454 2320 1733 2402 κατηγορική,

258 2390 586 2454 ωδειχθήσεται
611 2389 641 2453 ἡ
672 2390 803 2452 ἑτέρα.
834 2388 1064 2451 ὑπαρχέτω
1094 2387 1176 2451 γὰρ
1205 2386 1256 2434 τὸ
1288 2391 1325 2432 Β
1352 2387 1479 2433 παντὶ
1505 2390 1565 2451 τῷ
1595 2385 1733 2443 Γ,τὸ

397 2549 441 2581 30
458 2545 624 2580 καθόλου
639 2545 680 2580 τὰ
702 2558 747 2580 m.
770 2564 816 2571 —
849 2543 891 2580 τὸ
914 2557 969 2579 om
988 2547 1020 2579 B
1038 2552 1072 2578 et
1087 2557 1125 2589 pr
1143 2545 1252 2578 ACcu.
1285 2560 1329 2569 —
1365 2544 1403 2576 31
1426 2542 1501 2598 βγ]
1507 2541 1549 2576 τὰ
1572 2543 1664 2586 βγπ.
1686 2559 1732 2567 -

309 2594 352 2625 32
370 2589 472 2635 ου]μ
447 2604 495 2634 μη
514 2603 547 2624 π.
572 2609 614 2615 -
638 2593 681 2625 33
697 2589 851 2643 ’ὑπάρξει
866 2593 918 2633 ns.
945 2609 987 2616 -—
1011 2590 1121 2645 μέσον
1140 2587 1182 2624 τό
1203 2590 1225 2634 β
1241 2600 1275 2621 π.
1300 2606 1341 2612 -
1367 2588 1409 2620 38
1422 2584 1569 2632 υπάρχῃ
1585 2598 1619 2629 τι,
1638 2587 1730 2629 prA.

308 2654 353 2661 —-
370 2637 411 2669 41
432 2648 472 2678 pr
488 2633 547 2689 τὸ]
564 2632 635 2689 τὴν
652 2633 818 2670 καθόλου
833 2635 1029 2688 πρότασιν·
1054 2632 1095 2670 τὸ
1117 2636 1155 2668 A.

338 2722 368 2768 ]
397 2678 485 2713 59a8
481 2677 693 2758 wadnam
705 2679 746 2715 τὸ
770 2679 810 2716 δὲ
827 2693 852 2715 α
868 2680 941 2716 τινὶ
958 2680 1008 2726 τῷ
1024 2680 1057 2725 β,
1077 2677 1119 2714 τὸ
1143 2679 1178 2712 C.
1194 2697 1233 2703 —
1262 2677 1303 2710 12
1315 2672 1410 2720 εἰ]“
1390 2689 1458 2722 οτι,
1477 2675 1557 2711 εἰη.
1569 2693 1613 2702 —
1638 2675 1678 2709 15
1691 2687 1732 2718 pr

310 2736 352 2759 το
390 2723 432 2758 τὸ
453 2736 518 2768 μεν
