1806 3094
591 184 940 219 PRAEFATIO.
1529 180 1615 218 XXI

100 288 304 348 pretibus
325 288 565 348 adscripta,
590 289 673 333 sed
698 303 1017 346 nonnunquam
1038 304 1064 332 a
1085 288 1276 332 librariis
1298 288 1517 347 imperitis
1536 289 1608 332 in-

97 367 319 427 terposita
348 364 481 412 esse''.
537 368 839 412 Nihilominus
873 375 1026 411 tamen
1057 367 1277 411 Buhlium
1305 367 1497 410 multum
1531 368 1609 410 tri·

95 446 236 490 buere
285 447 550 490 lectionibus
589 462 697 504 quas
731 461 784 489 ex
813 461 869 489 eo
903 447 1030 489 fonte
1063 445 1263 490 hauserit
1299 462 1435 504 quem
1472 446 1609 489 modo

96 525 323 583 aspernari
357 540 458 568 eum
488 525 678 568 vidimus
703 531 798 568 tum
821 525 973 568 multis
998 526 1109 568 locis
1132 531 1324 584 apparet
1351 524 1607 580 „Animad—

94 603 347 646 versionum
367 600 644 646 criticarum''
667 601 752 662 (clf.
779 618 815 647 e.
839 619 875 645 c.
901 619 1016 661 quae
1037 604 1147 647 dicit
1172 604 1229 647 ad
1244 602 1458 664 Categ.V
1481 601 1519 662 §.
1534 600 1608 662 2),

93 686 188 724 tum
208 681 313 724 inde
332 681 453 738 quod
478 697 638 741 pravas
667 683 882 726 lectiones
905 683 1096 742 collegit
1114 684 1210 727 fere
1231 698 1386 726 omnes
1410 697 1527 740 quae
1553 697 1608 726 ex

92 760 343 819 Philoponi
356 762 684 804 commentariis
699 762 870 804 enotari
886 768 1086 820 possent.
1120 763 1328 821 Apparet
1340 766 1491 804 autem
1502 761 1607 804 Ari-

92 839 263 883 stotelis
284 839 421 882 verba
441 840 732 898 explicationi
757 841 844 899 ipsi
860 842 1122 900 praeposita
1149 856 1240 884 non
1261 841 1318 883 ab
1339 840 1451 899 ipsis
1469 855 1604 899 grae—

92 934 244 962 corum
275 919 696 962 commentariorum
729 919 983 963 auctoribus
1016 919 1193 963 adiecta
1219 935 1329 974 esse,
1360 918 1441 962 sed
1465 919 1522 961 ab
1550 919 1603 961 iis

91 998 167 1055 qui
200 998 545 1040 commentarios
575 997 919 1057 descripserint:
957 1013 1277 1056 nonnunquam
1307 998 1425 1042 enim
1455 997 1603 1040 alien'o

91 1075 193 1118 loco
224 1077 391 1118 inserta
422 1082 535 1118 sunt.
591 1076 667 1119 Sic
698 1076 746 1118 in
766 1077 896 1120 Alex.
929 1092 1089 1120 comm.
1114 1078 1160 1120 in
1193 1077 1324 1136 Anal.
1353 1092 1422 1136 pr.
1456 1074 1602 1135 (lunt.

94 1151 248 1212 1521)
283 1154 362 1196 fol.
395 1153 500 1199 241>
526 1154 629 1196 coll.
653 1155 732 1198 fol.
765 1156 864 1200 313
897 1156 1035 1199 verba
1069 1156 1322 1198 Aristotelis
1354 1155 1603 1198 Alexandri

93 1232 448 1292 disputationem
468 1233 814 1292 interrumpunt,
833 1235 913 1277 fol.
937 1235 1001 1279 28
1015 1235 1043 1276 b
1066 1249 1157 1277 non
1178 1248 1232 1276 eo
1254 1234 1412 1276 ordine
1435 1234 1601 1292 legun-

87 1317 160 1355 tur
194 1327 328 1370 quem
358 1311 528 1354 habere
559 1311 799 1355 debebant.
877 1312 1054 1356 Deinde
1089 1328 1146 1356 ne
1177 1312 1262 1355 sibi
1296 1313 1385 1371 ipsi
1416 1312 1601 1370 quidem

90 1395 297 1433 constant
328 1390 597 1449 interpretes
630 1391 676 1433 in
705 1391 902 1434 lectione
926 1407 1059 1450 quarn
1082 1392 1127 1434 in
1146 1392 1394 1435 Aristotele
1412 1393 1600 1435 invene—

89 1475 192 1512 runt
216 1468 481 1511 indicanda:
512 1484 616 1511 nam
636 1485 906 1528 quamquam
929 1470 1243 1529 Philoponum
1262 1471 1410 1515 48b7
1430 1464 1480 1513 τὸ
1498 1468 1602 1527 μίαν

86 1548 308 1607 reperisse
330 1553 522 1606 apparet
544 1562 599 1590 ex
616 1547 719 1606 ipso
739 1549 1078 1601 commentario,
1100 1557 1254 1593 tamen
1274 1550 1320 1592 in
1342 1550 1598 1593 Aristotelis

88 1626 235 1670 verbis
282 1642 398 1684 quae
443 1626 793 1685 explicationem
833 1628 1116 1686 praecedunt
1155 1628 1349 1671 habetur
1376 1629 1438 1690 τῷ
1469 1626 1596 1685 μίανς

88 1705 355 1748 Ammonius
386 1705 529 1748 schol.
566 1706 658 1751 122
675 1722 701 1749 3
717 1707 774 1751 11
799 1706 948 1750 verbis
970 1706 1228 1750 Aristotelis
1251 1723 1366 1765 quae
1387 1708 1601 1767 leguntur

92 1784 268 1829 19b23
295 1790 401 1842 post
424 1779 653 1841 ἀπόφασιν
673 1784 801 1827 addit
823 1785 913 1828 τῶν
936 1780 1104 1841 ἁπλῶν,
1127 1801 1242 1843 quae
1263 1787 1430 1829 omittit
1453 1787 1597 1829 schol.

90 1862 287 1914 12338;
328 1862 587 1906 Alexander
621 1859 812 1921 [comm.
842 1864 887 1906 in
915 1863 1049 1906 Anal.
1082 1880 1152 1923 pr.
1186 1864 1304 1907 Iunt.
1341 1866 1482 1909 1521.
1515 1864 1596 1907 fol.

87 1942 147 1985 21
162 1937 219 1999 b]
255 1941 302 1983 in
333 1941 480 1985 verbis
512 1956 628 1998 quae
656 1942 870 2001 leguntur
899 1943 1002 1987 251)
1016 1944 1078 1988 32
1107 1943 1245 1986 modo
1279 1943 1468 2001 praebet
1488 1936 1597 1986 ὥστε

86 2019 224 2063 modo
260 2013 344 2073 ὥς,
388 2020 526 2063 modo
557 2020 725 2062 omittit
751 2014 841 2082 ὅλῳ
873 2021 1056 2065 25b33
1091 2027 1136 2064 et
1166 2022 1291 2080 prius
1314 2016 1344 2082 ἢ
1363 2022 1420 2065 ib.
1445 2037 1508 2064 vs.
1531 2021 1595 2067 34

86 2097 226 2142 modo
257 2098 442 2151 retinet3
479 2098 599 2142 idem
632 2099 714 2142 fol.
738 2097 841 2144 243
863 2097 950 2157 (3(1
974 2100 1076 2145 263
1093 2101 1153 2145 18
1177 2097 1302 2158 sqq.)
1323 2100 1463 2144 habet
1484 2095 1597 2158 πρὸς

3 2237 5 2239 .
85 2177 150 2239 τῷ
176 2174 343 2234 μείζονι
373 2183 418 2220 et
445 2172 562 2235 πρὸς
593 2178 655 2239 τῷ
676 2173 892 2232 ἐλάττονι,
924 2178 1004 2221 sed
1025 2178 1105 2223 fol.
1132 2180 1236 2223 253
1256 2179 1336 2222 sub
1357 2179 1432 2221 fin.
1454 2178 1596 2223 habet

87 2254 215 2316 (263
228 2252 320 2314 20)
340 2250 452 2312 πρὸς
472 2250 522 2299 τὸ
542 2253 735 2308 ἕλαττονς
757 2257 817 2299 ib.
838 2257 918 2300 fol.
940 2257 1003 2302 63
1016 2257 1045 2299 b
1068 2252 1134 2300 αἐὶ
1156 2263 1200 2300 et
1220 2251 1251 2317 ἢ
1269 2258 1314 2300 in
1333 2257 1592 2300 Aristotelis

85 2335 231 2378 verbis
262 2332 464 2393 (32b9)
495 2334 784 2390 omittuntur,
818 2351 1091 2393 quamquam
1122 2350 1214 2379 non
1237 2336 1401 2379 desunt
1423 2336 1592 2394 inipso

85 2413 428 2466 commentari03
458 2413 517 2456 ib.
552 2413 632 2455 fol.
667 2414 770 2459 97a
812 2414 1127 2458 adscribuntur
1167 2415 1305 2458 verba
1333 2414 1592 2458 Aristotelis

85 2493 265 2538 38b32
298 2489 372 2535 καὶ
400 2487 608 2535 καθόλου
631 2490 677 2535 δὲ
699 2482 961 2551 ἄναγκαίαῇ
992 2489 1021 2553 ἡ
1046 2527 1055 2536 .
1078 2527 1087 2536 .
1113 2526 1148 2548 .,
1172 2493 1251 2537 sed
1271 2493 1350 2536 fol.
1377 2494 1481 2538 97b
1501 2493 1590 2537 ha—

83 2571 215 2615 betur
241 2572 377 2615 lectio
410 2587 544 2629 quam
580 2570 707 2614 dedit
731 2571 990 2625 Bekkerus;
1025 2573 1312 2631 Philoponus
1332 2568 1520 2630 (comm.
1545 2574 1592 2616 in

83 2651 214 2695 Anal.
244 2666 314 2709 pr.
351 2650 464 2694 Ven.
499 2650 641 2695 1536.
665 2650 745 2693 fol.
767 2651 798 2696 7
811 2649 867 2710 b)
890 2652 938 2694 in
959 2651 1106 2694 verbis
1127 2650 1384 2694 Aristotelis
1409 2650 1589 2697 24325

86 2729 374 2788 explicationi
401 2729 675 2789 praepositis
703 2728 845 2773 habet
873 2730 955 2788 τῆς
975 2723 1264 2786 ἀντιφάσεως,
1289 2729 1335 2772 in
1359 2744 1588 2774 commen-

84 2807 198 2850 tario
238 2807 342 2867 ipso
379 2808 613 2852 articulum
655 2808 842 2862 omittit;
892 2808 1011 2852 idem
1052 2807 1133 2851 fol.
1166 2808 1230 2854 27
1268 2808 1451 2853 exhibet
1484 2803 1590 2853 ὅταν
