1826 3112
320 228 398 267 178
830 225 1236 259 ΑΝΑΛῬΤΙΚΩΝ

320 327 393 373 καὶ
402 324 502 372 τόδε
515 326 625 389 τῷδε
646 321 900 382 ἀναγκαῖον·
915 319 1014 368 ὥστ’
1026 321 1112 369 οὐκ
1133 321 1402 382 ἀντιστρέφει
1411 319 1463 367 τὸ
1478 319 1740 382 στερητικόν.

322 392 380 438 ἔτι
406 390 445 438 δ’
462 390 593 437 οὐδὲν
613 387 771 434 κωλύει
799 386 849 433 τὸ
869 389 945 447 μὲν
969 391 1006 435 Α
1025 394 1088 453 τῷ
1108 392 1144 433 Β
1171 389 1414 448 ἐνδέχεσθαι
1438 387 1600 449 μηδενί,
1621 385 1674 432 τὰ
1697 386 1744 431 δὲ

291 478 308 506 5
324 462 360 503 Β
390 459 472 503 τινὶ
500 461 586 502 τῶν
615 458 652 500 Α
684 453 728 509 ἐξ
757 452 945 516 ἀνάγκης
973 454 1031 515 μὴ
1053 454 1277 515 ὑπάρχειν,
1298 451 1396 499 οἷον
1421 451 1470 499 τὸ
1493 454 1569 511 μὲν
1587 450 1746 497 λευκὸν

323 525 451 570 παντὶ
481 521 701 585 ἀνθρώπῳ
722 521 927 580 ἐνδέχεται
948 519 1008 583 μὴ
1031 520 1242 581 ὑπάρχειν
1271 521 1368 581 (καὶ
1389 517 1472 580 γάρ
1489 517 1745 578 ὑπάρχειν),

326 588 565 647 ἄνθρωπον
585 585 623 632 δ’
642 585 728 633 οὐκ
749 585 914 648 ἀληθὲς
937 589 1068 634 εἰπεῖν
1091 586 1149 644 ὥς
1172 588 1384 646 ἐνδέχεται
1408 586 1557 646 μηδενὶ
1579 587 1722 646 λευκῷ
1736 599 1745 608 ·

326 658 508 721 πολλρῖς
549 651 631 714 γάρ
669 651 715 707 ἐξ
752 651 939 715 ἀνάγκης
975 652 1059 714 οὐχ
1093 652 1298 713 ὑπάρχει,
1340 649 1390 696 τὸ
1436 650 1474 697 δ’
1514 649 1750 710 ἀναγκαῖον

328 719 414 767 οὐκ
435 721 492 781 ήν
505 718 791 779 ἐνδεχόμενον.
808 717 915 764 ἀλλὰ
927 718 1011 781 μὴν
1027 718 1123 765 οὐδ’
1137 721 1182 765 ἐκ
1192 723 1275 765 τοῦ
1287 715 1508 763 ἀδυνάτου
1521 714 1748 776 δειχθήσε-

281 804 315 832 1ο
328 805 399 833 ται
417 785 715 845 ἀντιστρέφον,
737 782 838 831 οἷον
861 787 904 831 εἴ
917 803 980 841 τις
999 784 1235 841 ἀξιώσειεν,
1268 785 1355 830 ἐπεὶ
1374 786 1539 838 ψεῦδος
1557 780 1608 827 τὸ
1632 780 1770 845 ἐνδέχ

329 858 485 913 χεσθαι
512 850 563 898 τό
600 855 637 897 Β
666 855 728 915 τῷ
760 855 797 896 Α
819 854 967 912 μηδενὶ
989 850 1212 910 ὑπάρχειν,
1244 848 1405 910 ἀληθὲς
1432 846 1483 893 τὸ
1506 845 1565 908 μὴ
1588 847 1750 904 ἐνδέχε-

331 924 440 964 σθαι
468 919 638 979 μηδενί·
670 917 805 977 φάσις
832 916 913 977 γάρ
934 918 1008 961 καὶ
1029 915 1267 975 ἀπόφασις.
1297 916 1333 960 εἰ
1353 915 1399 959 δὲ
1417 911 1558 967 τοῦτ’,
1589 910 1752 972 ἀληθὲς

332 983 378 1038 ἐξ
397 983 586 1043 ἀνάγκης
616 983 697 1027 τινὶ
723 986 812 1026 τῶν
831 986 867 1026 Α
890 980 941 1026 τὸ
963 985 999 1026 Β
1025 980 1256 1041 ὑπάρχειν·
1289 978 1394 1025 ὥστε
1427 979 1499 1024 καὶ
1527 976 1578 1023 τὸ
1607 980 1643 1021 Α
1672 977 1753 1021 τινὶ

332 1053 417 1094 τῶν
446 1052 495 1093 Β.
531 1051 664 1093 τοῦτο
692 1046 730 1091 δ’
766 1045 1008 1093 ἀδύνατον·
1038 1046 1096 1093 οὐ
1128 1047 1208 1109 γὰρ
1239 1047 1276 1092 εἰ
1296 1044 1356 1106 μὴ
1377 1045 1581 1104 ἐνδέχεται
1603 1043 1753 1104 μηδενὶ

285 1131 319 1159 1⁵
333 1113 384 1161 τὸ
411 1118 447 1160 Β
471 1117 534 1178 τῷ
555 1117 613 1169 Α,
650 1111 815 1174 ἀνάγκη
842 1114 924 1159 τινὶ
949 1111 1171 1172 ὑπάρχειν.
1211 1110 1262 1158 τὸ
1299 1111 1381 1172 γάρ
1413 1109 1472 1173 μὴ
1503 1110 1753 1169 ἐνδέχεσθαι

332 1181 483 1242 μηδενὶ
514 1182 646 1238 διχῶς
680 1179 866 1239 λέγεται,
896 1177 946 1224 τὸ
978 1180 1055 1238 μὲν
1084 1181 1121 1225 εἰ
1155 1177 1199 1234 ἐξ
1225 1177 1414 1239 ἀνάγκης
1444 1179 1526 1222 τινὶ
1553 1174 1753 1234 ὑπάρχει,

335 1244 386 1292 τὸ
427 1244 465 1291 δ’
491 1246 529 1290 εἰ
560 1244 606 1299 ἐξ
635 1243 823 1307 ἀνάγκης
859 1246 939 1290 τινὶ
968 1242 1026 1304 μὴ
1054 1243 1258 1304 ὑπάρχει·
1302 1242 1353 1289 τὸ
1381 1241 1464 1304 γάρ
1493 1241 1539 1298 ἐξ
1567 1240 1755 1302 ἀνάγκης

335 1313 418 1358 τινὶ
436 1315 521 1357 τῶν
537 1316 573 1356 Α
594 1309 652 1372 μὴ
672 1309 874 1370 ὑπάρχον
889 1309 976 1356 οὐκ
985 1309 1162 1372 εάληθὲς
1175 1312 1305 1356 εἰπεῖν
1324 1308 1383 1364 ὡς
1403 1310 1530 1354 παντὶ
1548 1307 1755 1366 ἐνδέχεται

337 1376 397 1440 μὴ
423 1376 648 1436 ὑπάρχειν,
679 1374 826 1436 ὥσπερ
858 1375 961 1422 οὐδὲ
992 1375 1042 1422 τὸ
1059 1379 1154 1422 ’τινὶ
1181 1374 1381 1435 ὑπάρχον
1412 1373 1456 1429 ἐξ
1475 1373 1663 1435 ἀνάγκης
1690 1369 1757 1418 ὅτι

289 1461 324 1487 20
339 1445 465 1491 παντὶ
486 1444 693 1503 ἐνδέχεται
714 1441 936 1502 ὑπάρχειν.
961 1444 998 1488 εἰ
1017 1435 1102 1488 οὖν
1120 1462 1184 1498 τις
1205 1441 1360 1503 ἀξιοίη,
1383 1441 1470 1487 ἐπεὶ
1489 1438 1573 1486 οὐκ
1593 1438 1757 1498 ἐνδέχε-

336 1529 405 1557 ται
426 1508 476 1556 τὸ
493 1513 610 1573 Γτῷ
634 1515 675 1554 Δ
698 1511 823 1554 παντὶ
846 1507 1069 1568 ὑπάρχειν,
1097 1507 1143 1563 ἐξ
1156 1508 1345 1570 ἀνάγκης
1366 1508 1446 1552 τινὶ
1468 1504 1527 1566 μὴ
1548 1503 1758 1563 ὑπάρχειν

338 1575 466 1632 αὐτό,
485 1578 655 1631 ψεῦδος
668 1572 721 1620 ἂν
742 1574 977 1634 λαμβάνοι·
1009 1576 1135 1620 παντὶ
1163 1573 1244 1635 γάρ
1271 1572 1468 1632 ὑπάρχει,
1499 1569 1590 1618 ἀλλ’
1617 1568 1682 1616 ὅτι
1715 1569 1759 1615 ἐν

337 1643 467 1699 ἐνίοις
496 1640 543 1696 ἐξ
566 1640 755 1702 ἀνάγκης
779 1639 975 1700 ὑπάρχει,
1010 1639 1081 1686 διὰ
1105 1640 1237 1686 τοῦτό
1255 1657 1397 1699 φαμεν
1417 1637 1475 1684 οὐ
1495 1638 1621 1683 παντὶ
1641 1635 1758 1682 ἐνδέ-

338 1714 505 1768 χεσθαι.
537 1705 646 1752 ὥστε
674 1711 738 1771 τῷ
766 1707 1017 1766 ἐνδέχεσθαι
1050 1708 1174 1751 παντὶ
1203 1704 1414 1765 ὑπάρχειν
1439 1705 1489 1749 τό
1508 1702 1543 1749 τ’
1562 1702 1607 1758 ἐξ
1623 1700 1759 1762 ἀνάγ-

289 1794 324 1821 25
339 1793 420 1836 κης
439 1774 521 1820 τινὶ
538 1771 751 1832 ὑπάρχειν
766 1770 992 1818 ἀντίκειται
1004 1774 1076 1817 καὶ
1098 1770 1149 1818 τὸ
1162 1770 1208 1826 ἐξ
1226 1770 1414 1832 ἀνάγκης
1432 1771 1516 1815 τινὶ
1535 1767 1593 1829 μὴ
1612 1766 1758 1824 ὑπάρ-

338 1859 439 1900 χειν.
469 1837 628 1898 ὁμοίως
644 1841 690 1884 δὲ
709 1840 782 1883 καὶ
791 1842 854 1902 τῷ
866 1838 1115 1898 ἐνδέχεσθαι
1144 1839 1304 1900 μηδενί.
1320 1841 1455 1900 δῆλον
1466 1828 1549 1882 οὖν
1569 1833 1634 1880 ὅτι
1651 1830 1762 1892 πρὸς
1787 1892 1790 1894 v

338 1906 391 1953 τὸ
405 1903 546 1961 οὕτως
557 1903 836 1964 ἐνδεχόμενον
855 1902 1000 1966 καὶμὴ
1013 1904 1299 1964 ἐνδεχόμενον,
1312 1902 1371 1959 ὦς
1381 1903 1426 1949 ἐν
1436 1901 1546 1962 ἀρχῇ
1556 1900 1762 1960 διωρίσα-

340 1991 430 2031 μεν,
446 1969 652 2030 οὐμόνον
666 1969 717 2016 τό
731 1969 778 2025 ἐξ
797 1969 986 2032 ἀνάγκης
998 1972 1079 2015 τινὶ
1089 1969 1297 2029 ὑπάρχειν
1307 1967 1496 2014 ἀλλὰκαὶ
1508 1966 1558 2013 τὸ
1573 1966 1618 2021 ἐξ
1631 1965 1762 2026 ἀναγ·

340 2057 422 2100 κης
431 2038 510 2083 τινὶ
520 2035 580 2098 μὴ
591 2035 803 2095 ὑπάρχειν
811 2037 1007 2098 ληπτέον.
1019 2035 1182 2082 τούτου
1192 2037 1237 2081 δὲ
1247 2035 1494 2097 ληφθέντος
1505 2031 1637 2079 οὐδὲν
1649 2043 1762 2090 συμ-

294 2123 329 2150 so
342 2106 479 2165 βαίνει
491 2101 720 2155 ἀδύνατον,
740 2101 838 2147 ὥστ’
850 2100 909 2148 οὐ
920 2103 1078 2162 γίνεται
1089 2100 1393 2162 συλλογισμός.
1417 2097 1608 2160 φανερὸν
1622 2090 1708 2144 οὖν
1717 2097 1764 2142 ἐκ

342 2174 432 2217 τῶν
442 2169 674 2231 εἰρημένων
685 2165 751 2214 ὅτι
763 2166 846 2214 οὐκ
860 2166 1133 2228 ἀντιστρέφει
1147 2166 1196 2213 τὸ
1215 2166 1478 2229 στερητικόν.

482 2234 662 2282 Τούτου
681 2235 726 2280 δὲ
748 2235 993 2294 δειχθέντος
1010 2235 1173 2280 κείσθω
1183 2232 1233 2280 τὸ
1252 2237 1359 2298 Ατῷ
1370 2234 1445 2293 μὲν
1458 2236 1495 2278 Β
1515 2229 1765 2289 ἐνδέχεσθαι
1813 2238 1815 2241 “

342 2302 506 2365 μηδενί,
516 2305 580 2366 τῷ
591 2302 636 2347 δὲ
646 2302 833 2347 Γπαντί.
855 2299 927 2346 διά
947 2301 1024 2360 μὲν
1044 2294 1128 2346 οὖν
1144 2305 1221 2363 τῆς
1233 2298 1523 2361 ἀντιστροφῆς
1542 2295 1628 2343 οὐκ
1649 2295 1764 2340 ἔσται

433 2415 453 2446 3
471 2410 557 2455 ου’κ]
578 2410 644 2446 οὐκ
663 2409 708 2446 ὂὶν
727 2413 788 2445 Ad.
805 2432 847 2441 ,-
873 2410 1107 2456 ἀντιστρέφοι
1124 2424 1161 2452 π,
1185 2425 1226 2455 pr
1245 2414 1284 2454 B,
1309 2423 1385 2444 corr
1410 2411 1503 2443 A.-
1528 2406 1713 2453 6ὖπάρχει
1726 2407 1762 2439 C.

344 2459 439 2491 -12
451 2457 658 2499 κατάφασις
672 2455 741 2502 γὰρ
761 2459 796 2490 C.
812 2475 853 2481 -
880 2458 920 2490 13
939 2455 990 2499 ἐξ]
1006 2458 1065 2490 καὶ
1078 2455 1114 2497 ἐξ
1130 2453 1168 2498 Β,
1193 2456 1253 2490 καὶ
1271 2455 1311 2489 τὸ
1332 2454 1474 2497 ἐξῙί.-
1495 2452 1671 2497 ὑπάρχειν
1686 2448 1727 2485 τὸ
1742 2451 1765 2495 β

343 2514 410 2580 agn,
433 2500 587 2555 ὑπάρχει
604 2499 646 2536 τὸ
668 2503 690 2547 β
708 2514 741 2580 τὲ,
765 2500 943 2556 ὑπάρχειν
961 2502 1032 2558 Βά,
1049 2499 1230 2556 εἰἷ7ι,”ι>ὶρξειν
1250 2498 1292 2535 τὸ
1314 2502 1335 2545 β
1356 2501 1390 2532 C.
1417 2519 1456 2557 :-
1494 2499 1532 2551 ¹⁴3
1549 2498 1601 2543 τῷ
1617 2498 1639 2541 β
1653 2508 1697 2551 m:
1720 2513 1767 2572 -ἰ

342 2546 940 2635 μ’,όῖοἵντῗνὶοέζὶνῖῖιόνῖἴ’3ξῖἦὲ
947 2558 1020 2625 ἶῖἔῖ
1035 2548 1251 2634 ἒέἔῖἓῗκξξ
1269 2563 1324 2624 οἵ
1332 2555 1579 2629 πῗῖζῖῗὲὶφ.
1603 2541 1715 2618 -τῗέ
1733 2551 1768 2618 ἶι

345 2647 400 2667 om
419 2648 459 2678 pr
477 2638 518 2669 Β.
543 2654 587 2662 -
625 2637 664 2668 16
682 2643 716 2668 et
735 2637 777 2669 17
800 2634 978 2681 ὑπάρχειν
995 2647 1035 2676 ιι,
1072 2648 1113 2679 pr
1142 2637 1177 2669 C.
1210 2654 1252 2660 -
1286 2635 1326 2668 16
1344 2632 1514 2687 ὑπάρχει]
1537 2632 1610 2665 ταῖν
1631 2643 1655 2664 α
1671 2630 1696 2662 i.
1721 2647 1764 2655 —

342 2678 497 2723 ’ὑπάρχει
509 2705 516 2713 .
531 2707 538 2715 .
551 2704 559 2712 .
571 2681 611 2714 17
629 2680 702 2714 τινὶ
717 2692 772 2713 om
789 2681 830 2714 A.
843 2683 888 2706 '—
909 2682 954 2713 22
970 2678 1061 2723 ἀλλ’]
1076 2680 1222 2724 εἰτύχοι
1236 2676 1344 2723 (τύχῃ
1359 2678 1411 2721 u),
1432 2677 1495 2711 ἀλλ
1519 2688 1576 2709 πα.
1593 2693 1636 2701 -
1662 2672 1699 2708 ἐν
1710 2685 1765 2707 om

342 2724 398 2757 dn.
423 2743 465 2749 —
490 2726 533 2758 25
549 2737 590 2767 pr
605 2722 782 2770 ὑπάρχειν
800 2737 854 2758 om
873 2726 907 2758 d.
934 2744 973 2749 —
998 2724 1039 2759 τὸ
1059 2723 1095 2767 ἐξ
1114 2737 1190 2758 corr
1211 2726 1245 2758 C.
1269 2742 1311 2749 —
1334 2725 1376 2756 26
1395 2720 1436 2757 τὸ
1457 2735 1497 2766 pr
1519 2722 1555 2755 C.
1581 2738 1622 2745 —
1645 2720 1690 2753 28
1701 2717 1765 2763 μό-

341 2780 408 2802 νον
424 2780 478 2801 om
498 2771 569 2802 AC.
594 2787 636 2796 --
661 2777 741 2813 post
757 2769 830 2805 τινὶ
848 2770 904 2803 del
925 2770 1057 2814 aliquid
1072 2782 1103 2803 n.
1132 2788 1177 2795 —-
1199 2767 1260 2803 καὶ
1278 2780 1331 2801 om
1352 2769 1409 2810 Af.
