1826 3112
302 208 382 247 236
808 211 1213 245 ΑΝΑΛῬΤΙΚΩΝ

252 321 288 350 40
303 302 523 365 ὑπάρχειν.
563 304 695 351 πάλιν
722 305 760 351 εἰ
777 303 829 350 τὸ
856 309 894 351 Β
911 307 993 352 τινὶ
1010 310 1080 388 τῷ
1090 307 1218 352 Γκαὶ
1236 304 1288 352 τὸ
1309 309 1347 352 A
1367 307 1450 352 τινὶ
1471 309 1533 370 τῷ
1557 311 1608 365 Γ,
1632 307 1717 355 οὐκ

303 371 420 418 ἔσται
438 369 751 431 συλλογισμός·
777 369 1007 430 ουδέτερον
1027 370 1111 433 γὰρ
1122 372 1326 418 καθόλου
1338 391 1427 418 των
1443 373 1715 434 εἰλημμένων.

240 444 265 477 b
302 434 402 483 ωστ’
426 436 511 482 οὐκ
536 435 769 494 ἀναιρεῖται
789 435 838 482 τὸ
859 441 945 483 ΑΒ.
969 436 1043 484 ἐὰν
1061 437 1099 484 6'
1119 437 1413 497 αντικειμένως
1433 436 1717 502 οἷντιστρέφη-

300 521 386 558 ται,
417 501 698 561 ἀναιροῦνται
732 501 982 563 ἀμφότεραι.
1027 505 1064 549 εἰ
1096 503 1177 563 γὰρ
1204 502 1253 549 τὸ
1283 508 1332 584 Β
1352 506 1475 550 παντὶ
1505 509 1567 568 τῷ
1597 508 1647 561 Γ,
1667 503 1717 550 τὸ

301 569 347 614 δὲ
380 572 418 612 Α
447 545 596 630 μηδενὶ
626 571 689 632 τῷ
714 571 764 624 Β,
797 567 945 614 ου’δενὶ
972 573 1032 614 τῶ
1067 573 1112 614 Γ
1133 568 1183 615 τὸ
1215 575 1274 615 Α·
1303 562 1358 632 ἦν
1386 571 1432 615 δὲ
1461 571 1572 616 τινί.-
1588 570 1719 617 πάλιν

301 634 339 679 εἰ
364 631 416 678 τὸ
446 637 483 678 Β
510 635 638 679 παντὶ
666 637 726 698 τῷ
750 632 891 689 Γ,τὸ
922 636 967 680 δὲ
998 639 1035 680 A
1063 636 1144 680 τινὶ
1169 639 1233 699 τοῖ
1268 638 1318 690 Γ,
1352 637 1433 681 τινὶ
1451 639 1512 699 τῷ
1532 639 1570 681 Β
1589 634 1640 682 τὸ
1667 640 1715 681 Α.

266 713 283 741 ⁵
302 696 330 760 ἡ
349 697 460 760 αὐτὴ
484 697 521 743 6’
542 679 758 756 ἀπόδειξις
779 701 852 745 καὶ
874 702 912 746 εἰ
927 698 976 746 τὸ
998 700 1203 746 καθόλου
1221 700 1518 762 κατηγορικόν.

221 766 285 810 10
431 762 527 810 Ἐπὶ
555 766 600 810 δὲ
627 769 710 810 τοῦ
736 766 884 823 τρίτου
911 765 1126 847 σχήματος
1154 764 1259 811 ὅταν
1279 768 1356 824 μὲν
1375 767 1575 822 ἐναντίως
1596 764 1716 812 ἄντι-

301 829 538 892 στρέφηται
547 828 600 875 τὸ
622 832 924 890 συμπέρασμα,
946 830 1153 888 οὐδετέρα
1163 834 1249 876 τῶν
1260 831 1509 889 προτάσεων
1529 830 1718 891 αναιρεῖ-

300 913 369 940 ται
399 895 491 941 κατ’
522 895 684 942 ουὸένα
720 915 808 941 των
850 899 1174 956 συλλογισμῶν,
1203 893 1308 942 ὅταν
1341 895 1379 942 δ’
1410 895 1718 956 αντικειμένως,

301 959 540 1020 αμφότεραι
579 963 653 1006 καὶ
688 962 732 1007 ἐν
761 959 934 1007 απασιν.
980 963 1188 1021 δεδείχθω
1218 959 1299 1022 γὰρ
1324 980 1376 1007 το
1408 967 1445 1007 Α
1474 964 1555 1008 τινὶ
1587 980 1645 1027 τω
1680 966 1717 1007 Β

252 1039 286 1067 10
301 1023 512 1085 ὑπάρχον,
544 1027 679 1086 μέσον
709 1024 746 1072 ὁ’
776 1026 976 1089 εἰλήφθω
1007 1026 1057 1073 τὸ
1079 1031 1130 1084 Γ,
1165 1028 1356 1073 ἔστωσαν
1380 1029 1426 1073 δὲ
1449 1008 1653 1074 καθόλου
1674 1028 1718 1074 αῖ

299 1092 540 1151 προτάσεις.
574 1090 748 1138 οὐκοῦν
775 1091 849 1138 ἐὰν
871 1097 1028 1154 ληφθῇ
1045 1091 1096 1138 τὸ
1119 1097 1156 1138 Α
1177 1094 1258 1138 τινὶ
1281 1097 1341 1154 τῷ
1363 1097 1400 1138 Β
1417 1092 1476 1156 μὴ
1492 1092 1716 1154 ὑπαρχειν,

299 1155 351 1203 τὸ
381 1159 427 1203 δὲ
456 1161 493 1204 Β
525 1158 652 1203 παντὶ
678 1177 739 1221 τω
773 1162 831 1214 Γ,
866 1177 924 1204 ov
959 1160 1116 1218 γίνεται
1150 1157 1440 1219 συλλογισμὸς
1465 1163 1549 1205 τοῦ
1578 1164 1615 1204 Α
1644 1160 1718 1204 καὶ

300 1226 385 1269 τοῦ
416 1227 467 1269 Γ.
512 1221 609 1269 0136'
638 1224 675 1269 εἰ
700 1221 750 1269 τὸ
779 1229 816 1270 Α
841 1228 902 1270 τῶ
935 1225 1011 1283 μὲν
1040 1228 1078 1270 Β
1104 1226 1186 1270 τινὶ
1212 1223 1271 1286 μὴ
1304 1222 1501 1284 ὑπαρχει,
1531 1229 1592 1289 τῷ
1611 1226 1657 1270 δὲ
1681 1228 1726 1270 Γ

302 1290 443 1346 παντί,
474 1287 559 1334 οὐκ
589 1289 704 1335 ἔσται
737 1307 819 1336 του
842 1294 876 1335 Β
897 1292 967 1335 καὶ
988 1294 1072 1336 τοῦ
1095 1294 1141 1335 Γ
1153 1292 1455 1350 συλλογισμός.
1491 1288 1652 1349 ὁμοίως
1671 1291 1718 1336 δὲ

255 1370 289 1398 1⁵
305 1353 580 1417 δειχθήσεται
611 1356 686 1400 καὶ
716 1356 753 1400 εἰ
779 1353 839 1417 μὴ
865 1356 1071 1402 καθόλου
1092 1357 1136 1401 αἱ
1156 1356 1395 1414 προτάσεις.
1418 1353 1448 1417 ἢ
1469 1354 1550 1416 γὰρ
1572 1354 1718 1415 α’μφο-

303 1421 430 1479 τέρας
460 1419 626 1481 α’ναγκη
661 1419 768 1466 κατὰ
802 1422 931 1480 μέρος
966 1428 1073 1468 εἰναι
1109 1419 1180 1467 616
1199 1426 1278 1483 τῆς
1300 1419 1608 1503 ἅντιστροφῆςζ
1620 1419 1650 1484 ἢ
1667 1419 1717 1467 τὸ

303 1486 508 1532 καθόλου
526 1485 638 1544 πρὸς
659 1490 718 1547 τῷ
739 1485 972 1533 ἑλάττονι’
953 1506 1071 1551 ακρῳ
1087 1488 1307 1547 γίνεσθαι·
1337 1485 1455 1532 οὕτω
1482 1486 1521 1533 6'
1550 1485 1635 1533 οὐκ
1663 1480 1719 1549 ἦν

304 1550 599 1612 συλλογισμὸς
628 1550 721 1597 ουτ’
750 1553 794 1598 ἐν
823 1556 884 1616 τῷ
917 1553 1074 1617 πρώτῳ
1103 1552 1284 1615 σχήιιατι
1317 1551 1411 1598 οὔτ’
1438 1554 1482 1599 έν
1497 1557 1569 1634 τῷ
1588 1554 1716 1617 μέσῳ.

304 1615 380 1663 ἐὰν
397 1616 436 1663 6'
456 1616 750 1677 ἐπικειμένοις
769 1617 1141 1679 ἄντιστρέφωνται,
1165 1620 1210 1664 αἱ
1232 1618 1461 1699 προτάσεις
1481 1617 1718 1679 ἀναιροῦν-

253 1698 372 1729 stowe
405 1682 662 1743 αμφότεραι.
719 1685 756 1729 εἰ
785 1682 869 1763 γὰρ
896 1682 947 1730 τὸ
977 1689 1014 1730 A
1042 1686 1196 1767 μηδενὶ
1223 1689 1283 1748 τῷ
1314 1688 1364 1739 Β,
1398 1683 1447 1729 τὸ
1467 1685 1513 1730 δε
1538 1688 1575 1730 Β
1593 1685 1718 1730 παντὶ

303 1753 364 1794 τῶ
397 1753 447 1805 Γ,
477 1747 526 1795 τὸ
560 1753 598 1794 Α
625 1748 775 1796 οὐδενὶ
803 1754 863 1814 τῷ
895 1753 953 1795 Γ·
991 1749 1121 1796 πάλιν
1159 1751 1195 1796 εἰ
1224 1749 1275 1796 τὸ
1305 1754 1342 1795 Α
1371 1754 1431 1813 τῷ
1464 1768 1541 1809 μεν
1568 1754 1605 1796 Β
1634 1768 1718 1812 μη·-

304 1816 408 1872 δενί,
446 1820 507 1880 τῷ
536 1816 582 1861 δὲ
614 1819 659 1861 Γ
684 1817 831 1872 παντί,
861 1814 911 1862 τὸ
941 1820 978 1861 Β
1006 1815 1156 1862 οὐδενὶ
1185 1820 1246 1861 τῶ
1275 1819 1325 1861 Γ.
1378 1817 1451 1861 καὶ
1479 1818 1516 1862 εἰ
1545 1814 1574 1877 ἡ
1601 1816 1720 1876 ἑτέρα

304 1879 364 1943 μὴ
393 1881 610 1938 καθόλου,
640 1879 860 1938 ὡσαύτως.
908 1883 944 1928 εἰ
972 1880 1054 1942 γὰρ
1082 1880 1133 1928 τὸ
1162 1886 1197 1927 Α
1215 1883 1365 1943 μηδενὶ
1383 1886 1443 1946 τῷ
1467 1880 1594 1939 Β,τὸ
1617 1883 1662 1927 δὲ
1682 1885 1719 1927 Β

229 1974 233 1981 1
303 1948 384 1992 τινὶ
413 1951 477 2010 τῷ
511 1950 562 2002 Γ,
593 1946 645 1992 τὸ
674 1952 712 1993 Α
739 1949 823 1994 τινὶ
851 1952 912 2011 τῷ
943 1951 989 1992 Γ
1014 1945 1099 2007 οὐχ
1124 1946 1327 2006 ὑπάρξει·
1373 1949 1411 1992 εἰ
1437 1949 1483 1992 δὲ
1514 1945 1564 1992 τὸ
1586 1951 1624 1992 Α
1658 1965 1716 1992 τω

253 2013 380 2072 25μεν
409 2016 446 2057 Β
477 2012 642 2074 μηδενί,
671 2016 735 2076 τῷ
764 2014 810 2058 δε
833 2016 879 2058 Γ
902 2014 1041 2069 παντί,
1072 2011 1219 2058 οὐδενὶ
1247 2016 1308 2076 τῷ
1335 2015 1379 2057 Γ
1391 2010 1441 2057 τὸ
1461 2016 1510 2057 Β.
1557 2011 1720 2072 ὁμοίως

304 2079 351 2124 δὲ
380 2079 453 2123 καὶ
482 2080 520 2124 εἰ
547 2059 797 2139 στερητικὸς
837 2076 862 2124 6
891 2077 1196 2163 συλλογισμός.
1251 2081 1359 2123 δεδει
1349 2079 1457 2138 Ι’χθω
1489 2076 1570 2138 γὰρ
1599 2076 1650 2124 τὸ
1683 2081 1720 2123 Α

303 2144 387 2189 τινὶ
418 2147 478 2208 τῷ
507 2147 544 2189 Β
575 2142 634 2205 μὴ
665 2143 880 2203 ὐπαρχον,
914 2145 1019 2190 ε’στω
1053 2145 1099 2190 δε
1128 2142 1413 2205 κατηγορικὸν
1441 2144 1518 2202 μὲν
1548 2142 1598 2189 τὸ
1628 2147 1720 2201 ΒΓ,

306 2189 584 2274 αποφατικόν
622 2210 668 2255 δὲ
700 2208 751 2255 τὸ
780 2213 878 2254 ΑΓ·
916 2207 1032 2255 οὕτω
1061 2208 1142 2270 γὰρ
1173 2210 1330 2269 ἐγινετο
1362 2207 1386 2254 6
1417 2209 1718 2269 συλλογισμός.

305 2273 410 2322 ὅταν
429 2293 505 2334 μεν
526 2292 610 2320 ουν
629 2273 678 2321 τὸ
699 2271 889 2321 ἐναντιον
900 2279 1057 2337 ληφθῇ
1070 2279 1134 2320 τῶ
1144 2274 1484 2333 συμπεράσματι,
1503 2274 1588 2320 οὐκ
1606 2275 1720 2320 ἔσται

256 2355 290 2383 30
308 2339 611 2406 συλλογισμός.
660 2341 696 2387 εἰ
728 2340 812 2402 γὰρ
846 2339 895 2386 τὸ
928 2345 964 2386 A
994 2342 1075 2387 τινὶ
1106 2345 1169 2404 τῷ
1201 2338 1332 2393 Β,τὸ
1361 2341 1407 2385 ὁε
1438 2343 1475 2385 Β
1503 2341 1630 2386 παντὶ
1657 2345 1720 2385 τοῑ

308 2411 360 2464 Γ,
385 2406 472 2453 ουίι
481 2406 837 2468 ἠνσυλλογισμὸς
855 2425 936 2452 του
957 2411 993 2452 Α
1012 2408 1084 2452 καὶ
1103 2411 1186 2452 τοῦ
1206 2410 1254 2451 Γ.
1278 2404 1377 2451 0136’
1396 2406 1433 2450 εἰ
1450 2403 1548 2451 τὸΑ
1565 2407 1647 2451 τινὶ
1660 2411 1720 2470 τῷ

307 2477 356 2530 Β,
379 2478 443 2537 τῷ
473 2475 520 2518 δὲ
554 2476 599 2517 Γ
618 2474 781 2535 μηδενί,
814 2472 900 2521 ofin
921 2465 975 2535 ἦν
993 2491 1076 2519 του
1101 2477 1138 2518 Β
1158 2473 1229 2518 καὶ
1251 2475 1332 2517 τοῦ
1350 2475 1396 2516 Γ
1409 2471 1718 2532 συλλογισμός.

396 2606 526 2650 ssob4y
544 2605 643 2640 ἔσται
662 2606 734 2641 τινὶ
757 2607 829 2640 τῶν
845 2607 868 2651 β
885 2619 919 2641 π.
953 2627 997 2633 -
1028 2608 1049 2642 5
1066 2603 1306 2659 κατηγορικὸν
1324 2605 1390 2647 εἰη.
1425 2603 1484 2640 ἐπὶ
1504 2617 1537 2639 ιι.
1567 2622 1612 2630 -
1645 2606 1664 2637 9
1685 2612 1720 2637 et

311 2653 349 2684 ll
367 2652 441 2685 ταῖν
458 2663 491 2684 ιι.
505 2671 541 2676 -
574 2653 612 2685 18
626 2652 699 2684 τῶν
717 2663 782 2695 μεν
801 2653 884 2693 Auf-
894 2671 939 2677 —-
954 2651 1064 2685 παντὶ
1083 2665 1117 2684 ιι.
1130 2670 1175 2676 -
1192 2651 1232 2684 15
1242 2647 1462 2694 ἀμφοτέρας
1470 2657 1550 2692 post
1560 2647 1669 2693 μέρος
1683 2651 1719 2682 C.

308 2697 413 2728 —24
433 2708 473 2738 pr
491 2696 554 2741 τῷ]
574 2696 695 2729 τῶνιι.
722 2714 765 2722 -
786 2696 831 2729 24
852 2695 892 2730 τὸ
914 2696 1023 2731 octavi
1041 2697 1196 2752 τῷγοηι
1216 2696 1254 2734 Α,
1278 2706 1315 2726 ιο
1331 2706 1434 2738 supra
1450 2706 1536 2730 vsu.
1550 2712 1592 2720 —
1615 2695 1656 2727 31
1679 2706 1720 2737 pr

310 2739 351 2783 α]
370 2740 418 2784 βα
435 2751 475 2783 px
493 2752 527 2773 ιι.
554 2759 596 2765 -
619 2740 688 2775 τινι
708 2740 782 2775 τῶν
797 2752 830 2774 ιι
856 2761 897 2768 -
922 2743 962 2775 31
985 2748 1020 2775 et
1034 2730 1079 2775 δέ
1094 2739 1170 2783 καὶ]
1187 2736 1278 2772 κατὰ
1299 2739 1361 2772 Βιι.
