1884 3100
675 235 1076 270 ΚΑΤΗΓΟΡΙΑΙ.
1528 235 1609 275 lm

154 333 378 396 λέγονται,
421 331 593 396 ὀργίλοι
629 351 676 380 τε
713 335 789 382 καὶ
830 334 1020 394 μανικοί.
1095 331 1259 394 ὁμοίως
1301 333 1349 380 δὲ
1387 334 1463 380 καὶ
1505 331 1608 382 ὅσαι

156 401 379 458 ἐκστάσεις
408 398 469 465 μὴ
499 400 711 462 φυσικαί,
751 399 848 447 ἄλλ’
890 399 983 447 άπό
1014 418 1145 448 τινων
1168 398 1314 448 ἄλλων
1336 401 1608 462 συμπτωμά-

155 487 243 516 των
259 469 509 532 γεγένηνται
531 466 895 515 δυσαπάλλακτοι
922 465 956 531 ἢ
984 470 1060 515 καὶ
1085 466 1204 526 ὅλως
1224 466 1437 531 ἀκίνητοι,
1472 468 1606 515 ποιό-

154 553 278 619 τητες
306 537 383 582 καὶ
407 534 461 582 τὰ
501 540 710 582 τοιαῦτα·
765 536 887 583 ποιοὶ
919 533 1004 596 γὰρ
1033 533 1146 582 κατὰ
1190 535 1355 593 ταύτας
1393 535 1604 598 λέγονται.
1621 553 1639 581 ⁵

156 600 242 650 οσα
260 604 308 650 δὲ
327 600 418 649 άπὸ
449 601 563 663 ταχὺ
594 601 1018 663 ἀποκαθισταμένων
1046 603 1231 665 γίνεται,
1266 603 1396 667 πάθη
1424 604 1604 665 λέγεται,

154 666 251 716 οἷον
272 670 310 716 εἰ
329 667 610 729 λυπούμενός
634 687 702 725 τις
723 667 1013 730 ὄργιλῶτερός
1044 670 1181 717 ἐστιν·
1228 669 1288 717 οὐ
1317 689 1402 731 γαρ
1438 671 1606 733 λέγεται

153 734 372 798 ὀργίλος
350 755 376 784 ο
396 736 440 783 ἐν
459 740 523 802 τῷ
539 735 732 801 τοιούτῳ
752 735 889 784 πάθει
909 735 1198 798 όργιλωτερος
1231 735 1318 794 ὧν,
1354 735 1468 784 ἄλλα
1492 741 1605 798 μᾶλ-

152 806 233 851 λον
259 804 534 851 πεπονθέναι
571 820 625 850 τι.
702 783 812 851 ὥστε
852 802 982 868 πάθη
1014 804 1095 865 μὲν
1121 804 1288 867 λέγεται
1322 822 1378 851 τα
1405 809 1604 863 τοιαῦτα,

153 870 382 934 ποιότητες
401 869 439 917 6'
460 868 533 918 οὔ.
1621 898 1656 927 10

294 938 511 999 Τέταρτον
544 938 592 984 δὲ
629 936 755 999 γένος
793 935 1034 1001 ποιότητος
1079 936 1225 1001 σχῆμά
1254 955 1299 985 τε
1328 938 1404 986 καὶ
1442 936 1474 1002 ἡ
1505 940 1605 1001 περὶ

153 1005 340 1053 ἕκαστον
368 1005 638 1067 ὑπάρχουσα
665 1004 844 1069 μορφή,
878 1005 937 1052 ἔτι
967 1006 1014 1052 δὲ
1044 1003 1162 1067 πρὸς
1190 1004 1372 1064 τούτοις
1403 1004 1606 1069 εὐθύτης

152 1073 227 1119 καὶ
254 1073 559 1135 καμπυλότης,
591 1073 666 1119 καὶ
689 1075 734 1119 εἴ
747 1091 788 1119 τι
808 1071 986 1131 τούτοις
1006 1069 1170 1133 ὅμοιόν
1191 1072 1319 1120 ἐστιν.
1376 1071 1483 1121 καθ’
1502 1075 1605 1121 ἕκα-

152 1150 259 1187 στον
275 1138 359 1202 γάρ
379 1139 551 1188 τούτων
571 1137 706 1187 ποιόν
730 1158 772 1186 τι
788 1139 979 1201 λέγεται·
1024 1144 1086 1206 τῷ
1115 1138 1199 1201 γὰρ
1222 1141 1437 1202 τρίγωνον
1467 1138 1501 1204 ἢ
1533 1158 1604 1188 τε-

152 1206 379 1269 τράγωνον
399 1205 510 1255 εἶναι
527 1205 665 1254 ποιόν
687 1224 729 1253 τι
748 1207 914 1269 λέγεται
927 1242 940 1264 ,
975 1209 1051 1254 καὶ
1075 1211 1137 1272 τῷ
1160 1205 1332 1254 εὐθύ””
1305 1227 1332 1270 η
1353 1207 1603 1268 καμπυλον.
1621 1227 1656 1256 1⁵

152 1276 227 1321 καὶ
254 1293 366 1322 κατα
395 1274 476 1339 τὴν
509 1271 693 1336 μορφὴν
723 1274 772 1322 δε
792 1275 976 1323 ἕκαστον
996 1273 1131 1323 ποιόν
1169 1290 1211 1320 τι
1241 1275 1418 1336 λέγεται.
1479 1274 1534 1322 τὸ
1556 1277 1605 1323 δὲ

153 1340 298 1402 μανὸν
326 1344 401 1389 καὶ
435 1340 486 1390 τὸ
520 1340 697 1390 πυκνὸν
727 1343 803 1389 καὶ
841 1340 892 1388 τὸ
929 1339 1070 1403 τραχύ
1100 1341 1174 1389 καὶ
1214 1339 1268 1388 τὸ
1302 1345 1421 1389 λεῖον
1460 1341 1604 1399 δόξειε

152 1407 291 1470 μὲν
261 1428 318 1456 αν
347 1410 482 1457 ποιόν
509 1426 551 1456 τι
587 1410 828 1472 σημαίνειν,
854 1409 966 1456 ἔοικε
1001 1410 1050 1456 δὲ
1090 1407 1299 1490 ἀλλότρια
1339 1427 1394 1456 τα
1419 1414 1605 1457 τοιαῦτα

153 1482 263 1523 εἰναι
280 1494 363 1540 της
381 1479 478 1538 περὶ
499 1475 549 1524 τὸ
569 1475 703 1524 ποιὰν
724 1477 999 1538 διαιρέσεως·
1034 1476 1168 1524 θέσιν
1199 1474 1283 1560 γὰρ
1303 1476 1477 1537 μᾶλλόν
1505 1496 1604 1525 τινα

153 1544 356 1605 φαίνεται
372 1549 463 1592 τοῖν
484 1545 650 1606 μορίων
669 1543 872 1603 ἑκάτερον
893 1547 1076 1607 δηλοῦν.
1130 1542 1309 1591 πυκνὸν
1340 1545 1418 1605 μὲν
1436 1563 1520 1606 γαρ
1539 1549 1603 1611 τῷ
1618 1562 1655 1590 20

150 1609 205 1658 τὰ
236 1611 368 1672 μόρια
401 1611 620 1674 σύνεγγυς
649 1608 759 1659 εἶναι
790 1610 1013 1695 αλλήλοις,
1047 1609 1194 1672 μανὸν
1220 1612 1268 1658 δὲ
1296 1616 1358 1677 τῷ
1380 1593 1603 1660 διεστάναι

169 1676 182 1694 ’
152 1676 228 1725 απ’
152 1677 469 1743 αποῖλλήλων·
504 1681 578 1726 καὶ
596 1683 715 1727 λεῖον
735 1680 814 1740 μὲν
842 1684 905 1746 τῷ
942 1677 1007 1726 ἐπ’
1041 1677 1226 1736 ευθείας
1258 1693 1354 1736 πως
1382 1676 1435 1725 τά
1465 1678 1604 1743 μόρια

151 1751 354 1805 κεῖσθαι,
387 1764 528 1808 τραχυ
546 1748 592 1794 δε
609 1751 671 1812 τῷ
693 1745 746 1793 τὸ
768 1764 846 1808 μεν
864 1728 1093 1807 ὑπερέχειν
1113 1744 1165 1792 τὸ
1188 1747 1235 1793 δε
1255 1746 1478 1808 ἐλλείπειν.

274 1812 403 1871 Ἴσως
423 1816 502 1875 μεν
520 1832 607 1862 ουν
629 1815 705 1860 καὶ
729 1812 865 1871 αλλος
887 1831 942 1860 αν
969 1831 1035 1872 τις
1066 1813 1229 1876 φανείη
1265 1812 1433 1873 τρόπος
1466 1811 1602 1859 ποιό-
1619 1832 1654 1860 25

152 1896 307 1944 τητος,
342 1880 436 1927 ἀλλ’
457 1883 510 1928 οῖ’
520 1899 566 1943 γε
586 1880 773 1949 μάλιστα
792 1880 1016 1943 λεγόμενοι
1047 1877 1208 1940 σχεδὸν
1233 1880 1447 1927 τοσοῦτοί
1478 1881 1601 1927 εἰσιν.

288 1948 536 2012 Ποιότητες
556 1967 634 2009 μεν
649 1949 734 1996 οὐν
759 1949 871 1995 εἰσὶν
900 1949 946 1994 αἱ
966 1947 1203 2011 εἰρημέναι,
1224 1945 1334 1994 ποιὰ
1354 1948 1401 1994 δὲ
1421 1964 1475 1993 τα
1493 1945 1603 1993 κατὰ

149 2012 317 2072 ταύτας
352 2015 631 2077 παρωνύμως
669 2015 880 2078 λεγόμενα
918 2013 949 2079 ἢ
982 2013 1198 2063 ὁπωσοῦν
1232 2013 1375 2072 ἄλλως
1405 2012 1481 2061 ἄπ’
1519 2013 1603 2061 αὐ-

241 2143 263 2174 2
296 2141 498 2197 λεγόμεθα
508 2141 556 2174 di.
587 2160 634 2166 —
674 2142 745 2185 λεγ
774 2139 856 2174 οἷον
882 2137 960 2185 ὀργ
967 2152 1071 2195 nge.
1098 2159 1140 2165 —
1183 2153 1222 2176 τε
1251 2153 1306 2174 om
1334 2152 1363 2174 e.
1388 2160 1432 2166 -
1469 2141 1518 2172 alt
1541 2140 1603 2177 καὶ

153 2198 209 2219 om
227 2187 251 2219 i.
276 2205 323 2212 —
359 2185 459 2230 οσαι]
484 2182 570 2221 όσαι
594 2183 703 2221 ἄλλαι
732 2187 798 2244 Cg.
821 2204 869 2211 —
908 2187 929 2219 3
960 2182 1079 2219 αλλων
1105 2196 1161 2218 om
1188 2186 1223 2219 d.
1257 2203 1300 2211 —
1340 2186 1363 2219 4
1391 2185 1604 2228 γεγένηνται

154 2242 212 2264 om
229 2232 263 2264 d
291 2251 332 2256 ——
367 2231 484 2270 ἄλλως
509 2232 587 2265 Bid.
614 2251 654 2257 --
692 2233 713 2265 5
732 2229 859 2265 καὶτὰ
878 2232 1039 2265 τοιαῦτα
1058 2242 1114 2263 om
1136 2241 1175 2284 g.
1203 2249 1245 2255 —
1271 2229 1390 2285 ποιοὶ]
1421 2229 1601 2284 λέγονται·

150 2276 257 2310 noto).
274 2277 340 2319 dsi.
363 2296 406 2302 —
431 2275 518 2322 γὰρ]
534 2275 622 2330 γὰρ
623 2276 688 2311 καὶ
709 2278 747 2309 C.
772 2295 817 2302 ·—
846 2277 968 2310 ταῦτα
987 2277 1040 2329 df,
1066 2273 1183 2315 αὐτας
1200 2286 1238 2319 g.
1264 2295 1308 2300 —
1342 2278 1513 2316 λεγονται
1536 2273 1602 2320 ὄρ-

151 2322 248 2364 ymon
267 2334 305 2356 τε
330 2322 395 2356 καὶ
423 2323 574 2365 μανικοὶ
601 2318 672 2356 ὅσα
699 2322 742 2355 Β.
767 2341 808 2347 -
841 2322 862 2355 6
882 2318 974 2365 ἀπὸ]
1008 2318 1083 2356 ἀπὸ
1113 2321 1252 2367 ῥᾳδίως
1278 2320 1340 2355 καὶ
1368 2322 1493 2374 Cesgu‚
1523 2334 1602 2354 corr

151 2368 218 2401 Bn.
232 2386 272 2392 -
300 2366 586 2404 καθισταμένων
605 2367 750 2401 ABCdi.
765 2386 810 2393 —
834 2367 1001 2409 γίνονται
1016 2378 1044 2400 e.
1071 2384 1118 2392 —
1143 2368 1161 2400 7
1178 2378 1234 2411 γρ.
1251 2364 1488 2409 &macianus
1506 2377 1546 2410 g.
1559 2386 1601 2390 —

150 2424 207 2452 τις
227 2424 282 2445 om
306 2413 378 2455 Bu,
400 2426 443 2458 pr
463 2425 497 2445 n.
522 2431 569 2437 ——
610 2411 722 2456 ἐστιν]
753 2410 905 2455 γένηται
935 2413 1010 2456 Cg,
1044 2424 1124 2444 corr
1145 2423 1209 2456 en,
1244 2411 1383 2453 γίνεται
1400 2413 1434 2454 f.
1462 2429 1504 2436 -
1539 2407 1599 2455 ov]

152 2456 242 2492 ουδὲ
263 2458 314 2491 Ci.
339 2478 383 2484 —
414 2459 437 2492 8
464 2454 501 2501 6]
527 2470 578 2497 ως
596 2458 621 2492 i.
644 2476 690 2483 —
724 2459 862 2500 μᾶλλον
883 2458 936 2503 τῷ
962 2438 1209 2492 πεπονθέναι
1227 2457 1328 2500 Cdgi.
1354 2476 1397 2482 —
1434 2456 1455 2488 9
1476 2453 1602 2498 λέγον-

151 2515 215 2538 ται
236 2503 287 2536 ci.
313 2522 355 2527 —
392 2505 429 2537 ll
461 2502 501 2537 δὲ
518 2515 575 2536 om
599 2515 628 2537 e.
650 2522 692 2528 —
722 2504 763 2537 13
782 2502 833 2547 τι]
856 2516 894 2537 τι
913 2493 1002 2537 ἄλλο
1020 2514 1073 2535 επ.
1098 2521 1144 2527 --
1176 2500 1274 2536 ἐστιν
1294 2513 1349 2534 om
1371 2513 1400 2534 e.
1426 2518 1471 2526 —
1507 2501 1550 2535 14
1568 2509 1602 2534 et

154 2549 197 2582 15
222 2548 291 2595 τῷ]
316 2546 358 2583 τὸ
387 2550 565 2605 ABCegu.
594 2569 635 2574 —
678 2548 719 2581 14
753 2560 794 2601 pr
819 2548 888 2593 γᾶρ
923 2560 980 2581 om
1010 2548 1136 2582 1112-
1186 2547 1224 2580 15
1253 2544 1366 2580 ποιόν
1396 2558 1433 2580 τι
1459 2544 1602 2588 λέγεται

153 2605 210 2627 om
228 2606 258 2628 e.
280 2613 327 2619 —
350 2590 435 2639 η]”“
414 2608 434 2638 η
451 2595 513 2630 καὶ
531 2596 568 2628 C.
593 2612 632 2618 —
659 2591 853 2635 καμπύλον
875 2591 972 2628 εἶναι
988 2592 1052 2627 καὶ
1069 2592 1203 2625 ABmli.
1227 2609 1274 2617 —-
1299 2592 1340 2625 16
1361 2589 1400 2625 δε
1417 2603 1474 2624 om
1487 2603 1544 2648 eg.
1559 2612 1600 2618 -

150 2651 187 2674 τι
219 2651 276 2672 orn
306 2640 415 2684 Cneg.
439 2658 485 2667 —
520 2641 562 2674 17
587 2637 630 2674 τὸ
655 2638 710 2671 bis
736 2650 792 2672 om
815 2650 908 2684 gen,
933 2639 1037 2671 etiam
1063 2645 1133 2670 tert
1155 2648 1211 2669 om
1236 2647 1288 2669 ne.
1314 2656 1359 2662 --
1398 2637 1440 2669 18
1459 2649 1526 2680 μεν
1546 2649 1601 2671 om

150 2683 221 2729 tgf.
245 2703 291 2710 —
331 2697 370 2719 τι
399 2697 456 2718 om
481 2685 563 2719 Adi.
589 2704 633 2711 —
672 2681 720 2718 τὰ
744 2685 903 2719 τοιαῦτα
930 2681 1107 2737 ἀλλότρια
1136 2682 1170 2714 d.
1196 2699 1240 2707 —
1283 2682 1324 2714 19
1352 2681 1492 2724 μᾶλλον
1519 2689 1603 2727 post

152 2741 238 2763 τινα
265 2741 319 2769 en,
342 2742 399 2763 om
423 2732 460 2764 C.
484 2749 530 2756 —
566 2732 611 2764 20
636 2726 792 2764 ἕκαστον
823 2731 861 2764 C.
888 2748 928 2755 -
961 2725 1049 2773 γὰρ]
1076 2727 1147 2770 ’γὰρ
1171 2725 1315 2770 λέγεται
1343 2727 1390 2764 G,
1423 2739 1479 2760 om
1503 2739 1532 2760 e.
1560 2747 1601 2754 —

152 2774 196 2808 21
215 2774 336 2829 μανὸν
349 2775 392 2810 τὸ
413 2776 437 2810 ἰ.
461 2794 508 2802 —
544 2776 589 2810 25
606 2772 655 2810 ἄν
674 2786 730 2809 om
750 2775 784 2809 d.
801 2793 846 2802 —-
870 2770 919 2810 ἄν
934 2785 991 2815 τις
1009 2785 1066 2807 orn
1090 2773 1172 2808 Cde.
1197 2790 1242 2797 —-
1275 2772 1320 2806 26
1340 2768 1447 2809 οὗτοι
1467 2774 1530 2808 Ad.
1558 2792 1600 2798 —-

154 2818 200 2852 27
222 2817 299 2854 κατ’
317 2818 432 2863 αὕτὰς
452 2822 509 2864 Cf.
