<?xml version="1.0" encoding="UTF-8"?>
<!DOCTYPE html PUBLIC "-//W3C//DTD XHTML 1.0 Transitional//EN"
    "http://www.w3.org/TR/xhtml1/DTD/xhtml1-transitional.dtd">
<html xmlns="http://www.w3.org/1999/xhtml" xml:lang="en" lang="en">
 <head>
  <title>
</title>
<meta http-equiv="Content-Type" content="text/html;charset=utf-8" />
  <meta name='ocr-system' content='tesseract 3.04.00' />
  <meta name='ocr-capabilities' content='ocr_page ocr_carea ocr_par ocr_line ocrx_word'/>
</head>
<body>
  <div class='ocr_page' id='page_1' title='image "aristotelisorgan01arisuoft_0069.png"; bbox 0 0 1820 3100; ppageno 0'>
   <div class='ocr_carea' id='block_1_1' title="bbox 0 0 16 597">
    <p class='ocr_par' dir='ltr' id='par_1_1' title="bbox 0 0 16 597">
     <span class='ocr_line' id='line_1_1' title="bbox 0 0 16 597; baseline 0 2503"><span class='ocrx_word' id='word_1_1' title='bbox 0 0 16 597; x_wconf 95' lang='lat' dir='ltr'><strong><em> </em></strong></span> 
     </span>
    </p>
   </div>
   <div class='ocr_carea' id='block_1_2' title="bbox 530 207 1582 254">
    <p class='ocr_par' dir='ltr' id='par_1_2' title="bbox 530 207 1582 254">
     <span class='ocr_line' id='line_1_2' title="bbox 530 207 1582 254; baseline -0.001 -12"><span class='ocrx_word' id='word_1_2' title='bbox 530 207 742 243; x_wconf 80' lang='lat' dir='ltr'><strong>Scholia</strong></span> <span class='ocrx_word' id='word_1_3' title='bbox 773 208 828 243; x_wconf 77' lang='lat' dir='ltr'><strong><em>ad</em></strong></span> <span class='ocrx_word' id='word_1_4' title='bbox 861 208 1165 254; x_wconf 73' lang='lat' dir='ltr'><strong>categorias.</strong></span> <span class='ocrx_word' id='word_1_5' title='bbox 1527 211 1582 252; x_wconf 82' lang='lat'><strong><em>35</em></strong></span> 
     </span>
    </p>
   </div>
   <div class='ocr_carea' id='block_1_3' title="bbox 123 299 1678 2874">
    <p class='ocr_par' dir='ltr' id='par_1_3' title="bbox 128 299 1583 689">
     <span class='ocr_line' id='line_1_3' title="bbox 130 299 1582 352; baseline 0.003 -13"><span class='ocrx_word' id='word_1_6' title='bbox 130 318 197 351; x_wconf 90' lang='grc' dir='ltr'><strong><em>μα.</em></strong></span> <span class='ocrx_word' id='word_1_7' title='bbox 224 331 233 340; x_wconf 95' lang='grc'><strong><em>.</em></strong></span> <span class='ocrx_word' id='word_1_8' title='bbox 247 329 276 339; x_wconf 87' lang='grc'><strong><em>..</em></strong></span> <span class='ocrx_word' id='word_1_9' title='bbox 301 302 349 340; x_wconf 85' lang='grc' dir='ltr'><strong><em>ου’</em></strong></span> <span class='ocrx_word' id='word_1_10' title='bbox 364 304 418 351; x_wconf 75' lang='grc' dir='ltr'><strong><em>τῷ</em></strong></span> <span class='ocrx_word' id='word_1_11' title='bbox 433 299 532 340; x_wconf 78' lang='grc' dir='ltr'><strong><em>αύτὰ</em></strong></span> <span class='ocrx_word' id='word_1_12' title='bbox 552 301 599 340; x_wconf 76' lang='grc' dir='ltr'><strong><em>τοὶ</em></strong></span> <span class='ocrx_word' id='word_1_13' title='bbox 615 303 816 350; x_wconf 84' lang='grc' dir='ltr'><strong><em>δεδεγμένα</em></strong></span> <span class='ocrx_word' id='word_1_14' title='bbox 839 303 908 345; x_wconf 80' lang='grc' dir='ltr'><strong><em>τὰς</em></strong></span> <span class='ocrx_word' id='word_1_15' title='bbox 930 305 1135 350; x_wconf 72' lang='grc' dir='ltr'><strong><em>ποιότητας</em></strong></span> <span class='ocrx_word' id='word_1_16' title='bbox 1148 304 1383 342; x_wconf 73' lang='grc' dir='ltr'><strong><em>πεπονθέναι</em></strong></span> <span class='ocrx_word' id='word_1_17' title='bbox 1400 319 1446 350; x_wconf 88' lang='grc' dir='ltr'><strong><em>τι,</em></strong></span> <span class='ocrx_word' id='word_1_18' title='bbox 1463 303 1582 352; x_wconf 82' lang='grc' dir='ltr'><strong><em>ἤγουν</em></strong></span> 
     </span>
     <span class='ocr_line' id='line_1_4' title="bbox 132 357 1582 408; baseline 0.001 -10"><span class='ocrx_word' id='word_1_19' title='bbox 132 358 216 406; x_wconf 70' lang='grc' dir='ltr'><strong><em>οὐχὶ</em></strong></span> <span class='ocrx_word' id='word_1_20' title='bbox 241 358 281 396; x_wconf 76' lang='grc' dir='ltr'><strong><em>ἐν</em></strong></span> <span class='ocrx_word' id='word_1_21' title='bbox 303 361 356 408; x_wconf 76' lang='grc' dir='ltr'><strong><em>τῷ</em></strong></span> <span class='ocrx_word' id='word_1_22' title='bbox 378 357 454 397; x_wconf 84' lang='grc' dir='ltr'><strong><em>άπὸ</em></strong></span> <span class='ocrx_word' id='word_1_23' title='bbox 478 361 632 402; x_wconf 78' lang='grc' dir='ltr'><em>πάθους</em></span> <span class='ocrx_word' id='word_1_24' title='bbox 656 359 893 406; x_wconf 73' lang='grc' dir='ltr'><strong><em>ἐπιγενέσθαι</em></strong></span> <span class='ocrx_word' id='word_1_25' title='bbox 915 362 968 408; x_wconf 78' lang='grc' dir='ltr'><strong><em>τῷ</em></strong></span> <span class='ocrx_word' id='word_1_26' title='bbox 990 360 1134 408; x_wconf 79' lang='grc' dir='ltr'><strong><em>σώματι</em></strong></span> <span class='ocrx_word' id='word_1_27' title='bbox 1155 365 1236 403; x_wconf 84' lang='grc' dir='ltr'><strong><em>τοῖς</em></strong></span> <span class='ocrx_word' id='word_1_28' title='bbox 1257 361 1492 407; x_wconf 77' lang='grc' dir='ltr'><strong><em>δεδεγμένοις</em></strong></span> <span class='ocrx_word' id='word_1_29' title='bbox 1509 361 1582 400; x_wconf 73' lang='grc' dir='ltr'><strong><em>αό-</em></strong></span> 
     </span>
     <span class='ocr_line' id='line_1_5' title="bbox 129 414 1580 466; baseline 0.001 -13"><span class='ocrx_word' id='word_1_30' title='bbox 129 414 178 453; x_wconf 80' lang='grc' dir='ltr'>τά</span> <span class='ocrx_word' id='word_1_31' title='bbox 210 417 423 462; x_wconf 83' lang='grc' dir='ltr'><strong><em>παθητικαὶ</em></strong></span> <span class='ocrx_word' id='word_1_32' title='bbox 450 416 647 464; x_wconf 77' lang='grc' dir='ltr'><strong><em>ποιότητες</em></strong></span> <span class='ocrx_word' id='word_1_33' title='bbox 679 417 865 463; x_wconf 82' lang='grc' dir='ltr'><strong><em>λέγονται,</em></strong></span> <span class='ocrx_word' id='word_1_34' title='bbox 898 416 992 454; x_wconf 66' lang='lat' dir='ltr'><strong><em>om&amp;</em></strong></span> <span class='ocrx_word' id='word_1_35' title='bbox 1016 418 1055 455; x_wconf 81' lang='grc' dir='ltr'><strong><em>ἐν</em></strong></span> <span class='ocrx_word' id='word_1_36' title='bbox 1082 420 1136 466; x_wconf 74' lang='grc' dir='ltr'><strong><em>τῷ</em></strong></span> <span class='ocrx_word' id='word_1_37' title='bbox 1164 417 1293 460; x_wconf 89' lang='grc' dir='ltr'><strong><em>πάθος</em></strong></span> <span class='ocrx_word' id='word_1_38' title='bbox 1326 422 1450 455; x_wconf 81' lang='grc' dir='ltr'><strong><em>ποιεῖν</em></strong></span> <span class='ocrx_word' id='word_1_39' title='bbox 1483 420 1580 456; x_wconf 75' lang='grc' dir='ltr'><strong><em>κατὰ</em></strong></span> 
     </span>
     <span class='ocr_line' id='line_1_6' title="bbox 128 470 1579 522; baseline 0.003 -14"><span class='ocrx_word' id='word_1_40' title='bbox 128 472 198 515; x_wconf 85' lang='grc' dir='ltr'><strong><em>τὰς</em></strong></span> <span class='ocrx_word' id='word_1_41' title='bbox 222 470 428 519; x_wconf 75' lang='grc' dir='ltr'><strong><em>αἰσθήσεις.</em></strong></span> <span class='ocrx_word' id='word_1_42' title='bbox 529 475 565 510; x_wconf 84' lang='grc' dir='ltr'><strong><em>εἰ</em></strong></span> <span class='ocrx_word' id='word_1_43' title='bbox 584 473 626 510; x_wconf 82' lang='grc' dir='ltr'><strong><em>δὲ</em></strong></span> <span class='ocrx_word' id='word_1_44' title='bbox 655 473 720 510; x_wconf 80' lang='grc' dir='ltr'><strong><em>καὶ</em></strong></span> <span class='ocrx_word' id='word_1_45' title='bbox 749 473 770 511; x_wconf 81' lang='grc' dir='ltr'>ὅ</span> <span class='ocrx_word' id='word_1_46' title='bbox 803 473 1045 520; x_wconf 73' lang='grc' dir='ltr'><strong><em>Ἀριστοτέλης</em></strong></span> <span class='ocrx_word' id='word_1_47' title='bbox 1073 476 1170 521; x_wconf 90' lang='grc' dir='ltr'><strong><em>λέγει</em></strong></span> <span class='ocrx_word' id='word_1_48' title='bbox 1190 472 1260 522; x_wconf 88' lang='grc' dir='ltr'><strong><em>τὴν</em></strong></span> <span class='ocrx_word' id='word_1_49' title='bbox 1284 475 1490 522; x_wconf 76' lang='grc' dir='ltr'><strong><em>λευκότητα</em></strong></span> <span class='ocrx_word' id='word_1_50' title='bbox 1513 477 1579 513; x_wconf 84' lang='grc' dir='ltr'><strong><em>καὶ</em></strong></span> 
     </span>
     <span class='ocr_line' id='line_1_7' title="bbox 129 528 1582 580; baseline 0.003 -15"><span class='ocrx_word' id='word_1_51' title='bbox 129 528 199 575; x_wconf 83' lang='grc' dir='ltr'><strong><em>τὴν</em></strong></span> <span class='ocrx_word' id='word_1_52' title='bbox 222 530 399 576; x_wconf 81' lang='grc' dir='ltr'><strong><em>μελανίαν</em></strong></span> <span class='ocrx_word' id='word_1_53' title='bbox 423 528 474 572; x_wconf 71' lang='grc' dir='ltr'><strong><em>αἶς</em></strong></span> <span class='ocrx_word' id='word_1_54' title='bbox 493 528 571 567; x_wconf 86' lang='grc' dir='ltr'><strong><em>α’πὸ</em></strong></span> <span class='ocrx_word' id='word_1_55' title='bbox 592 529 745 572; x_wconf 85' lang='grc' dir='ltr'><strong><em>πάθους</em></strong></span> <span class='ocrx_word' id='word_1_56' title='bbox 767 530 976 576; x_wconf 82' lang='grc' dir='ltr'><strong><em>γινομένας,</em></strong></span> <span class='ocrx_word' id='word_1_57' title='bbox 1002 529 1079 568; x_wconf 76' lang='grc' dir='ltr'><strong><em>ἀλλ’</em></strong></span> <span class='ocrx_word' id='word_1_58' title='bbox 1104 531 1196 569; x_wconf 80' lang='grc' dir='ltr'><strong><em>ὅταν</em></strong></span> <span class='ocrx_word' id='word_1_59' title='bbox 1219 531 1271 574; x_wconf 70' lang='grc' dir='ltr'><strong><em>αἱς</em></strong></span> <span class='ocrx_word' id='word_1_60' title='bbox 1292 530 1582 580; x_wconf 72' lang='grc' dir='ltr'><strong><em>συμπληρωτικὰ</em></strong></span> 
     </span>
     <span class='ocr_line' id='line_1_8' title="bbox 133 582 1583 635; baseline 0.003 -14"><span class='ocrx_word' id='word_1_61' title='bbox 133 582 275 622; x_wconf 74' lang='grc' dir='ltr'><strong><em>ου’σιαῗν</em></strong></span> <span class='ocrx_word' id='word_1_62' title='bbox 298 585 573 633; x_wconf 79' lang='grc' dir='ltr'><strong><em>λαμβάνωνται,</em></strong></span> <span class='ocrx_word' id='word_1_63' title='bbox 597 587 809 633; x_wconf 74' lang='grc' dir='ltr'><strong><em>παθητικαὶ</em></strong></span> <span class='ocrx_word' id='word_1_64' title='bbox 830 586 1030 634; x_wconf 84' lang='grc' dir='ltr'><strong><em>ποιότητες</em></strong></span> <span class='ocrx_word' id='word_1_65' title='bbox 1053 588 1223 634; x_wconf 82' lang='grc' dir='ltr'><strong><em>λέγονται</em></strong></span> <span class='ocrx_word' id='word_1_66' title='bbox 1241 585 1291 631; x_wconf 71' lang='grc' dir='ltr'><strong><em>ὥς</em></strong></span> <span class='ocrx_word' id='word_1_67' title='bbox 1313 589 1442 631; x_wconf 87' lang='grc' dir='ltr'><strong><em>πάθος</em></strong></span> <span class='ocrx_word' id='word_1_68' title='bbox 1464 588 1583 635; x_wconf 87' lang='grc' dir='ltr'><strong><em>μόνον</em></strong></span> 
     </span>
     <span class='ocr_line' id='line_1_9' title="bbox 128 641 587 689; baseline -0.002 -11"><span class='ocrx_word' id='word_1_69' title='bbox 128 641 365 688; x_wconf 78' lang='grc' dir='ltr'><strong><em>ἐμποιοῦσαι.</em></strong></span> <span class='ocrx_word' id='word_1_70' title='bbox 423 643 587 689; x_wconf 81' lang='lat' dir='ltr'><strong>Magent.</strong></span> 
     </span>
    </p>

    <p class='ocr_par' dir='ltr' id='par_1_4' title="bbox 128 696 1652 801">
     <span class='ocr_line' id='line_1_10' title="bbox 219 696 1652 748; baseline 0.003 -15"><span class='ocrx_word' id='word_1_71' title='bbox 219 696 474 744; x_wconf 75' lang='grc' dir='ltr'><strong><em>συμπτώματα</em></strong></span> <span class='ocrx_word' id='word_1_72' title='bbox 504 698 600 744; x_wconf 82' lang='grc' dir='ltr'><strong><em>λέγει</em></strong></span> <span class='ocrx_word' id='word_1_73' title='bbox 629 698 678 735; x_wconf 75' lang='grc' dir='ltr'><strong><em>τὰ</em></strong></span> <span class='ocrx_word' id='word_1_74' title='bbox 707 697 885 747; x_wconf 78' lang='grc' dir='ltr'><strong><em>χρώματα</em></strong></span> <span class='ocrx_word' id='word_1_75' title='bbox 908 700 972 737; x_wconf 76' lang='grc' dir='ltr'><strong><em>διὰ</em></strong></span> <span class='ocrx_word' id='word_1_76' title='bbox 998 698 1042 737; x_wconf 85' lang='grc' dir='ltr'><strong><em>τὸ</em></strong></span> <span class='ocrx_word' id='word_1_77' title='bbox 1076 696 1152 737; x_wconf 83' lang='grc' dir='ltr'><strong><em>άπό</em></strong></span> <span class='ocrx_word' id='word_1_78' title='bbox 1179 715 1281 743; x_wconf 89' lang='grc' dir='ltr'><strong><em>τινος</em></strong></span> <span class='ocrx_word' id='word_1_79' title='bbox 1306 701 1580 748; x_wconf 82' lang='grc' dir='ltr'><strong><em>συμπτώματος</em></strong></span> <span class='ocrx_word' id='word_1_80' title='bbox 1596 706 1652 739; x_wconf 86' lang='lat' dir='ltr'><strong><em>9b</em></strong></span> 
     </span>
     <span class='ocr_line' id='line_1_11' title="bbox 128 751 1640 801; baseline 0.002 -11"><span class='ocrx_word' id='word_1_81' title='bbox 128 753 361 800; x_wconf 77' lang='grc' dir='ltr'><strong><em>ἐπιγίνεσθαι</em></strong></span> <span class='ocrx_word' id='word_1_82' title='bbox 381 758 463 796; x_wconf 86' lang='grc' dir='ltr'><strong><em>τοῖς</em></strong></span> <span class='ocrx_word' id='word_1_83' title='bbox 486 754 665 801; x_wconf 76' lang='grc' dir='ltr'><strong><em>σώμασιν.</em></strong></span> <span class='ocrx_word' id='word_1_84' title='bbox 1595 751 1640 784; x_wconf 70' lang='lat'><strong><em>90</em></strong></span> 
     </span>
    </p>

    <p class='ocr_par' dir='ltr' id='par_1_5' title="bbox 127 808 1676 972">
     <span class='ocr_line' id='line_1_12' title="bbox 218 808 1676 862; baseline 0.003 -15"><span class='ocrx_word' id='word_1_85' title='bbox 218 808 260 847; x_wconf 78' lang='grc' dir='ltr'><strong><em>τὸ</em></strong></span> <span class='ocrx_word' id='word_1_86' title='bbox 286 812 408 857; x_wconf 78' lang='grc' dir='ltr'><strong><em>σχῆμα</em></strong></span> <span class='ocrx_word' id='word_1_87' title='bbox 429 811 619 859; x_wconf 88' lang='grc' dir='ltr'><strong><em>προετάγη</em></strong></span> <span class='ocrx_word' id='word_1_88' title='bbox 642 814 710 859; x_wconf 84' lang='grc' dir='ltr'><strong><em>τῆς</em></strong></span> <span class='ocrx_word' id='word_1_89' title='bbox 731 814 881 860; x_wconf 84' lang='grc' dir='ltr'><strong><em>μορφῆς</em></strong></span> <span class='ocrx_word' id='word_1_90' title='bbox 912 811 963 854; x_wconf 64' lang='grc' dir='ltr'><strong><em>οἷς</em></strong></span> <span class='ocrx_word' id='word_1_91' title='bbox 994 811 1307 860; x_wconf 74' lang='grc' dir='ltr'><strong><em>καθολικώτερον.</em></strong></span> <span class='ocrx_word' id='word_1_92' title='bbox 1356 815 1476 860; x_wconf 85' lang='grc' dir='ltr'><strong><em>σχῆμα</em></strong></span> <span class='ocrx_word' id='word_1_93' title='bbox 1507 812 1578 862; x_wconf 84' lang='grc' dir='ltr'><strong><em>γὰρ</em></strong></span> <span class='ocrx_word' id='word_1_94' title='bbox 1597 819 1639 852; x_wconf 91' lang='grc'><strong><em>10</em></strong></span> <span class='ocrx_word' id='word_1_95' title='bbox 1655 830 1676 851; x_wconf 84' lang='lat' dir='ltr'>a</span> 
     </span>
     <span class='ocr_line' id='line_1_13' title="bbox 127 865 1638 919; baseline 0.003 -17"><span class='ocrx_word' id='word_1_96' title='bbox 127 866 296 912; x_wconf 87' lang='grc' dir='ltr'><strong><em>λέγονται</em></strong></span> <span class='ocrx_word' id='word_1_97' title='bbox 319 867 415 913; x_wconf 78' lang='grc' dir='ltr'><strong><em>ἔχειν</em></strong></span> <span class='ocrx_word' id='word_1_98' title='bbox 436 869 501 905; x_wconf 83' lang='grc' dir='ltr'><strong><em>καὶ</em></strong></span> <span class='ocrx_word' id='word_1_99' title='bbox 526 870 564 905; x_wconf 82' lang='grc' dir='ltr'><strong><em>οἱ</em></strong></span> <span class='ocrx_word' id='word_1_100' title='bbox 587 871 691 906; x_wconf 85' lang='grc' dir='ltr'><strong><em>λίθοι</em></strong></span> <span class='ocrx_word' id='word_1_101' title='bbox 712 869 776 905; x_wconf 82' lang='grc' dir='ltr'><strong><em>καὶ</em></strong></span> <span class='ocrx_word' id='word_1_102' title='bbox 798 868 844 905; x_wconf 80' lang='grc' dir='ltr'><strong><em>τά</em></strong></span> <span class='ocrx_word' id='word_1_103' title='bbox 869 868 998 914; x_wconf 77' lang='grc' dir='ltr'><strong><em>λογικὰ</em></strong></span> <span class='ocrx_word' id='word_1_104' title='bbox 1022 869 1088 905; x_wconf 88' lang='grc' dir='ltr'><strong><em>καὶ</em></strong></span> <span class='ocrx_word' id='word_1_105' title='bbox 1109 867 1156 905; x_wconf 81' lang='grc' dir='ltr'><strong><em>τὰ</em></strong></span> <span class='ocrx_word' id='word_1_106' title='bbox 1188 867 1329 915; x_wconf 67' lang='grc' dir='ltr'><strong><em>ἄλογα,</em></strong></span> <span class='ocrx_word' id='word_1_107' title='bbox 1363 867 1386 915; x_wconf 83' lang='grc' dir='ltr'><strong><em>ἡ</em></strong></span> <span class='ocrx_word' id='word_1_108' title='bbox 1421 870 1462 906; x_wconf 79' lang='grc' dir='ltr'><strong><em>δὲ</em></strong></span> <span class='ocrx_word' id='word_1_109' title='bbox 1484 884 1577 919; x_wconf 78' lang='grc' dir='ltr'><strong><em>μορ·</em></strong></span> <span class='ocrx_word' id='word_1_110' title='bbox 1598 865 1638 897; x_wconf 80' lang='lat' dir='ltr'><strong><em>ll</em></strong></span> 
     </span>
     <span class='ocr_line' id='line_1_14' title="bbox 127 921 1407 972; baseline 0.001 -13"><span class='ocrx_word' id='word_1_111' title='bbox 127 921 182 969; x_wconf 83' lang='grc' dir='ltr'><strong><em>φὴ</em></strong></span> <span class='ocrx_word' id='word_1_112' title='bbox 208 922 270 960; x_wconf 77' lang='grc' dir='ltr'><strong><em>ἐπὶ</em></strong></span> <span class='ocrx_word' id='word_1_113' title='bbox 292 922 419 969; x_wconf 82' lang='grc' dir='ltr'><strong><em>μόνων</em></strong></span> <span class='ocrx_word' id='word_1_114' title='bbox 442 927 518 962; x_wconf 72' lang='grc' dir='ltr'><strong><em>τῶν</em></strong></span> <span class='ocrx_word' id='word_1_115' title='bbox 539 928 697 972; x_wconf 74' lang='grc' dir='ltr'><strong><em>λογικῶν</em></strong></span> <span class='ocrx_word' id='word_1_116' title='bbox 721 925 825 969; x_wconf 80' lang='grc' dir='ltr'><strong><em>ζώων</em></strong></span> <span class='ocrx_word' id='word_1_117' title='bbox 847 924 990 971; x_wconf 84' lang='grc' dir='ltr'><strong><em>λέγεται</em></strong></span> <span class='ocrx_word' id='word_1_118' title='bbox 1014 922 1038 971; x_wconf 81' lang='grc' dir='ltr'><em>ἢ</em></span> <span class='ocrx_word' id='word_1_119' title='bbox 1062 925 1127 961; x_wconf 86' lang='grc' dir='ltr'><strong><em>καὶ</em></strong></span> <span class='ocrx_word' id='word_1_120' title='bbox 1149 927 1226 962; x_wconf 78' lang='grc' dir='ltr'><strong><em>τῶν</em></strong></span> <span class='ocrx_word' id='word_1_121' title='bbox 1249 923 1407 972; x_wconf 88' lang='grc' dir='ltr'><strong><em>άλόγων.</em></strong></span> 
     </span>
    </p>

    <p class='ocr_par' dir='ltr' id='par_1_6' title="bbox 123 980 1675 1305">
     <span class='ocr_line' id='line_1_15' title="bbox 218 980 1675 1030; baseline 0.003 -14"><span class='ocrx_word' id='word_1_122' title='bbox 218 982 381 1024; x_wconf 79' lang='grc' dir='ltr'><strong><em>ζητεῖται</em></strong></span> <span class='ocrx_word' id='word_1_123' title='bbox 404 981 445 1018; x_wconf 80' lang='grc' dir='ltr'><strong><em>δὲ</em></strong></span> <span class='ocrx_word' id='word_1_124' title='bbox 467 984 548 1024; x_wconf 78' lang='grc' dir='ltr'><strong><em>πῶς</em></strong></span> <span class='ocrx_word' id='word_1_125' title='bbox 571 982 641 1028; x_wconf 89' lang='grc' dir='ltr'><strong><em>τὴν</em></strong></span> <span class='ocrx_word' id='word_1_126' title='bbox 664 980 857 1027; x_wconf 86' lang='grc' dir='ltr'><strong><em>εύθύτητα</em></strong></span> <span class='ocrx_word' id='word_1_127' title='bbox 892 982 958 1018; x_wconf 80' lang='grc' dir='ltr'><strong><em>καὶ</em></strong></span> <span class='ocrx_word' id='word_1_128' title='bbox 988 981 1255 1028; x_wconf 87' lang='grc' dir='ltr'><strong><em>καμπυλότητα</em></strong></span> <span class='ocrx_word' id='word_1_129' title='bbox 1279 981 1300 1018; x_wconf 88' lang='grc' dir='ltr'><strong><em>ό</em></strong></span> <span class='ocrx_word' id='word_1_130' title='bbox 1331 981 1581 1030; x_wconf 73' lang='grc' dir='ltr'><strong><em>Ἀριστοτέλης</em></strong></span> <span class='ocrx_word' id='word_1_131' title='bbox 1600 987 1642 1020; x_wconf 93' lang='grc'><strong><em>10</em></strong></span> <span class='ocrx_word' id='word_1_132' title='bbox 1657 998 1675 1020; x_wconf 86' lang='lat' dir='ltr'>a</span> 
     </span>
     <span class='ocr_line' id='line_1_16' title="bbox 127 1032 1643 1085; baseline 0.002 -13"><span class='ocrx_word' id='word_1_133' title='bbox 127 1032 202 1072; x_wconf 65' lang='grc' dir='ltr'><strong><em>ὑπὸ</em></strong></span> <span class='ocrx_word' id='word_1_134' title='bbox 227 1035 297 1081; x_wconf 84' lang='grc' dir='ltr'><strong><em>τὴν</em></strong></span> <span class='ocrx_word' id='word_1_135' title='bbox 320 1036 507 1083; x_wconf 89' lang='grc' dir='ltr'><strong><em>ποιότητα</em></strong></span> <span class='ocrx_word' id='word_1_136' title='bbox 531 1037 663 1084; x_wconf 85' lang='grc' dir='ltr'><strong><em>άνάγει</em></strong></span> <span class='ocrx_word' id='word_1_137' title='bbox 694 1039 759 1074; x_wconf 78' lang='grc' dir='ltr'><strong><em>καὶ</em></strong></span> <span class='ocrx_word' id='word_1_138' title='bbox 790 1035 860 1084; x_wconf 79' lang='grc' dir='ltr'><strong><em>ούχ</em></strong></span> <span class='ocrx_word' id='word_1_139' title='bbox 891 1036 966 1075; x_wconf 73' lang='grc' dir='ltr'><strong><em>ὑπὸ</em></strong></span> <span class='ocrx_word' id='word_1_140' title='bbox 1001 1036 1044 1074; x_wconf 84' lang='grc' dir='ltr'><strong><em>τὸ</em></strong></span> <span class='ocrx_word' id='word_1_141' title='bbox 1071 1041 1234 1074; x_wconf 87' lang='grc' dir='ltr'><strong><em>κεῖσθαι.</em></strong></span> <span class='ocrx_word' id='word_1_142' title='bbox 1281 1039 1363 1074; x_wconf 81' lang='grc' dir='ltr'><strong><em>ἐπεὶ</em></strong></span> <span class='ocrx_word' id='word_1_143' title='bbox 1385 1041 1477 1085; x_wconf 81' lang='grc' dir='ltr'><strong><em>γοῦν</em></strong></span> <span class='ocrx_word' id='word_1_144' title='bbox 1499 1039 1581 1075; x_wconf 85' lang='grc' dir='ltr'><strong><em>ε’πέ-</em></strong></span> <span class='ocrx_word' id='word_1_145' title='bbox 1600 1033 1643 1065; x_wconf 73' lang='lat'><strong><em>12</em></strong></span> 
     </span>
     <span class='ocr_line' id='line_1_17' title="bbox 124 1090 1581 1142; baseline 0.002 -14"><span class='ocrx_word' id='word_1_146' title='bbox 124 1099 247 1140; x_wconf 86' lang='grc' dir='ltr'><strong><em>γραψε</em></strong></span> <span class='ocrx_word' id='word_1_147' title='bbox 264 1090 337 1139; x_wconf 81' lang='grc' dir='ltr'><strong><em>τὴν</em></strong></span> <span class='ocrx_word' id='word_1_148' title='bbox 353 1095 549 1141; x_wconf 82' lang='grc' dir='ltr'><strong><em>παροῦσαν</em></strong></span> <span class='ocrx_word' id='word_1_149' title='bbox 560 1097 785 1141; x_wconf 85' lang='grc' dir='ltr'><strong><em>κατηγορίαν</em></strong></span> <span class='ocrx_word' id='word_1_150' title='bbox 804 1095 912 1142; x_wconf 62' lang='lat' dir='ltr'><strong><em>„vt-592</em></strong></span> <span class='ocrx_word' id='word_1_151' title='bbox 933 1096 1049 1131; x_wconf 80' lang='grc' dir='ltr'><strong><em>ποιοῦ</em></strong></span> <span class='ocrx_word' id='word_1_152' title='bbox 1057 1095 1121 1131; x_wconf 83' lang='grc' dir='ltr'><strong><em>καὶ</em></strong></span> <span class='ocrx_word' id='word_1_153' title='bbox 1139 1094 1375 1141; x_wconf 84' lang='grc' dir='ltr'><strong><em>ποιότητος”,</em></strong></span> <span class='ocrx_word' id='word_1_154' title='bbox 1399 1095 1493 1141; x_wconf 75' lang='grc' dir='ltr'><strong><em>μετὰ</em></strong></span> <span class='ocrx_word' id='word_1_155' title='bbox 1511 1094 1581 1141; x_wconf 87' lang='grc' dir='ltr'><strong><em>τὴν</em></strong></span> 
     </span>
     <span class='ocr_line' id='line_1_18' title="bbox 126 1150 1579 1199; baseline 0.003 -15"><span class='ocrx_word' id='word_1_156' title='bbox 126 1151 372 1185; x_wconf 79' lang='grc' dir='ltr'><strong><em>διδασκαλίαν</em></strong></span> <span class='ocrx_word' id='word_1_157' title='bbox 398 1151 465 1196; x_wconf 84' lang='grc' dir='ltr'><strong><em>τῆς</em></strong></span> <span class='ocrx_word' id='word_1_158' title='bbox 486 1150 690 1196; x_wconf 87' lang='grc' dir='ltr'><strong><em>ποιότητος</em></strong></span> <span class='ocrx_word' id='word_1_159' title='bbox 712 1151 881 1187; x_wconf 83' lang='grc' dir='ltr'><strong><em>διδάσκει</em></strong></span> <span class='ocrx_word' id='word_1_160' title='bbox 904 1151 967 1186; x_wconf 77' lang='grc' dir='ltr'><strong><em>καὶ</em></strong></span> <span class='ocrx_word' id='word_1_161' title='bbox 991 1151 1076 1198; x_wconf 82' lang='grc' dir='ltr'><strong><em>περὶ</em></strong></span> <span class='ocrx_word' id='word_1_162' title='bbox 1103 1152 1231 1187; x_wconf 88' lang='grc' dir='ltr'><strong><em>ποιοῦ.</em></strong></span> <span class='ocrx_word' id='word_1_163' title='bbox 1287 1151 1579 1199; x_wconf 80' lang='grc' dir='ltr'><strong><em>ἐπιδιορθοῦται</em></strong></span> 
     </span>
     <span class='ocr_line' id='line_1_19' title="bbox 124 1204 1578 1255; baseline 0.001 -14"><span class='ocrx_word' id='word_1_164' title='bbox 124 1205 166 1242; x_wconf 79' lang='grc' dir='ltr'><strong><em>δὲ</em></strong></span> <span class='ocrx_word' id='word_1_165' title='bbox 189 1206 253 1242; x_wconf 81' lang='grc' dir='ltr'><strong><em>καὶ</em></strong></span> <span class='ocrx_word' id='word_1_166' title='bbox 275 1205 318 1242; x_wconf 88' lang='grc' dir='ltr'><strong><em>τὸ</em></strong></span> <span class='ocrx_word' id='word_1_167' title='bbox 345 1207 444 1242; x_wconf 85' lang='grc' dir='ltr'><strong><em>ἴδιον</em></strong></span> <span class='ocrx_word' id='word_1_168' title='bbox 468 1205 511 1243; x_wconf 86' lang='grc' dir='ltr'><strong><em>τὸ</em></strong></span> <span class='ocrx_word' id='word_1_169' title='bbox 543 1204 740 1243; x_wconf 74' lang='grc' dir='ltr'><strong><em>άποδοθὲν</em></strong></span> <span class='ocrx_word' id='word_1_170' title='bbox 770 1207 808 1252; x_wconf 77' lang='grc' dir='ltr'><strong><em>ἐξ</em></strong></span> <span class='ocrx_word' id='word_1_171' title='bbox 833 1204 948 1255; x_wconf 65' lang='grc' dir='ltr'><em>ἀρχῆς</em></span> <span class='ocrx_word' id='word_1_172' title='bbox 982 1205 1047 1243; x_wconf 78' lang='grc' dir='ltr'><strong><em>διὰ</em></strong></span> <span class='ocrx_word' id='word_1_173' title='bbox 1081 1208 1149 1252; x_wconf 87' lang='grc' dir='ltr'><strong><em>τῆς</em></strong></span> <span class='ocrx_word' id='word_1_174' title='bbox 1178 1207 1398 1254; x_wconf 84' lang='grc' dir='ltr'><strong><em>προσθήκης</em></strong></span> <span class='ocrx_word' id='word_1_175' title='bbox 1431 1209 1498 1253; x_wconf 80' lang='grc' dir='ltr'><strong><em>τῆς</em></strong></span> <span class='ocrx_word' id='word_1_176' title='bbox 1527 1204 1578 1253; x_wconf 78' lang='grc' dir='ltr'><strong><em>,,ἦ“</em></strong></span> 
     </span>
     <span class='ocr_line' id='line_1_20' title="bbox 123 1260 717 1305; baseline -0.003 -6"><span class='ocrx_word' id='word_1_177' title='bbox 123 1261 300 1299; x_wconf 79' lang='grc' dir='ltr'><strong><em>ὁπωσοῦν</em></strong></span> <span class='ocrx_word' id='word_1_178' title='bbox 323 1260 442 1305; x_wconf 79' lang='grc' dir='ltr'><strong><em>ἄλλως</em></strong></span> <span class='ocrx_word' id='word_1_179' title='bbox 463 1262 529 1299; x_wconf 78' lang='grc' dir='ltr'><strong><em>ἀπ’</em></strong></span> <span class='ocrx_word' id='word_1_180' title='bbox 553 1260 717 1300; x_wconf 71' lang='grc' dir='ltr'><strong><em>αὕτῶν.”</em></strong></span> 
     </span>
    </p>

    <p class='ocr_par' dir='ltr' id='par_1_7' title="bbox 124 1313 1668 1477">
     <span class='ocr_line' id='line_1_21' title="bbox 215 1313 1668 1366; baseline 0.001 -11"><span class='ocrx_word' id='word_1_181' title='bbox 215 1315 240 1364; x_wconf 83' lang='grc' dir='ltr'><em>ἡ</em></span> <span class='ocrx_word' id='word_1_182' title='bbox 264 1318 306 1355; x_wconf 77' lang='grc' dir='ltr'><strong><em>δὲ</em></strong></span> <span class='ocrx_word' id='word_1_183' title='bbox 328 1320 486 1365; x_wconf 85' lang='grc' dir='ltr'><strong><em>ποιότης</em></strong></span> <span class='ocrx_word' id='word_1_184' title='bbox 511 1318 622 1365; x_wconf 76' lang='grc' dir='ltr'><strong><em>αὐτή,</em></strong></span> <span class='ocrx_word' id='word_1_185' title='bbox 647 1318 763 1366; x_wconf 85' lang='grc' dir='ltr'><strong><em>ἤγουν</em></strong></span> <span class='ocrx_word' id='word_1_186' title='bbox 796 1316 820 1364; x_wconf 84' lang='grc' dir='ltr'><strong><em>ἡ</em></strong></span> <span class='ocrx_word' id='word_1_187' title='bbox 844 1317 1033 1365; x_wconf 83' lang='grc' dir='ltr'><strong><em>λευκότης,</em></strong></span> <span class='ocrx_word' id='word_1_188' title='bbox 1057 1315 1081 1364; x_wconf 82' lang='grc' dir='ltr'><em>ἡ</em></span> <span class='ocrx_word' id='word_1_189' title='bbox 1105 1317 1227 1363; x_wconf 74' lang='grc' dir='ltr'><strong><em>’ὑγίεια</em></strong></span> <span class='ocrx_word' id='word_1_190' title='bbox 1251 1319 1320 1364; x_wconf 88' lang='grc' dir='ltr'><strong><em>μία</em></strong></span> <span class='ocrx_word' id='word_1_191' title='bbox 1343 1313 1438 1355; x_wconf 75' lang='grc' dir='ltr'><strong><em>οὖσα</em></strong></span> <span class='ocrx_word' id='word_1_192' title='bbox 1461 1319 1526 1355; x_wconf 85' lang='grc' dir='ltr'><strong><em>καὶ</em></strong></span> <span class='ocrx_word' id='word_1_193' title='bbox 1549 1317 1574 1365; x_wconf 77' lang='grc' dir='ltr'><em>ἡ</em></span> <span class='ocrx_word' id='word_1_194' title='bbox 1596 1325 1668 1358; x_wconf 81' lang='lat' dir='ltr'><strong><em>lla</em></strong></span> 
     </span>
     <span class='ocr_line' id='line_1_22' title="bbox 125 1370 1642 1424; baseline 0 -13"><span class='ocrx_word' id='word_1_195' title='bbox 125 1372 223 1421; x_wconf 81' lang='grc' dir='ltr'><strong><em>αύτὴ</em></strong></span> <span class='ocrx_word' id='word_1_196' title='bbox 249 1375 363 1420; x_wconf 77' lang='grc' dir='ltr'><strong><em>ὁμοία</em></strong></span> <span class='ocrx_word' id='word_1_197' title='bbox 385 1377 449 1412; x_wconf 78' lang='grc' dir='ltr'><strong><em>καὶ</em></strong></span> <span class='ocrx_word' id='word_1_198' title='bbox 472 1375 635 1422; x_wconf 84' lang='grc' dir='ltr'><strong><em>άνομοία</em></strong></span> <span class='ocrx_word' id='word_1_199' title='bbox 659 1374 704 1413; x_wconf 82' lang='grc' dir='ltr'><strong><em>ού</em></strong></span> <span class='ocrx_word' id='word_1_200' title='bbox 729 1375 960 1424; x_wconf 79' lang='grc' dir='ltr'><strong><em>ῥηθήσεται,</em></strong></span> <span class='ocrx_word' id='word_1_201' title='bbox 992 1375 1041 1411; x_wconf 76' lang='grc' dir='ltr'><strong><em>τὰ</em></strong></span> <span class='ocrx_word' id='word_1_202' title='bbox 1066 1374 1107 1411; x_wconf 79' lang='grc' dir='ltr'><strong><em>δὲ</em></strong></span> <span class='ocrx_word' id='word_1_203' title='bbox 1128 1374 1332 1420; x_wconf 80' lang='grc' dir='ltr'><strong><em>μετέχοντα</em></strong></span> <span class='ocrx_word' id='word_1_204' title='bbox 1356 1377 1423 1422; x_wconf 80' lang='grc' dir='ltr'><strong><em>τῆς</em></strong></span> <span class='ocrx_word' id='word_1_205' title='bbox 1445 1375 1577 1412; x_wconf 82' lang='grc' dir='ltr'><strong><em>λευκό-</em></strong></span> <span class='ocrx_word' id='word_1_206' title='bbox 1597 1370 1642 1403; x_wconf 81' lang='lat'><strong><em>15</em></strong></span> 
     </span>
     <span class='ocr_line' id='line_1_23' title="bbox 124 1444 1027 1477; baseline -0.001 -9"><span class='ocrx_word' id='word_1_207' title='bbox 124 1444 246 1477; x_wconf 82' lang='grc' dir='ltr'><strong><em>τητος.</em></strong></span> <span class='ocrx_word' id='word_1_208' title='bbox 1015 1460 1027 1467; x_wconf 81' lang='lat'><em>.</em></span> 
     </span>
    </p>

    <p class='ocr_par' dir='ltr' id='par_1_8' title="bbox 125 1485 1585 1704">
     <span class='ocr_line' id='line_1_24' title="bbox 214 1485 1583 1534; baseline 0.001 -12"><span class='ocrx_word' id='word_1_209' title='bbox 214 1488 398 1533; x_wconf 79' lang='lat' dir='ltr'><strong>Expositis</strong></span> <span class='ocrx_word' id='word_1_210' title='bbox 422 1492 593 1534; x_wconf 79' lang='lat' dir='ltr'><strong>quattuor</strong></span> <span class='ocrx_word' id='word_1_211' title='bbox 625 1489 752 1534; x_wconf 80' lang='lat' dir='ltr'>primis</span> <span class='ocrx_word' id='word_1_212' title='bbox 784 1487 980 1534; x_wconf 81' lang='lat' dir='ltr'><strong>categoriis</strong></span> <span class='ocrx_word' id='word_1_213' title='bbox 1010 1487 1132 1532; x_wconf 79' lang='lat' dir='ltr'>pergit</span> <span class='ocrx_word' id='word_1_214' title='bbox 1153 1487 1339 1533; x_wconf 79' lang='lat' dir='ltr'><strong>Magent.=</strong></span> <span class='ocrx_word' id='word_1_215' title='bbox 1374 1485 1467 1522; x_wconf 69' lang='grc' dir='ltr'><strong><em>ἀλλὰ</em></strong></span> <span class='ocrx_word' id='word_1_216' title='bbox 1492 1487 1583 1534; x_wconf 80' lang='grc' dir='ltr'><strong><em>φέρε</em></strong></span> 
     </span>
     <span class='ocr_line' id='line_1_25' title="bbox 125 1541 1585 1590; baseline -0.001 -10"><span class='ocrx_word' id='word_1_217' title='bbox 125 1543 190 1580; x_wconf 71' lang='grc' dir='ltr'><strong><em>καὶ</em></strong></span> <span class='ocrx_word' id='word_1_218' title='bbox 219 1543 260 1580; x_wconf 79' lang='grc' dir='ltr'><strong><em>ἐκ</em></strong></span> <span class='ocrx_word' id='word_1_219' title='bbox 293 1543 507 1590; x_wconf 83' lang='grc' dir='ltr'><strong><em>διαιρέσεως</em></strong></span> <span class='ocrx_word' id='word_1_220' title='bbox 537 1545 601 1581; x_wconf 80' lang='grc' dir='ltr'><strong><em>καὶ</em></strong></span> <span class='ocrx_word' id='word_1_221' title='bbox 634 1542 703 1585; x_wconf 78' lang='grc' dir='ltr'><strong><em>τὰς</em></strong></span> <span class='ocrx_word' id='word_1_222' title='bbox 731 1541 865 1585; x_wconf 85' lang='grc' dir='ltr'><strong><em>λοιπὰς</em></strong></span> <span class='ocrx_word' id='word_1_223' title='bbox 896 1544 1121 1589; x_wconf 86' lang='grc' dir='ltr'><strong><em>κατηγορίας</em></strong></span> <span class='ocrx_word' id='word_1_224' title='bbox 1145 1542 1348 1589; x_wconf 80' lang='grc' dir='ltr'><strong><em>εὑρήσομεν</em></strong></span> <span class='ocrx_word' id='word_1_225' title='bbox 1371 1544 1436 1579; x_wconf 82' lang='grc' dir='ltr'><strong><em>καὶ</em></strong></span> <span class='ocrx_word' id='word_1_226' title='bbox 1460 1542 1524 1579; x_wconf 77' lang='grc' dir='ltr'><strong><em>διὰ</em></strong></span> <span class='ocrx_word' id='word_1_227' title='bbox 1546 1544 1585 1579; x_wconf 83' lang='grc' dir='ltr'><strong><em>τί</em></strong></span> 
     </span>
     <span class='ocr_line' id='line_1_26' title="bbox 125 1597 1584 1644; baseline -0.001 -6"><span class='ocrx_word' id='word_1_228' title='bbox 125 1600 219 1638; x_wconf 82' lang='grc' dir='ltr'><strong><em>δέκα</em></strong></span> <span class='ocrx_word' id='word_1_229' title='bbox 252 1600 323 1637; x_wconf 79' lang='grc' dir='ltr'><strong><em>εἰσὶ</em></strong></span> <span class='ocrx_word' id='word_1_230' title='bbox 346 1600 411 1636; x_wconf 85' lang='grc' dir='ltr'><strong><em>καὶ</em></strong></span> <span class='ocrx_word' id='word_1_231' title='bbox 435 1597 524 1637; x_wconf 76' lang='grc' dir='ltr'><strong><em>οὔτε</em></strong></span> <span class='ocrx_word' id='word_1_232' title='bbox 547 1604 714 1642; x_wconf 82' lang='grc' dir='ltr'><strong><em>πλείονες</em></strong></span> <span class='ocrx_word' id='word_1_233' title='bbox 737 1597 824 1638; x_wconf 77' lang='grc' dir='ltr'><strong><em>οὔτε</em></strong></span> <span class='ocrx_word' id='word_1_234' title='bbox 846 1598 1052 1641; x_wconf 80' lang='grc' dir='ltr'><strong><em>ἐλάττονες.</em></strong></span> <span class='ocrx_word' id='word_1_235' title='bbox 1099 1600 1259 1635; x_wconf 81' lang='lat' dir='ltr'><strong>Adiectis</strong></span> <span class='ocrx_word' id='word_1_236' title='bbox 1291 1600 1507 1644; x_wconf 83' lang='lat' dir='ltr'>quibusdam</span> <span class='ocrx_word' id='word_1_237' title='bbox 1537 1601 1584 1636; x_wconf 81' lang='lat' dir='ltr'><strong><em>de</em></strong></span> 
     </span>
     <span class='ocr_line' id='line_1_27' title="bbox 125 1657 517 1704; baseline 0.003 -13"><span class='ocrx_word' id='word_1_238' title='bbox 125 1657 276 1702; x_wconf 70' lang='lat' dir='ltr'>reliquis</span> <span class='ocrx_word' id='word_1_239' title='bbox 298 1657 517 1704; x_wconf 73' lang='lat' dir='ltr'><strong>categoriis:</strong></span> 
     </span>
    </p>

    <p class='ocr_par' dir='ltr' id='par_1_9' title="bbox 126 1709 1678 1870">
     <span class='ocr_line' id='line_1_28' title="bbox 221 1709 1678 1759; baseline -0.001 -10"><span class='ocrx_word' id='word_1_240' title='bbox 221 1713 399 1749; x_wconf 76' lang='grc' dir='ltr'><strong><em>ἐντεῦθέν</em></strong></span> <span class='ocrx_word' id='word_1_241' title='bbox 422 1726 521 1755; x_wconf 85' lang='grc' dir='ltr'><strong><em>τινες</em></strong></span> <span class='ocrx_word' id='word_1_242' title='bbox 542 1714 800 1759; x_wconf 87' lang='grc' dir='ltr'><strong><em>πλανηθέντες</em></strong></span> <span class='ocrx_word' id='word_1_243' title='bbox 824 1711 931 1749; x_wconf 83' lang='grc' dir='ltr'><strong><em>εἶπον</em></strong></span> <span class='ocrx_word' id='word_1_244' title='bbox 955 1710 1097 1748; x_wconf 83' lang='grc' dir='ltr'><strong><em>σκοπὸν</em></strong></span> <span class='ocrx_word' id='word_1_245' title='bbox 1129 1711 1224 1758; x_wconf 82' lang='grc' dir='ltr'><strong><em>ἔχειν</em></strong></span> <span class='ocrx_word' id='word_1_246' title='bbox 1248 1709 1316 1748; x_wconf 85' lang='grc' dir='ltr'><strong><em>τὸν</em></strong></span> <span class='ocrx_word' id='word_1_247' title='bbox 1337 1710 1584 1759; x_wconf 79' lang='grc' dir='ltr'><strong><em>Ἀριστοτέλην</em></strong></span> <span class='ocrx_word' id='word_1_248' title='bbox 1601 1719 1640 1754; x_wconf 86' lang='lat'><strong><em>11</em></strong></span> <span class='ocrx_word' id='word_1_249' title='bbox 1655 1719 1678 1751; x_wconf 90' lang='lat' dir='ltr'>b</span> 
     </span>
     <span class='ocr_line' id='line_1_29' title="bbox 126 1763 1644 1816; baseline 0.001 -12"><span class='ocrx_word' id='word_1_250' title='bbox 126 1769 281 1812; x_wconf 80' lang='grc' dir='ltr'><strong><em>διδάξαι</em></strong></span> <span class='ocrx_word' id='word_1_251' title='bbox 303 1769 389 1816; x_wconf 85' lang='grc' dir='ltr'><strong><em>περὶ</em></strong></span> <span class='ocrx_word' id='word_1_252' title='bbox 411 1771 486 1806; x_wconf 75' lang='grc' dir='ltr'><strong><em>τῶν</em></strong></span> <span class='ocrx_word' id='word_1_253' title='bbox 507 1769 727 1815; x_wconf 85' lang='grc' dir='ltr'><strong><em>νοημάτων·</em></strong></span> <span class='ocrx_word' id='word_1_254' title='bbox 762 1767 811 1806; x_wconf 86' lang='grc' dir='ltr'><strong><em>τὰ</em></strong></span> <span class='ocrx_word' id='word_1_255' title='bbox 834 1767 906 1815; x_wconf 80' lang='grc' dir='ltr'><strong><em>γὰρ</em></strong></span> <span class='ocrx_word' id='word_1_256' title='bbox 927 1769 1015 1814; x_wconf 84' lang='grc' dir='ltr'><strong><em>γένη</em></strong></span> <span class='ocrx_word' id='word_1_257' title='bbox 1038 1771 1234 1814; x_wconf 80' lang='grc' dir='ltr'><strong><em>πανταχοῦ</em></strong></span> <span class='ocrx_word' id='word_1_258' title='bbox 1258 1769 1353 1814; x_wconf 84' lang='grc' dir='ltr'><strong><em>λέγει</em></strong></span> <span class='ocrx_word' id='word_1_259' title='bbox 1377 1767 1399 1804; x_wconf 81' lang='grc' dir='ltr'><strong><em>ό</em></strong></span> <span class='ocrx_word' id='word_1_260' title='bbox 1421 1763 1644 1815; x_wconf 73' lang='lat' dir='ltr'><strong>&#39;Agma-&#39;15</strong></span> 
     </span>
     <span class='ocr_line' id='line_1_30' title="bbox 127 1824 639 1870; baseline 0 -9"><span class='ocrx_word' id='word_1_261' title='bbox 127 1824 232 1870; x_wconf 86' lang='grc' dir='ltr'><strong><em>τέλης</em></strong></span> <span class='ocrx_word' id='word_1_262' title='bbox 255 1824 352 1861; x_wconf 83' lang='grc' dir='ltr'><strong><em>εἶναι</em></strong></span> <span class='ocrx_word' id='word_1_263' title='bbox 376 1825 639 1870; x_wconf 80' lang='grc' dir='ltr'><strong><em>ἐννοηματικά.</em></strong></span> 
     </span>
    </p>

    <p class='ocr_par' dir='ltr' id='par_1_10' title="bbox 125 1877 1677 2208">
     <span class='ocr_line' id='line_1_31' title="bbox 216 1877 1677 1927; baseline -0.001 -10"><span class='ocrx_word' id='word_1_264' title='bbox 216 1879 260 1918; x_wconf 85' lang='grc' dir='ltr'><strong><em>τὸ</em></strong></span> <span class='ocrx_word' id='word_1_265' title='bbox 292 1880 360 1927; x_wconf 72' lang='grc' dir='ltr'><strong><em>μὲν</em></strong></span> <span class='ocrx_word' id='word_1_266' title='bbox 390 1880 456 1927; x_wconf 58' lang='lat' dir='ltr'><strong><em>„gv</em></strong></span> <span class='ocrx_word' id='word_1_267' title='bbox 480 1881 537 1922; x_wconf 80' lang='grc' dir='ltr'><strong><em>οἷς</em></strong></span> <span class='ocrx_word' id='word_1_268' title='bbox 559 1880 705 1927; x_wconf 83' lang='grc' dir='ltr'><strong><em>πέφυκε</em></strong></span> <span class='ocrx_word' id='word_1_269' title='bbox 727 1880 923 1926; x_wconf 86' lang='grc' dir='ltr'><strong><em>γίνεσθαι”</em></strong></span> <span class='ocrx_word' id='word_1_270' title='bbox 958 1877 1039 1916; x_wconf 85' lang='grc' dir='ltr'><strong><em>εἷπε</em></strong></span> <span class='ocrx_word' id='word_1_271' title='bbox 1064 1878 1130 1915; x_wconf 82' lang='grc' dir='ltr'><strong><em>διὰ</em></strong></span> <span class='ocrx_word' id='word_1_272' title='bbox 1152 1878 1200 1915; x_wconf 80' lang='grc' dir='ltr'><strong><em>τὰ</em></strong></span> <span class='ocrx_word' id='word_1_273' title='bbox 1238 1879 1389 1915; x_wconf 77' lang='grc' dir='ltr'><strong><em>ἐναντία</em></strong></span> <span class='ocrx_word' id='word_1_274' title='bbox 1412 1879 1459 1915; x_wconf 77' lang='grc' dir='ltr'><strong><em>τὰ</em></strong></span> <span class='ocrx_word' id='word_1_275' title='bbox 1483 1877 1580 1916; x_wconf 78' lang='grc' dir='ltr'><strong><em>κατὰ</em></strong></span> <span class='ocrx_word' id='word_1_276' title='bbox 1601 1887 1677 1920; x_wconf 78' lang='lat' dir='ltr'><strong><em>12b</em></strong></span> 
     </span>
     <span class='ocr_line' id='line_1_32' title="bbox 127 1931 1645 1985; baseline -0.002 -12"><span class='ocrx_word' id='word_1_277' title='bbox 127 1935 359 1985; x_wconf 80' lang='grc' dir='ltr'><strong><em>συμβεβηκὸς</em></strong></span> <span class='ocrx_word' id='word_1_278' title='bbox 390 1936 697 1985; x_wconf 74' lang='grc' dir='ltr'><strong><em>κατηγορούμενα</em></strong></span> <span class='ocrx_word' id='word_1_279' title='bbox 726 1939 796 1972; x_wconf 81' lang='grc' dir='ltr'><strong><em>τοῦ</em></strong></span> <span class='ocrx_word' id='word_1_280' title='bbox 827 1934 1077 1981; x_wconf 69' lang='grc' dir='ltr'><strong><em>ὑποκειμένου</em></strong></span> <span class='ocrx_word' id='word_1_281' title='bbox 1180 1933 1222 1971; x_wconf 89' lang='grc' dir='ltr'><strong><em>τὸ</em></strong></span> <span class='ocrx_word' id='word_1_282' title='bbox 1249 1935 1290 1971; x_wconf 75' lang='grc' dir='ltr'><strong><em>δὲ</em></strong></span> <span class='ocrx_word' id='word_1_283' title='bbox 1320 1933 1366 1981; x_wconf 60' lang='grc' dir='ltr'><strong><em>’,ἦ</em></strong></span> <span class='ocrx_word' id='word_1_284' title='bbox 1391 1931 1444 1971; x_wconf 74' lang='grc' dir='ltr'><strong><em>ὦν</em></strong></span> <span class='ocrx_word' id='word_1_285' title='bbox 1471 1950 1582 1982; x_wconf 80' lang='grc' dir='ltr'><strong><em>κατη-</em></strong></span> <span class='ocrx_word' id='word_1_286' title='bbox 1599 1933 1645 1966; x_wconf 69' lang='grc'><strong><em>98</em></strong></span> 
     </span>
     <span class='ocr_line' id='line_1_33' title="bbox 125 1989 1584 2040; baseline -0.001 -10"><span class='ocrx_word' id='word_1_287' title='bbox 125 1995 313 2040; x_wconf 87' lang='grc' dir='ltr'><strong><em>γορεῖται”</em></strong></span> <span class='ocrx_word' id='word_1_288' title='bbox 338 1992 418 2030; x_wconf 81' lang='grc' dir='ltr'><strong><em>εἶπε</em></strong></span> <span class='ocrx_word' id='word_1_289' title='bbox 443 1993 507 2029; x_wconf 81' lang='grc' dir='ltr'><strong><em>διὰ</em></strong></span> <span class='ocrx_word' id='word_1_290' title='bbox 531 1991 574 2029; x_wconf 82' lang='grc' dir='ltr'><strong><em>τὸ</em></strong></span> <span class='ocrx_word' id='word_1_291' title='bbox 598 1991 774 2039; x_wconf 79' lang='grc' dir='ltr'><strong><em>περιττὸν</em></strong></span> <span class='ocrx_word' id='word_1_292' title='bbox 797 1994 862 2028; x_wconf 84' lang='grc' dir='ltr'><strong><em>καὶ</em></strong></span> <span class='ocrx_word' id='word_1_293' title='bbox 888 1990 1020 2038; x_wconf 79' lang='grc' dir='ltr'><strong><em>ἄρτιον</em></strong></span> <span class='ocrx_word' id='word_1_294' title='bbox 1047 1989 1072 2027; x_wconf 72' lang='grc' dir='ltr'><strong><em>ἃ</em></strong></span> <span class='ocrx_word' id='word_1_295' title='bbox 1093 1990 1184 2027; x_wconf 83' lang='grc' dir='ltr'><strong><em>καθ’</em></strong></span> <span class='ocrx_word' id='word_1_296' title='bbox 1209 1990 1304 2028; x_wconf 75' lang='grc' dir='ltr'><strong><em>αὐτὸ</em></strong></span> <span class='ocrx_word' id='word_1_297' title='bbox 1332 1996 1584 2039; x_wconf 87' lang='grc' dir='ltr'><strong><em>κατηγοροῦν-</em></strong></span> 
     </span>
     <span class='ocr_line' id='line_1_34' title="bbox 125 2049 1584 2095; baseline -0.003 -9"><span class='ocrx_word' id='word_1_298' title='bbox 125 2063 200 2086; x_wconf 88' lang='grc' dir='ltr'><strong><em>ται.</em></strong></span> <span class='ocrx_word' id='word_1_299' title='bbox 259 2052 314 2085; x_wconf 79' lang='lat' dir='ltr'><strong><em>De</em></strong></span> <span class='ocrx_word' id='word_1_300' title='bbox 344 2050 391 2084; x_wconf 77' lang='lat' dir='ltr'><strong><em>iis</em></strong></span> <span class='ocrx_word' id='word_1_301' title='bbox 423 2061 517 2094; x_wconf 82' lang='lat' dir='ltr'><strong>quae</strong></span> <span class='ocrx_word' id='word_1_302' title='bbox 555 2054 752 2095; x_wconf 76' lang='lat' dir='ltr'><strong>sequuntur</strong></span> <span class='ocrx_word' id='word_1_303' title='bbox 786 2050 1001 2084; x_wconf 80' lang='lat' dir='ltr'><strong>brevissime</strong></span> <span class='ocrx_word' id='word_1_304' title='bbox 1040 2049 1204 2094; x_wconf 78' lang='lat' dir='ltr'><strong>exposuit</strong></span> <span class='ocrx_word' id='word_1_305' title='bbox 1236 2050 1400 2094; x_wconf 85' lang='lat' dir='ltr'><strong>Magent.</strong></span> <span class='ocrx_word' id='word_1_306' title='bbox 1416 2075 1425 2090; x_wconf 91' lang='lat'>,</span> <span class='ocrx_word' id='word_1_307' title='bbox 1470 2050 1584 2083; x_wconf 78' lang='lat' dir='ltr'>Anon-</span> 
     </span>
     <span class='ocr_line' id='line_1_35' title="bbox 127 2105 1585 2153; baseline -0.001 -12"><span class='ocrx_word' id='word_1_308' title='bbox 127 2107 253 2149; x_wconf 68' lang='lat' dir='ltr'><strong>Laur„</strong></span> <span class='ocrx_word' id='word_1_309' title='bbox 287 2110 481 2151; x_wconf 80' lang='lat' dir='ltr'><strong>postquam</strong></span> <span class='ocrx_word' id='word_1_310' title='bbox 505 2107 583 2153; x_wconf 82' lang='lat' dir='ltr'>egit</span> <span class='ocrx_word' id='word_1_311' title='bbox 607 2108 652 2141; x_wconf 85' lang='lat' dir='ltr'><strong><em>de</em></strong></span> <span class='ocrx_word' id='word_1_312' title='bbox 675 2105 804 2151; x_wconf 80' lang='lat' dir='ltr'>primis</span> <span class='ocrx_word' id='word_1_313' title='bbox 827 2109 997 2150; x_wconf 78' lang='lat' dir='ltr'><strong>quattuor</strong></span> <span class='ocrx_word' id='word_1_314' title='bbox 1018 2110 1180 2152; x_wconf 59' lang='lat' dir='ltr'>categg„</span> <span class='ocrx_word' id='word_1_315' title='bbox 1203 2106 1250 2140; x_wconf 81' lang='lat' dir='ltr'><strong><em>ab</em></strong></span> <span class='ocrx_word' id='word_1_316' title='bbox 1269 2106 1417 2139; x_wconf 83' lang='lat' dir='ltr'><strong>Aristot.</strong></span> <span class='ocrx_word' id='word_1_317' title='bbox 1440 2106 1585 2140; x_wconf 88' lang='lat' dir='ltr'>omnino</span> 
     </span>
     <span class='ocr_line' id='line_1_36' title="bbox 126 2163 476 2208; baseline 0 -11"><span class='ocrx_word' id='word_1_318' title='bbox 126 2163 314 2197; x_wconf 72' lang='lat' dir='ltr'>discedens</span> <span class='ocrx_word' id='word_1_319' title='bbox 335 2163 476 2208; x_wconf 77' lang='lat' dir='ltr'>pergit:</span> 
     </span>
    </p>

    <p class='ocr_par' dir='ltr' id='par_1_11' title="bbox 126 2213 1586 2828">
     <span class='ocr_line' id='line_1_37' title="bbox 217 2213 1584 2264; baseline -0.002 -10"><span class='ocrx_word' id='word_1_320' title='bbox 217 2215 328 2254; x_wconf 80' lang='grc' dir='ltr'><strong><em>Μετὰ</em></strong></span> <span class='ocrx_word' id='word_1_321' title='bbox 353 2217 395 2253; x_wconf 78' lang='grc' dir='ltr'><strong><em>δὲ</em></strong></span> <span class='ocrx_word' id='word_1_322' title='bbox 417 2215 484 2253; x_wconf 83' lang='grc' dir='ltr'><strong><em>τὸν</em></strong></span> <span class='ocrx_word' id='word_1_323' title='bbox 507 2219 576 2263; x_wconf 86' lang='grc' dir='ltr'><strong><em>τῆς</em></strong></span> <span class='ocrx_word' id='word_1_324' title='bbox 598 2215 801 2263; x_wconf 90' lang='grc' dir='ltr'><strong><em>ποιότητος</em></strong></span> <span class='ocrx_word' id='word_1_325' title='bbox 823 2216 934 2263; x_wconf 89' lang='grc' dir='ltr'><strong><em>λόγον</em></strong></span> <span class='ocrx_word' id='word_1_326' title='bbox 956 2215 1028 2263; x_wconf 88' lang='grc' dir='ltr'><strong><em>τὴν</em></strong></span> <span class='ocrx_word' id='word_1_327' title='bbox 1049 2214 1230 2264; x_wconf 76' lang='grc' dir='ltr'><strong><em>χρονικήν</em></strong></span> <span class='ocrx_word' id='word_1_328' title='bbox 1247 2216 1311 2251; x_wconf 82' lang='grc' dir='ltr'><strong><em>καὶ</em></strong></span> <span class='ocrx_word' id='word_1_329' title='bbox 1334 2213 1496 2261; x_wconf 78' lang='grc' dir='ltr'><strong><em>τοπικήν</em></strong></span> <span class='ocrx_word' id='word_1_330' title='bbox 1519 2230 1584 2252; x_wconf 79' lang='grc' dir='ltr'><strong><em>κα-</em></strong></span> 
     </span>
     <span class='ocr_line' id='line_1_38' title="bbox 128 2270 1585 2321; baseline -0.001 -12"><span class='ocrx_word' id='word_1_331' title='bbox 128 2275 306 2321; x_wconf 87' lang='grc' dir='ltr'><strong><em>τηγορίαν</em></strong></span> <span class='ocrx_word' id='word_1_332' title='bbox 330 2272 524 2319; x_wconf 74' lang='grc' dir='ltr'><strong><em>ἐκτίθεμεν</em></strong></span> <span class='ocrx_word' id='word_1_333' title='bbox 624 2274 694 2310; x_wconf 70' lang='grc' dir='ltr'><strong><em>οὐκ</em></strong></span> <span class='ocrx_word' id='word_1_334' title='bbox 718 2270 878 2321; x_wconf 74' lang='grc' dir='ltr'><strong><em>ἄκαιρον</em></strong></span> <span class='ocrx_word' id='word_1_335' title='bbox 901 2273 942 2310; x_wconf 78' lang='grc' dir='ltr'><strong><em>δὲ</em></strong></span> <span class='ocrx_word' id='word_1_336' title='bbox 965 2274 1029 2310; x_wconf 81' lang='grc' dir='ltr'><strong><em>καὶ</em></strong></span> <span class='ocrx_word' id='word_1_337' title='bbox 1054 2273 1103 2309; x_wconf 78' lang='grc' dir='ltr'><strong><em>τὰ</em></strong></span> <span class='ocrx_word' id='word_1_338' title='bbox 1126 2274 1196 2308; x_wconf 83' lang='grc' dir='ltr'><strong><em>τοῦ</em></strong></span> <span class='ocrx_word' id='word_1_339' title='bbox 1217 2271 1370 2319; x_wconf 81' lang='grc' dir='ltr'><strong><em>Ἀρχύτα</em></strong></span> <span class='ocrx_word' id='word_1_340' title='bbox 1392 2272 1478 2318; x_wconf 85' lang='grc' dir='ltr'><strong><em>περὶ</em></strong></span> <span class='ocrx_word' id='word_1_341' title='bbox 1493 2270 1585 2318; x_wconf 84' lang='grc' dir='ltr'><strong><em>χρό-</em></strong></span> 
     </span>
     <span class='ocr_line' id='line_1_39' title="bbox 129 2326 1584 2377; baseline -0.003 -11"><span class='ocrx_word' id='word_1_342' title='bbox 129 2343 200 2366; x_wconf 88' lang='grc' dir='ltr'><strong><em>νον</em></strong></span> <span class='ocrx_word' id='word_1_343' title='bbox 223 2329 472 2377; x_wconf 84' lang='grc' dir='ltr'><strong><em>παραθέσθαι</em></strong></span> <span class='ocrx_word' id='word_1_344' title='bbox 498 2329 593 2377; x_wconf 75' lang='grc' dir='ltr'><strong><em>ἄρτι.</em></strong></span> <span class='ocrx_word' id='word_1_345' title='bbox 640 2330 732 2375; x_wconf 78' lang='grc' dir='ltr'><strong><em>φησὶ</em></strong></span> <span class='ocrx_word' id='word_1_346' title='bbox 755 2330 796 2366; x_wconf 80' lang='grc' dir='ltr'><strong><em>δὲ</em></strong></span> <span class='ocrx_word' id='word_1_347' title='bbox 820 2326 912 2366; x_wconf 68' lang='grc' dir='ltr'><strong><em>αἵδε·</em></strong></span> <span class='ocrx_word' id='word_1_348' title='bbox 938 2329 1005 2374; x_wconf 66' lang='lat' dir='ltr'><strong><em>„td</em></strong></span> <span class='ocrx_word' id='word_1_349' title='bbox 1032 2330 1074 2366; x_wconf 86' lang='grc' dir='ltr'><strong><em>δέ</em></strong></span> <span class='ocrx_word' id='word_1_350' title='bbox 1096 2343 1199 2365; x_wconf 88' lang='grc' dir='ltr'><strong><em>ποκα</em></strong></span> <span class='ocrx_word' id='word_1_351' title='bbox 1222 2329 1286 2364; x_wconf 86' lang='grc' dir='ltr'><strong><em>καὶ</em></strong></span> <span class='ocrx_word' id='word_1_352' title='bbox 1310 2326 1331 2364; x_wconf 81' lang='grc' dir='ltr'>ὁ</span> <span class='ocrx_word' id='word_1_353' title='bbox 1355 2328 1490 2374; x_wconf 82' lang='grc' dir='ltr'><strong><em>χρόνος</em></strong></span> <span class='ocrx_word' id='word_1_354' title='bbox 1513 2341 1584 2363; x_wconf 87' lang='grc' dir='ltr'><strong><em>κα-</em></strong></span> 
     </span>
     <span class='ocr_line' id='line_1_40' title="bbox 126 2381 1585 2432; baseline -0.003 -9"><span class='ocrx_word' id='word_1_355' title='bbox 126 2385 248 2423; x_wconf 88' lang='grc' dir='ltr'><strong><em>θόλου</em></strong></span> <span class='ocrx_word' id='word_1_356' title='bbox 280 2386 348 2431; x_wconf 79' lang='grc' dir='ltr'><strong><em>μὲν</em></strong></span> <span class='ocrx_word' id='word_1_357' title='bbox 379 2387 477 2422; x_wconf 84' lang='grc' dir='ltr'><strong><em>ἴδιον</em></strong></span> <span class='ocrx_word' id='word_1_358' title='bbox 511 2386 584 2431; x_wconf 77' lang='grc' dir='ltr'><strong><em>ἔχει</em></strong></span> <span class='ocrx_word' id='word_1_359' title='bbox 614 2383 657 2421; x_wconf 79' lang='grc' dir='ltr'><strong><em>τὸ</em></strong></span> <span class='ocrx_word' id='word_1_360' title='bbox 694 2383 833 2432; x_wconf 79' lang='grc' dir='ltr'><strong><em>ἄμεσον</em></strong></span> <span class='ocrx_word' id='word_1_361' title='bbox 863 2386 928 2423; x_wconf 78' lang='grc' dir='ltr'><strong><em>καὶ</em></strong></span> <span class='ocrx_word' id='word_1_362' title='bbox 954 2384 997 2422; x_wconf 85' lang='grc' dir='ltr'>τὸ</span> <span class='ocrx_word' id='word_1_363' title='bbox 1029 2383 1313 2422; x_wconf 72' lang='grc' dir='ltr'><strong><em>ἀνυπόστατον·</em></strong></span> <span class='ocrx_word' id='word_1_364' title='bbox 1352 2382 1395 2419; x_wconf 87' lang='grc' dir='ltr'><strong><em>τὸ</em></strong></span> <span class='ocrx_word' id='word_1_365' title='bbox 1420 2381 1491 2430; x_wconf 78' lang='grc' dir='ltr'><strong><em>γάρ</em></strong></span> <span class='ocrx_word' id='word_1_366' title='bbox 1515 2385 1585 2419; x_wconf 85' lang='grc' dir='ltr'><strong><em>νῦν</em></strong></span> 
     </span>
     <span class='ocr_line' id='line_1_41' title="bbox 131 2438 1585 2489; baseline -0.002 -11"><span class='ocrx_word' id='word_1_367' title='bbox 131 2441 267 2489; x_wconf 74' lang='grc' dir='ltr'><strong><em>άμερὲς</em></strong></span> <span class='ocrx_word' id='word_1_368' title='bbox 288 2442 485 2488; x_wconf 87' lang='grc' dir='ltr'><strong><em>λεγόμενον</em></strong></span> <span class='ocrx_word' id='word_1_369' title='bbox 508 2438 588 2488; x_wconf 74' lang='grc' dir='ltr'><strong><em>ἅμα</em></strong></span> <span class='ocrx_word' id='word_1_370' title='bbox 609 2441 808 2488; x_wconf 89' lang='grc' dir='ltr'><strong><em>λεγόμενον</em></strong></span> <span class='ocrx_word' id='word_1_371' title='bbox 829 2443 895 2479; x_wconf 86' lang='grc' dir='ltr'><strong><em>καὶ</em></strong></span> <span class='ocrx_word' id='word_1_372' title='bbox 927 2442 1134 2488; x_wconf 78' lang='grc' dir='ltr'><strong><em>νοούμενον</em></strong></span> <span class='ocrx_word' id='word_1_373' title='bbox 1165 2439 1405 2487; x_wconf 84' lang='grc' dir='ltr'><strong><em>παρελήλυθε</em></strong></span> <span class='ocrx_word' id='word_1_374' title='bbox 1427 2440 1491 2475; x_wconf 84' lang='grc' dir='ltr'><strong><em>καὶ</em></strong></span> <span class='ocrx_word' id='word_1_375' title='bbox 1515 2438 1585 2476; x_wconf 82' lang='grc' dir='ltr'><strong><em>ουίι</em></strong></span> 
     </span>
     <span class='ocr_line' id='line_1_42' title="bbox 129 2494 1585 2547; baseline -0.002 -12"><span class='ocrx_word' id='word_1_376' title='bbox 129 2498 206 2535; x_wconf 82' lang='grc' dir='ltr'><strong><em>ἔστι</em></strong></span> <span class='ocrx_word' id='word_1_377' title='bbox 227 2499 461 2547; x_wconf 85' lang='grc' dir='ltr'><strong><em>παραμένον·</em></strong></span> <span class='ocrx_word' id='word_1_378' title='bbox 495 2499 693 2544; x_wconf 87' lang='grc' dir='ltr'><strong><em>γινόμενον</em></strong></span> <span class='ocrx_word' id='word_1_379' title='bbox 714 2497 786 2546; x_wconf 79' lang='grc' dir='ltr'><strong><em>γάρ</em></strong></span> <span class='ocrx_word' id='word_1_380' title='bbox 818 2501 980 2545; x_wconf 79' lang='grc' dir='ltr'><strong><em>συνεχῶς</em></strong></span> <span class='ocrx_word' id='word_1_381' title='bbox 1002 2496 1045 2535; x_wconf 84' lang='grc' dir='ltr'><strong><em>τὸ</em></strong></span> <span class='ocrx_word' id='word_1_382' title='bbox 1079 2496 1175 2534; x_wconf 73' lang='grc' dir='ltr'><strong><em>αότὸ</em></strong></span> <span class='ocrx_word' id='word_1_383' title='bbox 1212 2496 1401 2533; x_wconf 76' lang='grc' dir='ltr'><strong><em>ούδέποκα</em></strong></span> <span class='ocrx_word' id='word_1_384' title='bbox 1430 2494 1585 2538; x_wconf 78' lang='grc' dir='ltr'><strong><em>σώζεται</em></strong></span> 
     </span>
     <span class='ocr_line' id='line_1_43' title="bbox 128 2550 1586 2602; baseline -0.003 -11"><span class='ocrx_word' id='word_1_385' title='bbox 128 2552 209 2591; x_wconf 81' lang='grc' dir='ltr'><strong><em>κατ’</em></strong></span> <span class='ocrx_word' id='word_1_386' title='bbox 233 2554 422 2602; x_wconf 80' lang='grc' dir='ltr'><strong><em>άριθμόν,</em></strong></span> <span class='ocrx_word' id='word_1_387' title='bbox 455 2552 553 2591; x_wconf 78' lang='grc' dir='ltr'><strong><em>κατά</em></strong></span> <span class='ocrx_word' id='word_1_388' title='bbox 579 2554 709 2601; x_wconf 89' lang='grc' dir='ltr'><strong><em>μέντοι</em></strong></span> <span class='ocrx_word' id='word_1_389' title='bbox 730 2568 771 2601; x_wconf 89' lang='grc' dir='ltr'><strong><em>γε</em></strong></span> <span class='ocrx_word' id='word_1_390' title='bbox 793 2553 838 2591; x_wconf 82' lang='grc' dir='ltr'><strong><em>τὸ</em></strong></span> <span class='ocrx_word' id='word_1_391' title='bbox 864 2554 984 2597; x_wconf 85' lang='grc' dir='ltr'><strong><em>εἶδος·</em></strong></span> <span class='ocrx_word' id='word_1_392' title='bbox 1033 2552 1053 2591; x_wconf 79' lang='grc' dir='ltr'>ὁ</span> <span class='ocrx_word' id='word_1_393' title='bbox 1077 2552 1149 2600; x_wconf 75' lang='grc' dir='ltr'><strong><em>γάρ</em></strong></span> <span class='ocrx_word' id='word_1_394' title='bbox 1182 2551 1337 2592; x_wconf 79' lang='grc' dir='ltr'><strong><em>ἐνεστώς</em></strong></span> <span class='ocrx_word' id='word_1_395' title='bbox 1359 2553 1429 2588; x_wconf 80' lang='grc' dir='ltr'><strong><em>νῦν</em></strong></span> <span class='ocrx_word' id='word_1_396' title='bbox 1450 2550 1586 2598; x_wconf 83' lang='grc' dir='ltr'><strong><em>χρόνος</em></strong></span> 
     </span>
     <span class='ocr_line' id='line_1_44' title="bbox 129 2606 1584 2659; baseline -0.002 -13"><span class='ocrx_word' id='word_1_397' title='bbox 129 2611 194 2647; x_wconf 80' lang='grc' dir='ltr'><strong><em>καὶ</em></strong></span> <span class='ocrx_word' id='word_1_398' title='bbox 216 2609 238 2647; x_wconf 79' lang='grc' dir='ltr'><strong><em>ό</em></strong></span> <span class='ocrx_word' id='word_1_399' title='bbox 260 2612 401 2657; x_wconf 87' lang='grc' dir='ltr'><strong><em>μέλλων</em></strong></span> <span class='ocrx_word' id='word_1_400' title='bbox 425 2609 493 2648; x_wconf 73' lang='grc' dir='ltr'><strong><em>οὔκ</em></strong></span> <span class='ocrx_word' id='word_1_401' title='bbox 516 2611 616 2648; x_wconf 83' lang='grc' dir='ltr'><strong><em>ἔστιν</em></strong></span> <span class='ocrx_word' id='word_1_402' title='bbox 648 2609 669 2647; x_wconf 81' lang='grc' dir='ltr'><strong><em>ό</em></strong></span> <span class='ocrx_word' id='word_1_403' title='bbox 702 2609 818 2653; x_wconf 72' lang='grc' dir='ltr'><strong><em>αὐτὸς</em></strong></span> <span class='ocrx_word' id='word_1_404' title='bbox 851 2613 904 2659; x_wconf 82' lang='grc' dir='ltr'><strong><em>τῷ</em></strong></span> <span class='ocrx_word' id='word_1_405' title='bbox 927 2609 1188 2658; x_wconf 88' lang='grc' dir='ltr'><strong><em>προγεγονότι·</em></strong></span> <span class='ocrx_word' id='word_1_406' title='bbox 1231 2607 1252 2644; x_wconf 78' lang='lat' dir='ltr'><strong><em>o‘</em></strong></span> <span class='ocrx_word' id='word_1_407' title='bbox 1282 2607 1350 2653; x_wconf 73' lang='grc' dir='ltr'><strong><em>μὲν</em></strong></span> <span class='ocrx_word' id='word_1_408' title='bbox 1379 2606 1450 2655; x_wconf 75' lang='grc' dir='ltr'><strong><em>γάρ</em></strong></span> <span class='ocrx_word' id='word_1_409' title='bbox 1484 2606 1584 2644; x_wconf 84' lang='grc' dir='ltr'><strong><em>άπο-</em></strong></span> 
     </span>
     <span class='ocr_line' id='line_1_45' title="bbox 128 2662 1584 2713; baseline -0.002 -11"><span class='ocrx_word' id='word_1_410' title='bbox 128 2666 255 2712; x_wconf 82' lang='grc' dir='ltr'><strong><em>γέγονε</em></strong></span> <span class='ocrx_word' id='word_1_411' title='bbox 277 2668 341 2704; x_wconf 80' lang='grc' dir='ltr'><strong><em>καὶ</em></strong></span> <span class='ocrx_word' id='word_1_412' title='bbox 364 2667 435 2704; x_wconf 84' lang='grc' dir='ltr'><strong><em>ουίι</em></strong></span> <span class='ocrx_word' id='word_1_413' title='bbox 459 2667 514 2704; x_wconf 81' lang='grc' dir='ltr'><strong><em>ἔτι</em></strong></span> <span class='ocrx_word' id='word_1_414' title='bbox 545 2667 664 2709; x_wconf 82' lang='grc' dir='ltr'><strong><em>ἔστιν,</em></strong></span> <span class='ocrx_word' id='word_1_415' title='bbox 698 2665 718 2702; x_wconf 83' lang='grc' dir='ltr'>ὁ</span> <span class='ocrx_word' id='word_1_416' title='bbox 742 2666 784 2703; x_wconf 80' lang='grc' dir='ltr'><strong><em>δὲ</em></strong></span> <span class='ocrx_word' id='word_1_417' title='bbox 806 2665 885 2713; x_wconf 78' lang='grc' dir='ltr'><strong><em>ἅμα</em></strong></span> <span class='ocrx_word' id='word_1_418' title='bbox 908 2667 1113 2711; x_wconf 87' lang='grc' dir='ltr'><strong><em>νοούμενος</em></strong></span> <span class='ocrx_word' id='word_1_419' title='bbox 1136 2665 1199 2700; x_wconf 81' lang='grc' dir='ltr'><strong><em>καὶ</em></strong></span> <span class='ocrx_word' id='word_1_420' title='bbox 1224 2662 1429 2706; x_wconf 78' lang='grc' dir='ltr'><strong><em>ἐνεστακώς</em></strong></span> <span class='ocrx_word' id='word_1_421' title='bbox 1452 2664 1584 2713; x_wconf 76' lang='grc' dir='ltr'><strong><em>παρῴ-</em></strong></span> 
     </span>
     <span class='ocr_line' id='line_1_46' title="bbox 129 2719 1584 2767; baseline -0.001 -9"><span class='ocrx_word' id='word_1_422' title='bbox 129 2735 230 2767; x_wconf 70' lang='grc' dir='ltr'><strong><em>χηκε,</em></strong></span> <span class='ocrx_word' id='word_1_423' title='bbox 248 2723 313 2759; x_wconf 75' lang='grc' dir='ltr'><strong><em>καὶ</em></strong></span> <span class='ocrx_word' id='word_1_424' title='bbox 335 2721 456 2765; x_wconf 70' lang='grc' dir='ltr'><strong><em>οὕτως</em></strong></span> <span class='ocrx_word' id='word_1_425' title='bbox 474 2723 534 2760; x_wconf 80' lang='grc' dir='ltr'><strong><em>άεὶ</em></strong></span> <span class='ocrx_word' id='word_1_426' title='bbox 556 2721 738 2759; x_wconf 84' lang='grc' dir='ltr'><strong><em>συνάπτει</em></strong></span> <span class='ocrx_word' id='word_1_427' title='bbox 760 2720 803 2759; x_wconf 83' lang='grc' dir='ltr'><strong><em>τὸ</em></strong></span> <span class='ocrx_word' id='word_1_428' title='bbox 819 2725 890 2759; x_wconf 77' lang='grc' dir='ltr'><strong><em>νῦν</em></strong></span> <span class='ocrx_word' id='word_1_429' title='bbox 908 2723 1070 2767; x_wconf 76' lang='grc' dir='ltr'><strong><em>συνεχῶς</em></strong></span> <span class='ocrx_word' id='word_1_430' title='bbox 1091 2719 1179 2757; x_wconf 78' lang='grc' dir='ltr'><strong><em>ἄλλο</em></strong></span> <span class='ocrx_word' id='word_1_431' title='bbox 1199 2721 1262 2756; x_wconf 79' lang='grc' dir='ltr'><strong><em>καὶ</em></strong></span> <span class='ocrx_word' id='word_1_432' title='bbox 1282 2719 1368 2757; x_wconf 84' lang='grc' dir='ltr'><strong><em>άλλὸ</em></strong></span> <span class='ocrx_word' id='word_1_433' title='bbox 1387 2719 1584 2767; x_wconf 84' lang='grc' dir='ltr'><strong><em>γινόμενόν</em></strong></span> 
     </span>
     <span class='ocr_line' id='line_1_47' title="bbox 132 2774 1580 2828; baseline 0 -15"><span class='ocrx_word' id='word_1_434' title='bbox 132 2790 172 2814; x_wconf 88' lang='grc' dir='ltr'><strong><em>τε</em></strong></span> <span class='ocrx_word' id='word_1_435' title='bbox 194 2779 258 2815; x_wconf 72' lang='grc' dir='ltr'><strong><em>καὶ</em></strong></span> <span class='ocrx_word' id='word_1_436' title='bbox 279 2779 555 2828; x_wconf 75' lang='grc' dir='ltr'><strong><em>φθειρόμενον,</em></strong></span> <span class='ocrx_word' id='word_1_437' title='bbox 579 2777 678 2818; x_wconf 78' lang='grc' dir='ltr'><strong><em>κατὰ</em></strong></span> <span class='ocrx_word' id='word_1_438' title='bbox 700 2777 829 2825; x_wconf 83' lang='grc' dir='ltr'><strong><em>μέντοι</em></strong></span> <span class='ocrx_word' id='word_1_439' title='bbox 850 2792 891 2825; x_wconf 91' lang='grc' dir='ltr'><strong><em>γε</em></strong></span> <span class='ocrx_word' id='word_1_440' title='bbox 914 2777 957 2815; x_wconf 87' lang='grc' dir='ltr'><strong>τό</strong></span> <span class='ocrx_word' id='word_1_441' title='bbox 984 2776 1085 2820; x_wconf 81' lang='grc' dir='ltr'><strong><em>εἶδος</em></strong></span> <span class='ocrx_word' id='word_1_442' title='bbox 1107 2775 1151 2814; x_wconf 85' lang='grc' dir='ltr'><strong><em>τὸ</em></strong></span> <span class='ocrx_word' id='word_1_443' title='bbox 1176 2774 1285 2814; x_wconf 73' lang='grc' dir='ltr'><strong><em>αὐτό.</em></strong></span> <span class='ocrx_word' id='word_1_444' title='bbox 1332 2779 1411 2814; x_wconf 77' lang='grc' dir='ltr'><strong><em>πᾶν</em></strong></span> <span class='ocrx_word' id='word_1_445' title='bbox 1441 2775 1513 2825; x_wconf 74' lang='grc' dir='ltr'><strong><em>γὰρ</em></strong></span> <span class='ocrx_word' id='word_1_446' title='bbox 1537 2775 1580 2813; x_wconf 89' lang='grc' dir='ltr'><strong>τό</strong></span> 
     </span>
    </p>

    <p class='ocr_par' dir='ltr' id='par_1_12' title="bbox 1262 2839 1333 2874">
     <span class='ocr_line' id='line_1_48' title="bbox 1262 2839 1333 2874; baseline 0 -12"><span class='ocrx_word' id='word_1_447' title='bbox 1262 2839 1288 2874; x_wconf 77' lang='lat'><strong>3</strong></span> <span class='ocrx_word' id='word_1_448' title='bbox 1310 2839 1333 2862; x_wconf 58' lang='grc' dir='ltr'><strong><em>κ</em></strong></span> 
     </span>
    </p>
   </div>
  </div>
 </body>
</html>
