1734 3100
215 230 292 283 4Ίο
719 233 969 277 Analytica
993 233 1163 276 priora.

267 330 341 368 est.
396 327 438 367 Si
460 342 558 376 ,vero
585 329 800 381 propositio
825 329 953 369 minor
980 329 1104 376 (ΒΓ)
1132 341 1208 369 non
1237 329 1464 370 universalis
1491 332 1567 377 est,
1595 341 1685 368 con-

268 391 393 430 clusio
420 396 486 430 aut
510 405 586 431 non
613 393 660 431 fit
686 397 753 431 aut
778 404 855 430 non
881 392 1124 433 universalis.
1162 392 1233 432 Sin
1260 397 1389 431 autem
1409 394 1484 435 hoc
1504 393 1687 443 estquod

268 454 500 493 Aristoteles
528 455 636 504 dicit,
664 455 803 494 mirum
831 461 893 494 est
921 455 1024 506 quod
1053 467 1128 493 non
1156 454 1297 494 viderit
1324 455 1592 507 syllogismum
1613 466 1689 493 non

268 516 356 555 fieri
382 516 500 555 tertio
527 518 644 556 modo
671 519 820 569 primae
847 518 995 568 figurae
1024 519 1084 564 (Α
1109 517 1267 569 χρῶμα,
1297 517 1334 556 Β
1359 517 1532 567 λευκόν,
1561 518 1603 557 Γ
1615 529 1687 557 κα-

267 578 364 625 λόν)
411 579 571 619 minime
607 584 840 632 propterea,
888 581 991 632 quod
1039 582 1254 632 propositio
1289 582 1414 620 minor
1449 580 1689 632 particularis

269 646 357 690 est,
393 641 464 680 sed
493 644 581 693 quia
608 643 655 683 τὸ
685 644 721 683 Β
746 640 852 683 κατὰ
878 646 955 683 τοῦ
984 645 1026 684 Γ
1047 643 1125 683 οὐκ
1151 642 1317 695 άληθῶς
1344 641 1525 696 λέγεταιε
1562 655 1688 693 neque

269 705 373 744 enim
401 705 472 744 fiet
507 706 780 759 syllogismus,
820 708 854 745 si
889 708 1106 758 propositio
1133 708 1260 745 minor
1287 708 1512 746 universalis
1540 709 1602 744 est
1629 705 1690 752 (A

267 767 428 819 χρῶμα,
457 769 673 820 Βλευκόν,
702 768 940 818 Γκύκνος).
981 770 1093 818 Quod
1122 770 1156 807 si
1184 770 1271 820 quis
1299 770 1552 808 Aristotelem
1578 769 1689 819 igno-

269 832 418 870 ravisse
446 835 668 884 negaverit,
710 834 783 871 alia
820 833 1038 884 quaerenda
1067 832 1144 870 erit
1169 832 1272 869 hunc
1301 832 1427 869 locum
1456 830 1687 882 explanandi

267 894 381 933 ratio.
434 895 599 934 Accedit
635 897 737 947 quod
773 897 850 935 hoc
889 895 977 932 loco
1013 906 1088 933 non
1125 895 1202 944 agit
1226 894 1276 932 de
1303 894 1553 944 sophismatis
1580 893 1691 931 dete-

267 957 407 1005 gendis
436 962 476 995 et
504 960 719 1008 evitandis,
759 959 828 997 sed
857 958 908 996 de
934 957 1107 1004 ratione,
1136 969 1212 1007 qua
1239 957 1327 994 data
1356 957 1604 995 conclusione
1630 955 1690 992 in-

268 1019 474 1058 veniantur
500 1023 813 1073 propositiones,
850 1020 955 1059 unde
990 1019 1055 1058 illa
1083 1019 1248 1058 collecta
1276 1021 1347 1058 sit:
1385 1032 1503 1069 quare
1531 1019 1594 1056 hic
1622 1031 1691 1056 ex-

267 1082 402 1132 ponit,
452 1084 588 1134 quales
635 1085 734 1123 sumi
769 1085 939 1122 debeant
974 1082 1284 1134 propositiones,
1334 1082 1468 1132 quales
1508 1095 1584 1121 non
1620 1080 1690 1118 de-

269 1144 409 1194 beant,
437 1152 480 1185 ut
507 1148 704 1186 conclusio
733 1148 783 1185 sit
809 1146 1050 1186 universalis.
1085 1145 1299 1183 Dicendum
1329 1146 1404 1183 erit
1430 1146 1546 1197 igitur
1572 1144 1691 1182 verba

271 1205 307 1247 εἰ
332 1205 476 1259 μέντοι
497 1239 506 1247 .
531 1239 540 1248 .
560 1241 569 1250 .
597 1213 648 1250 27
673 1210 874 1262 ὑπάρχειν
899 1210 946 1247 iis
970 1222 1068 1260 quae
1101 1213 1404 1260 praecesserunt
1431 1207 1690 1259 perspicuita-

269 1270 320 1309 tis
342 1274 467 1322 gratia
485 1274 532 1311 ab
553 1275 768 1313 Aristotele
787 1274 918 1312 addita
940 1285 1044 1318 esse,
1059 1273 1204 1322 quippe
1226 1284 1325 1321 quae
1342 1270 1427 1308 aliis
1448 1269 1577 1309 verbis
1587 1269 1691 1307 idem

269 1335 490 1386 exprimant
517 1337 618 1386 quod
647 1338 855 1376 habuimus
883 1349 940 1375 τε.
961 1336 1026 1378 20,
1053 1334 1126 1372 nisi
1154 1335 1229 1372 hoc
1256 1334 1470 1372 discrimen
1493 1333 1591 1371 velis
1611 1336 1691 1369 sta-

266 1400 381 1437 tuere
420 1400 542 1449 (quod
572 1401 664 1438 satis
694 1401 778 1439 leve
807 1404 908 1444 est),
949 1403 994 1436 ut
1030 1411 1084 1435 vs.
1108 1399 1159 1434 20
1187 1401 1322 1448 agatur
1350 1394 1399 1435 de
1425 1394 1693 1448 propositione

267 1462 517 1511 particulari,
557 1475 661 1502 nunc
697 1476 789 1502 vero
824 1462 873 1500 de
910 1461 1122 1499 indefinita.
1177 1460 1290 1498 Fecit
1326 1461 1399 1499 hoc
1436 1458 1505 1497 lul.
1534 1457 1691 1503 Pacius,

270 1536 386 1573 quem
415 1537 490 1563 non
518 1538 676 1575 possum
716 1538 791 1564 non
819 1524 952 1563 mirari
981 1524 1085 1573 quod
1112 1523 1214 1561 hunc
1240 1522 1369 1560 locum
1397 1525 1507 1560 recte
1534 1519 1691 1558 intelle-

268 1587 339 1636 xit,
366 1600 598 1638 quamquam
627 1589 765 1627 falsam
793 1586 1142 1637 interpunctionem
1169 1586 1363 1630 servavit,
1394 1596 1493 1634 quae
1521 1582 1693 1633 explica-

270 1649 420 1688 tionem
455 1651 502 1688 ab
537 1651 624 1700 ipso
658 1652 895 1701 propositam
924 1661 999 1686 non
1028 1648 1221 1685 admittit:
1260 1647 1403 1685 reiecta
1431 1647 1534 1684 enim
1560 1645 1692 1683 Philo-

269 1713 359 1762 poni
399 1713 720 1764 interpretatione
755 1713 831 1750 hoc
867 1723 985 1750 unum
1015 1710 1126 1748 nobis
1154 1709 1333 1747 relictum
1362 1713 1447 1754 est,
1485 1712 1531 1746 ut
1558 1707 1691 1746 deleto

269 1782 464 1814 commate
499 1788 556 1816 vs.
577 1777 628 1814 26
665 1779 757 1826 post
792 1773 961 1826 λέγηται
988 1773 1116 1824 locum
1143 1773 1200 1811 ita
1225 1772 1509 1823 intelligamus,
1545 1775 1591 1809 ut
1618 1770 1693 1809 sibi

268 1839 533 1888 respondeant
561 1837 596 1878 εἰ
622 1836 698 1890 μὲν
724 1851 778 1876 vs.
792 1841 844 1877 20
871 1842 912 1877 et
939 1835 975 1876 εἰ
1002 1834 1047 1875 δὲ
1072 1848 1128 1874 vs.
1149 1838 1214 1885 22,
1243 1834 1279 1875 εἰ
1295 1833 1438 1886 μέντοι
1455 1847 1550 1874 vero
1571 1847 1627 1873 vs.
1640 1835 1692 1872 25

269 1905 425 1950 repetat
449 1901 534 1940 aliis
561 1903 690 1940 verbis
719 1902 821 1952 quod
850 1902 925 1939 iam
953 1901 1103 1938 dictum
1132 1900 1181 1937 sit
1207 1912 1263 1937 vs.
1296 1901 1348 1938 20
1375 1913 1446 1951 per
1464 1894 1594 1948 εἰμὲν
1615 1926 1625 1936 .
1650 1925 1659 1935 .
1679 1922 1690 1932 ·

269 1962 383 2011 Quod
412 1964 508 2002 dicit
535 1968 598 2002 est
624 1964 713 2004 hoc.
770 1964 813 2002 Si
839 1975 932 2002 vero
961 1964 1001 2002 A
1027 1962 1298 2012 praedicatur,
1325 1964 1376 2001 de
1402 1975 1479 2012 quo
1508 1960 1613 1999 omni
1642 1960 1692 2004 B,

269 2026 364 2064 nihil
399 2027 560 2076 quidem
594 2027 757 2079 impedit
792 2027 882 2077 quin
911 2026 947 2065 Β
981 2025 1229 2078 praedicetur
1256 2025 1306 2063 de
1332 2025 1498 2064 termino
1527 2025 1569 2063 Γ
1590 2024 1692 2067 (sive

270 2088 321 2127 de
349 2090 453 2128 omni
481 2090 564 2128 sive
592 2089 642 2128 de
669 2089 796 2140 aliquo
824 2092 1009 2137 tantum),
1036 2089 1077 2127 A
1104 2092 1231 2126 autem
1260 2092 1327 2126 aut
1354 2101 1428 2126 non
1456 2087 1506 2126 de
1533 2086 1639 2125 omni
1657 2086 1699 2125 Γ

270 2152 522 2203 praedicetur
556 2158 620 2191 aut
655 2154 810 2191 omnino
838 2165 914 2191 non
941 2152 1193 2203 praedicetur
1220 2151 1270 2189 de
1296 2152 1462 2189 termino
1490 2150 1546 2190 P:
1582 2162 1692 2189 nam-
1717 2197 1719 2200 .

272 2227 349 2264 que
387 2217 507 2254 verba
543 2217 642 2256 καθ’
680 2207 732 2256 οὗ
769 2213 822 2255 ἂν
857 2215 905 2256 τὸ
934 2216 970 2255 Β
1007 2212 1172 2266 λέγηται
1198 2211 1303 2254 κατὰ
1329 2212 1487 2261 παντός
1522 2213 1692 2252 eundem

271 2291 428 2317 sensum
460 2280 618 2326 habent,
647 2293 764 2330 quem
791 2292 847 2318 vs.
871 2282 921 2318 23
956 2279 1073 2317 verba
1099 2278 1198 2318 καθ’
1227 2269 1280 2317 οὗ
1307 2276 1360 2318 ἂν
1386 2277 1433 2318 τὸ
1463 2278 1498 2316 Β
1525 2275 1692 2328 λέγηται

271 2340 453 2392 ἀληθῶς.
490 2342 755 2395 Philoponum
767 2342 937 2394 quidem,
965 2354 1196 2392 quamquam
1207 2355 1290 2380 rem
1302 2355 1376 2381 non
1392 2347 1497 2379 recte
1509 2341 1691 2391 explicat,

271 2407 409 2444 eadem
437 2406 555 2444 verba
582 2406 768 2444 habuisse
795 2418 893 2456 quae
920 2418 990 2443 nos
1018 2410 1126 2456 patet
1152 2417 1200 2443 ex
1227 2405 1351 2444 schol.
1384 2404 1691 2443 184a17—21.

270 2469 381 2518 Quae
408 2469 512 2520 apud
539 2470 800 2507 Alexandrum
828 2469 1008 2521 leguntur
1037 2468 1125 2514 (fol.
1152 2469 1261 2507 155b
1287 2468 1348 2506 ed.
1369 2469 1487 2514 lunt.)
1515 2466 1571 2505 ita
1596 2479 1690 2518 per-

269 2532 385 2583 plexa
412 2537 520 2577 sunt,
555 2537 598 2571 ut
634 2533 745 2570 valde
774 2536 956 2583 corrupta
983 2544 1071 2570 esse
1098 2532 1310 2570 videantur.
1364 2530 1519 2569 Etenim
1549 2529 1689 2567 iisdem

268 2595 398 2633 verbis
439 2592 587 2642 (οὐδὲν
623 2594 775 2636 κωλύει
809 2598 867 2647 τῷ
905 2596 947 2634 Γ
978 2592 1178 2645 ὑπάρχειν
1212 2592 1259 2633 τὸ
1287 2593 1323 2633 Β
1350 2621 1360 2632 .
1378 2620 1389 2631 .
1416 2621 1426 2631 .
1455 2590 1691 2644 ὑπάρχειν),

271 2670 371 2707 quae
399 2659 515 2696 etiam
544 2671 614 2698 nos
650 2660 863 2708 habemns,
899 2671 948 2697 ex
983 2658 1194 2697 Aristotele
1228 2656 1435 2707 adscriptis
1476 2657 1584 2695 addit
1619 2653 1691 2696 καί

271 2717 383 2759 ἐστιν
411 2718 516 2772 αὕτη
545 2720 592 2774 (ἦ
617 2721 835 2772 πρότασις)
862 2720 891 2775 ἦ
917 2719 1024 2774 αὐτὴ
1050 2723 1102 2773 τῇ
1122 2718 1168 2760 ἐν
1188 2719 1295 2772 ἀρχῇ
1317 2717 1525 2772 εἰρημένῃ,
1553 2732 1690 2770 quam—

271 2796 388 2835 quam
415 2790 552 2835 postea
577 2786 681 2826 hunc
708 2786 835 2826 locum
860 2786 914 2825 ita
940 2785 1079 2833 affert,
1116 2787 1161 2824 ut
1186 2783 1330 2835 legisse
1355 2783 1537 2824 videatur
1563 2779 1690 2824 οὐδὲν
