1884 3100
552 766 1218 825 OATEGORIAE.

127 990 335 1058 'situlum
375 1016 646 1069 Κατηγορίαι
679 1017 820 1068 optimi
858 1016 975 1056 codd.
1003 1017 1211 1068 praebent.
1267 1015 1502 1068 Gumposch
1531 1015 1637 1063 (Ue-

122 1084 196 1122 ber
222 1082 288 1120 die
315 1081 444 1131 Logik
474 1081 553 1120 und
582 1082 790 1132 logischen
819 1080 1026 1120 Schriften
1055 1079 1127 1118 des
1146 1080 1386 1119 Aristoteles
1414 1079 1511 1131 Lpz.
1532 1081 1639 1118 1839

121 1159 163 1198 p.
191 1148 264 1190 53)
297 1143 406 1196 Περὶ
431 1145 520 1184 τῶν
548 1144 651 1185 δέκα
677 1145 818 1196 γενῶν
847 1145 991 1182 librum
1017 1145 1180 1183 inscribi
1208 1145 1371 1192 maluit,
1399 1155 1639 1195 quamquam

122 1222 174 1249 ex
200 1208 250 1247 iis
278 1209 376 1260 ipsis
407 1208 626 1260 Simplicii,
655 1210 814 1256 Boethi,
844 1207 1004 1246 Davidis
1032 1213 1074 1246 et
1092 1208 1336 1258 interpretis
1364 1209 1551 1259 anonymi
1579 1207 1640 1246 lo-

123 1274 207 1322 cis,
244 1285 342 1324 quos
379 1273 615 1325 adscripsit,
654 1277 768 1324 patet
806 1270 1074 1324 Κατηγορίαι
1109 1285 1247 1311 verum
1276 1272 1431 1311 abillis
1458 1271 1640 1310 habitum

124 1349 215 1375 esse
225 1337 396 1384 titulum,
425 1350 544 1388 quem
555 1338 642 1375 iure
656 1337 791 1375 laudat
803 1337 974 1375 Davides
986 1336 1143 1382 (Schol.
1158 1336 1248 1374 coll.
1263 1336 1434 1374 Brundis
1447 1336 1531 1373 181)
1546 1337 1616 1379 10)
1628 1347 1641 1373 2

124 1398 170 1439 αἱ
194 1402 390 1440 τοιαῦται
416 1399 648 1452 ἐπιγραφαὶ
671 1399 1011 1451 δραστικώτερον
1035 1400 1271 1451 παριστῶσι
1296 1399 1346 1439 τὸ
1373 1398 1643 1451 σύγγραμμα.

125 1463 255 1503 Tituli
281 1465 511 1504 varietatem
539 1466 617 1504 iam
640 1470 927 1504 commemorat
953 1465 1202 1515 Porphyrius
1233 1462 1362 1511 (κατὰ
1387 1467 1542 1504 πεῦσιν
1568 1460 1643 1503 καὶ

124 1525 353 1578 ἀπόκρισιν
388 1528 460 1567 fol.
489 1531 594 1575 2b):
634 1530 756 1569 ἄλλοι
789 1527 869 1580 μὲν
904 1524 988 1579 πρὸ
1026 1528 1115 1567 τῶν
1150 1528 1352 1568 Τοπικῶν
1379 1524 1641 1579 ἐπέγραψαν,

124 1592 246 1631 ἄλλοι
286 1589 333 1632 δὲ
367 1589 466 1642 περὶ
499 1593 588 1633 τῶν
613 1593 754 1644 γενῶν
779 1595 862 1632 τοῦ
890 1593 1039 1641 ὄντος,
1077 1593 1199 1632 ἄλλοι
1225 1590 1271 1632 δὲ
1300 1591 1398 1643 περὶ
1424 1593 1512 1632 τῶν
1540 1590 1643 1633 δέκα

124 1656 276 1709 γενῶν.
321 1655 404 1694 Leo
417 1657 683 1707 Magenteuus
714 1661 771 1703 (v.
796 1670 898 1707 quae
917 1658 1151 1707 collegimus
1170 1658 1322 1696 scholia
1344 1671 1384 1709 p.
1397 1660 1450 1695 30
1462 1658 1568 1703 init.)
1593 1656 1643 1695 li-

127 1722 245 1760 brum
282 1720 445 1759 inscribi
472 1721 573 1759 dicit
599 1717 732 1768 „652oe
757 1719 1051 1773 κατηγορίαι”.
1094 1721 1252 1759 Titulus
1280 1720 1365 1772 πρὸ
1392 1721 1481 1761 τῶν
1513 1721 1643 1761 Τοπι-

126 1784 234 1833 κῶν,
272 1796 390 1834 quem
417 1784 616 1822 Adrastus
644 1785 974 1836 Aphrodisiensis
1010 1784 1114 1822 libro
1141 1785 1380 1834 praefixisse
1408 1786 1555 1824 dicitur
1584 1788 1642 1832 (v.

128 1847 267 1898 Krugii
294 1847 346 1885 de
375 1846 462 1885 cat.
490 1847 766 1887 Prolusionem
794 1848 906 1899 Lips.
940 1849 1045 1886 1809
1074 1861 1115 1898 p.
1143 1848 1216 1893 4),
1246 1847 1645 1900 fortasse-originem

126 1911 267 1951 habuit
303 1910 419 1958 inde,
449 1911 554 1962 quod
583 1924 686 1962 quae
711 1913 751 1950 in
779 1912 905 1950 altera
932 1916 1047 1963 parte
1075 1910 1373 1963 categoriarum
1403 1914 1455 1952 de
1482 1913 1645 1964 opposi-

128 1975 183 2014 tis
221 1974 401 2013 dicantur
436 1975 486 2012 ad
523 1975 771 2013 dialecticam
807 1976 934 2026 magis
971 1975 1176 2026 pertinere
1211 1976 1420 2015 videantur
1447 1990 1566 2028 quam
1594 1978 1647 2017 ad

128 2039 257 2091 ipsam
297 2038 349 2075 de
377 2039 592 2090 categoriis
621 2039 867 2087 doctrinam3
904 2039 957 2078 cf.
988 2039 1128 2090 Simpl.
1157 2039 1282 2078 schol.
1303 2042 1581 2080 88a32—34
1603 2045 1646 2081 et

130 2102 300 2141 Brandis
328 2101 466 2140 Ueber
493 2101 560 2140 die
581 2102 851 2153 Reihenfolge
886 2104 962 2142 der
979 2103 1141 2141 Bucher
1158 2103 1231 2141 des
1248 2102 1433 2153 organon
1453 2105 1492 2143 in
1510 2104 1645 2144 Abhh.

131 2165 206 2205 der
226 2165 332 2203 Berl.
354 2165 480 2204 Akad.
512 2167 627 2204 1833.
653 2166 899 2218 Hinc-phil.
928 2166 992 2208 ΚΙ.
1022 2180 1061 2217 p.
1089 2168 1169 2204 266
1196 2171 1238 2205 et
1264 2169 1357 2215 268,
1386 2168 1456 2218 qui
1483 2168 1644 2207 titulum

132 2227 219 2278 πρὸ
256 2228 344 2268 τῶν
376 2227 575 2267 Τοπικῶν
614 2229 789 2267 Adrasto
839 2231 1102 2281 antiquiorem
1140 2243 1233 2268 esse
1269 2231 1446 2269 ostendit
1484 2244 1523 2280 p.
1552 2233 1645 2280 2²3,

133 2294 224 2331 21¹1.
279 2291 495 2331 Praeterea
522 2297 678 2330 veteres
705 2293 968 2344 interpretes,
999 2308 1120 2344 quum
1149 2294 1255 2333 hunc
1284 2294 1427 2333 librum
1457 2294 1647 2342 afferunt,

135 2357 313 2395 scribere
340 2356 474 2395 solent
501 2352 549 2395 ἐν
577 2355 880 2407 Κατηγορίαις,
908 2353 956 2396 έν
982 2358 1042 2412 τῷ
1070 2357 1370 2409 συγγράμματι
1395 2357 1484 2397 τῶν
1503 2359 1647 2412 Κατη-

133 2419 297 2471 γοριῶν
326 2420 376 2459 al.
418 2420 646 2458 huiusmodi
676 2423 730 2464 (v.
760 2421 886 2460 schol.
917 2423 1116 2470 115b34,
1147 2425 1225 2460 116
1240 2426 1320 2471 aa,
1350 2424 1551 2470 1362145,
1572 2426 1646 2471 48)

135 2484 328 2534 neglectis
366 2484 530 2534 reliquis
572 2483 721 2522 titulis:
758 2496 881 2534 quare
917 2498 995 2524 non
1025 2487 1188 2532 dubito,
1229 2487 1324 2536 quin
1352 2487 1401 2524 ab
1431 2487 1648 2528 Aristotele

136 2548 225 2600 ipso
251 2548 467 2599 inscriptus
496 2548 548 2586 sit
573 2546 855 2598 Κατηγορίαι,
883 2562 1124 2599 quamquam
1152 2550 1307 2601 singula
1335 2551 1465 2600 capita
1493 2565 1570 2592 non
1597 2553 1648 2592 ab

136 2625 187 2652 eo
222 2613 417 2663 inscripta
443 2624 535 2650 esse
563 2612 612 2650 iis
650 2613 805 2660 verbis,
833 2627 935 2664 quae
962 2627 1066 2652 nunc
1094 2615 1135 2651 in
1163 2614 1280 2652 codd.
1310 2628 1437 2666 paene
1465 2616 1647 2657 omnibus

138 2675 243 2714 sicut
269 2676 307 2714 iu
335 2677 398 2714 ed.
418 2675 572 2726 Bipont.
600 2676 651 2714 iis
680 2679 906 2729 praeposita
934 2683 1040 2726 sunt,
1070 2690 1190 2729 quum
1219 2682 1425 2718 auctorem
1451 2680 1647 2720 hahemus

140 2739 386 2791 Simplicium
409 2739 558 2787 (schol.
586 2741 773 2787 661133),
801 2745 884 2779 tum
913 2741 1029 2779 exiis
1047 2741 1284 2794 colligimus,
1309 2756 1411 2794 quae
1427 2744 1550 2783 habet
1568 2744 1647 2783 Da-

140 2801 253 2842 vides
291 2803 438 2850 (schol.
465 2805 659 2851 60a31J:
696 2804 852 2844 dubitat
890 2805 1018 2853 enim,
1056 2804 1150 2856 quid
1184 2806 1479 2848 inscribendum
1516 2809 1571 2848 sit
1609 2808 1648 2848 ei
