1884 3100
610 210 953 246 ΠΡΟΤΕΡΩΝ
978 213 1018 245 Α.
1456 211 1537 250 1OE

85 308 126 357 δ’
153 307 201 366 ἐξ
225 307 364 372 ἀρχῆς
393 308 642 370 περαίνεται
676 308 734 356 δι’
769 307 1006 371 ὁμολογίας
1032 306 1067 373 ἤ
1094 325 1214 367 τινος
1242 305 1381 372 ἄλλης
1411 307 1532 356 ὐπο-
1547 323 1585 352 ιο

83 377 264 434 θέσεως.
301 378 340 424 εἰ
376 377 425 423 δὲ
462 376 584 423 τοῦτ’
618 376 806 440 ἀληθές,
845 381 996 424 πᾶσαν
1034 375 1256 434 ἀπόδειξιν
1285 379 1361 423 καὶ
1388 375 1534 424 πάντα
1550 386 1574 419 b

84 441 385 506 συλλογισμὸν
415 442 584 508 ἀνάγκη
612 446 811 506 γίνεσθαι
844 442 917 490 διὰ
943 448 1077 503 τριῶν
1097 449 1186 491 τῶν
1206 444 1536 507 προειρημένων

85 511 329 575 σχημάτων.
378 511 545 558 τούτου
575 514 621 558 δὲ
650 511 900 572 δειχθέντος
933 514 1077 574 δῆλον
1107 511 1168 570 ὡς
1197 509 1315 570 ἅπας
1343 531 1388 559 τε
1417 516 1526 559 συλ-

83 578 292 642 λογισμὸς
332 578 579 625 ἐπιτελεῖται
618 576 694 625 διὰ
718 582 803 624 τοῦ
828 577 1013 639 πρώτου
1049 579 1272 643 σχήματος
1305 581 1382 627 καὶ
1421 577 1534 627 ἀνά-

82 663 199 707 γεται
224 647 286 702 εἰς
302 643 410 702 τούς
431 646 476 691 ἐν
494 644 637 726 τούτῳ
654 644 861 692 καθόλου
878 647 1222 707 συλλογισμούς.
1552 655 1572 684 ⁵

204 711 304 758 Ἔτι
337 730 380 758 τε
416 712 461 759 ἐν
496 728 653 759 απαντι
687 716 756 759 δεῖ
772 713 1070 777 κατηγορικόν
1093 733 1192 761 τινα
1210 733 1302 761 των
1320 710 1440 774 ὅρων
1469 710 1532 761 εἶ-
1550 715 1617 760 24

79 798 154 827 ναι
186 781 259 826 καὶ
293 777 344 826 τό
377 779 586 826 καθόλου
617 778 854 842 ὑπάρχειν·
890 799 1001 828 ανευ
1033 779 1117 847 γὰρ
1150 786 1235 828 τοῦ
1267 779 1532 829 καθόλου’“
1502 800 1533 845 η

81 845 167 894 οὐκ
189 847 306 894 ἔσται
328 844 676 909 συλλογισμὸς’”
649 867 675 911 η
697 847 758 894 ου’
785 847 898 908 πρὸς
918 847 970 895 τὸ
989 850 1209 909 κείμενον,
1254 846 1303 920 ἢ
1303 847 1357 895 τὸ
1383 847 1478 904 ἐξ’
1448 867 1531 910 αρ-

82 933 163 977 χης
181 913 415 978 αἰτήσεται.
449 916 616 961 κείσθω
633 914 718 976 γὰρ
730 914 812 978 τὴν
827 915 1052 979 μουσικὴν
1074 915 1243 980 ἡδονὴν
1262 921 1374 963 εἰναι
1384 929 1532 963 σπου-

81 983 223 1029 δαίαν.
260 983 298 1029 εἰ
312 983 391 1041 μὲν
406 1000 493 1029 ουν
504 980 728 1038 ἀξιώσειεν
740 981 910 1046 ἡδονὴν
920 989 1029 1030 εἰναι
1040 985 1294 1031 σπουδαίαν
1309 982 1372 1047 μὴ
1385 995 1532 1042 προσ-
1548 1000 1584 1028 ιο

79 1050 177 1106 θεὶς
206 1047 258 1095 τὸ
288 1053 459 1105 πᾶσαν,
502 1047 591 1096 οὐκ
626 1050 745 1096 ἔσται
770 1050 1090 1112 συλλογισμός·
1147 1054 1187 1098 εἰ
1219 1052 1267 1097 δὲ
1297 1069 1395 1097 τινα
1420 1049 1533 1114 ἡδο-

78 1114 172 1179 νήν,
209 1116 248 1162 εἰ
278 1116 357 1176 μὲν
390 1114 544 1178 αλλην,
581 1115 718 1163 οὐδὲν
751 1115 869 1175 πρὸς
901 1116 953 1165 τὸ
988 1119 1204 1178 κείμενον,
1244 1119 1283 1164 εἰ
1315 1116 1357 1164 δ’
1390 1116 1577 1183 αὐτὴν

76 1182 266 1246 ταύτην,
310 1180 362 1229 τὸ
405 1181 452 1239 ἐξ
489 1181 629 1245 ἀρχῆς
668 1183 892 1244 λαμβάνει.
950 1189 1121 1244 μᾶλλον
1161 1186 1210 1231 δὲ
1242 1185 1406 1245 γίνεται
1438 1203 1532 1246 φα-

77 1248 206 1313 νερὰν
241 1250 288 1297 ἐν
319 1256 412 1307 τοῖς
445 1249 785 1311 διαγράμμασιν,
821 1248 917 1297 οἷον
952 1249 1022 1297 ὅτι
1045 1255 1130 1298 τοῦ
1154 1253 1419 1309 ἰσοσκελοῦς
1438 1254 1532 1299 ἴσαι

78 1318 124 1364 αἶ
155 1315 269 1375 πρὸς
297 1321 353 1378 τῇ
383 1316 522 1378 βάσει.
577 1318 770 1365 εστωσαν
803 1319 865 1375 εἰς
884 1316 935 1364 τὸ
954 1319 1135 1378 κέντρον
1167 1318 1353 1383 ἠγμέναι
1373 1319 1419 1366 αἱ
1440 1323 1581 1367 AB.1⁵

78 1385 116 1431 εἰ
149 1378 235 1431 οὖν
270 1386 371 1447 ἴσην
412 1383 652 1467 λαμβάνοι
678 1383 761 1449 τὴν
794 1389 882 1432 ΑΓ
916 1387 1082 1447 γωνίαν
1115 1390 1170 1448 τῇ
1203 1389 1286 1432 BA
1318 1384 1380 1447 μὴ
1414 1384 1533 1445 ολως

78 1449 274 1509 ἀξιώσας
326 1454 424 1509 ἴσας
465 1450 545 1510 τὰς
588 1456 680 1499 τῶν
723 1450 1023 1515 ἡμικυκλίων,
1069 1456 1144 1501 καὶ
1185 1453 1320 1516 πάλιν
1361 1452 1446 1517 τὴν
1489 1458 1538 1502 Γ

76 1522 131 1579 τῇ
182 1523 226 1565 Δ
279 1517 341 1582 μή
398 1523 547 1566 πᾶσαν
594 1518 866 1581 προσλαβων
909 1539 994 1584 την
1036 1525 1120 1568 τοῦ
1172 1520 1414 1584 τμήματος,
1469 1522 1531 1569 ἔτι

77 1583 210 1632 ἀεί’
186 1598 293 1632 ισων
326 1583 479 1634 ου’σῶν
506 1591 594 1634 τῶν
627 1585 743 1634 ὅλων
775 1593 948 1650 γωνιῶν
979 1590 1054 1634 καὶ
1089 1591 1197 1635 ἴσων
1231 1588 1531 1652 ἀφῃρημένων

75 1654 175 1710 ισας
220 1649 330 1700 εἶναι
370 1672 448 1712 τας
489 1654 650 1712 λοιπάς
685 1653 784 1718 [τὰς
818 1656 951 1718 ΕΖ],
994 1654 1046 1703 τό
1089 1655 1136 1712 ἐξ
1176 1654 1316 1719 ἀρχῆς
1348 1656 1579 1720 almos-20

72 1738 167 1778 ται,
214 1719 290 1768 ἐαν
331 1718 394 1784 μὴ
441 1722 557 1782 λάβῃ
603 1719 693 1769 ἀπὸ
739 1727 828 1769 τῶν
872 1724 981 1769 ἴσων
1026 1726 1135 1770 ἴσων
1180 1722 1528 1784 ἀφαιρουμένων

74 1790 150 1835 ἴσα
182 1789 426 1835 λείπεσθαι.
458 1787 685 1873 φανερὰν
692 1807 778 1836 ουν
808 1787 875 1836 ὅτι
910 1787 1007 1836 ἐν“
978 1806 1136 1837 απαντι
1157 1793 1225 1836 δεῖ
1242 1789 1295 1837 τὸ
1318 1791 1527 1838 καθόλου

74 1853 310 1938 ὑπάρχειν,
345 1856 419 1902 καὶ
453 1853 522 1902 ὅτι
555 1854 606 1903 τό
639 1875 718 1917 μεν
750 1857 960 1903 καθόλου
993 1856 1086 1939 fig:
1061 1856 1270 1903 απάντων
1288 1862 1379 1904 τῶν
1403 1876 1546 1916 ορων

72 1921 280 1969 καθόλου
299 1924 536 1979 δείκνυται,
570 1921 621 1970 τὸ
642 1922 682 1970 δ’
701 1924 747 1970 ἐν
765 1925 884 1984 μέρει
905 1925 978 1970 καὶ
1001 1922 1148 2010 οὕτως
1167 1922 1392 1982 κάκείνως,
1421 1922 1526 1972 ωστ’

74 1987 151 2037 ἑαν
169 2008 248 2050 μεν
266 1981 296 2051 ᾖ
316 1988 369 2036 τὸ
389 1991 710 2078 συμπέρασμξαα
706 1991 928 2047 καθόλου,
959 1994 1034 2038 καὶ
1054 1990 1164 2048 τούς
1190 1990 1332 2052 ὅρους
1352 1991 1524 2057 ἀνάγκη
1539 2007 1575 2036 2⁵

72 2057 284 2104 καθόλου
304 2054 426 2115 εἶναι,
463 2056 540 2105 ἐαν
559 2057 599 2105 δ’
619 2060 661 2105 οἱ
683 2056 780 2117 ὅροι
799 2058 1019 2112 καθόλου,
1042 2060 1252 2120 ἐνδέχεται
1274 2057 1326 2105 τό
1349 2071 1405 2106 61
1401 2060 1524 2120 ’μπέ-

73 2137 220 2185 ρασμα
239 2121 300 2187 μή
319 2130 428 2171 εἰναι
448 2125 666 2174 καθόλου.
704 2129 842 2189 δηλον
854 2127 902 2173 δε
921 2128 992 2173 καὶ
1011 2146 1076 2173 οτι
1087 2125 1172 2174 ἐν
1143 2143 1300 2173 απαντι
1288 2130 1524 2212 συλλογι-

72 2196 170 2258 σμῷ
186 2190 523 2255 ἢάμφοτέραςἭ
496 2212 522 2256 η
542 2212 624 2256 την
637 2194 786 2252 ετέραν
800 2194 1015 2253 πρότασιν
1038 2193 1196 2255 ὁμοίαν
1215 2192 1386 2256 ἀνάγκη
1405 2196 1522 2255 γίνε-
1546 2190 1549 2191 ⁷

72 2264 182 2306 σθαι
210 2263 273 2325 τῷ
293 2259 642 2321 συμπεράσματι.
687 2261 798 2324 λέγω
828 2260 868 2309 δ’
887 2260 949 2309 ου’
969 2261 1109 2324 μόνον
1127 2266 1190 2328 τῷ
1214 2278 1524 2325 καταφατικην

161 2405 206 2437 40
226 2402 334 2447 ἄλλης
349 2403 450 2444 τινὸς
465 2405 499 2438 d.

162 2448 254 2482 411>ss
273 2451 346 2483 τῶν
362 2451 476 2504 τριῶν
489 2451 564 2485 τῶν
583 2451 637 2493 Cf·
663 2469 705 2475 —
729 2448 791 2485 6⁶
769 2465 827 2486 οτι
846 2464 879 2486 n.
905 2471 950 2479 ·—
973 2465 1013 2488 τε
1029 2465 1084 2486 om
1103 2453 1137 2486 d.
1162 2472 1209 2477 —-
1232 2451 1273 2487 δὲ
1292 2451 1331 2486 ἐν
1346 2449 1520 2488 &nucam-

72 2512 115 2520 —
131 2494 152 2527 7
169 2495 238 2541 γὰρ
256 2509 303 2529 αν
322 2496 390 2530 τοῦ
410 2497 447 2530 G.
472 2515 515 2521 —
539 2496 625 2540 τοῦ]
642 2496 707 2539 τῆς
725 2497 759 2529 d.
781 2516 822 2522 -
846 2498 869 2531 8
884 2500 1125 2541 προκείμενον
1147 2499 1203 2540 Cf.
1219 2518 1260 2523 —
1291 2499 1332 2531 10
1351 2497 1523 2544 προσθῇς

72 2540 169 2583 prB,
190 2542 453 2587 προστιθεὶςῙ.
479 2561 525 2566 -
560 2542 601 2574 12
620 2542 862 2586 ποοκείμενον
883 2545 962 2587 Cdf.
986 2563 1033 2570 —-
1070 2545 1111 2577 16
1129 2541 1307 2587 λαμβάνει
1333 2543 1397 2587 Cf,
1430 2546 1520 2588 λαμ-

72 2595 180 2674 fidunt
195 2618 229 2651 d.
244 2637 288 2643 -
319 2619 359 2651 17
377 2616 444 2658 τὰς
462 2631 519 2651 om
535 2620 567 2652 d.
587 2639 629 2645 —
657 2620 698 2653 18
715 2618 785 2664 ἔτι]
804 2619 858 2654 ἔτι
877 2620 910 2655 δ’
928 2621 964 2654 C.
982 2640 1023 2645 —
1054 2621 1094 2654 19
1114 2620 1177 2654 καὶ
1197 2621 1273 2655 τῶν
1290 2618 1410 2665 ἀφῃρ.
1425 2632 1460 2654 π.
1473 2640 1519 2647 —-

73 2664 117 2695 20
132 2662 199 2702 τὰς
216 2662 308 2707 πρὸς
326 2667 405 2704 τοῖς
425 2665 462 2706 εζ
479 2677 513 2705 n,
540 2662 607 2703 τὰς
627 2662 663 2706 ἐξ
681 2677 721 2707 ρι·
736 2665 769 2697 d.
799 2684 839 2690 —
864 2668 903 2699 21
928 2665 1098 2719 λαμβανῃ
1112 2668 1146 2708 s.
1173 2685 1217 2691 -—
1253 2666 1327 2699 τῶν
1345 2678 1400 2698 om
1419 2666 1456 2699 d.
1472 2686 1518 2693 —

74 2707 125 2739 alt
142 2709 230 2742 ἴσων
246 2721 303 2742 om
323 2711 380 2752 As.
404 2728 451 2735 —
474 2712 518 2743 22
538 2711 734 2744 λείπεσθαι
752 2710 863 2765 ἴσαῙ.
889 2730 934 2737 —
958 2709 1000 2745 t6
1025 2723 1080 2743 om
1097 2713 1132 2752 f.
1160 2731 1202 2736 —
1233 2711 1278 2744 94
1295 2721 1386 2746 ωστε
1405 2724 1455 2746 αν
1474 2713 1517 2746 A.

71 2770 118 2824 Ξ
136 2754 185 2832 ἐξ
196 2753 375 2843 ὶιξῗιὲἐοῖὁ
384 2752 480 2834 εἰναι
498 2767 593 2799 marg
611 2767 689 2789 corr
705 2755 740 2788 d.
769 2774 809 2780 ——
836 2769 894 2791 οτι
914 2755 978 2790 καὶ
989 2758 1024 2799 f.
1041 2774 1083 2782 —
1108 2756 1153 2790 28
1171 2753 1315 2802 ἀνάγκη
1332 2753 1516 2802 δμοίωςά.
