<?xml version="1.0" encoding="UTF-8"?>
<!DOCTYPE html PUBLIC "-//W3C//DTD XHTML 1.0 Transitional//EN"
    "http://www.w3.org/TR/xhtml1/DTD/xhtml1-transitional.dtd">
<html xmlns="http://www.w3.org/1999/xhtml" xml:lang="en" lang="en">
 <head>
  <title>
</title>
<meta http-equiv="Content-Type" content="text/html;charset=utf-8" />
  <meta name='ocr-system' content='tesseract 3.04.00' />
  <meta name='ocr-capabilities' content='ocr_page ocr_carea ocr_par ocr_line ocrx_word'/>
</head>
<body>
  <div class='ocr_page' id='page_1' title='image "aristotelisorgan01arisuoft_0269.png"; bbox 0 0 1884 3100; ppageno 0'>
   <div class='ocr_carea' id='block_1_1' title="bbox 612 198 1540 238">
    <p class='ocr_par' dir='ltr' id='par_1_1' title="bbox 612 198 1540 238">
     <span class='ocr_line' id='line_1_1' title="bbox 612 198 1540 238; baseline -0.005 -2"><span class='ocrx_word' id='word_1_1' title='bbox 612 201 956 238; x_wconf 78' lang='grc' dir='ltr'><em>ΠΡΟΤΕΡΩΝ</em></span> <span class='ocrx_word' id='word_1_2' title='bbox 987 202 1028 234; x_wconf 94' lang='grc' dir='ltr'><strong><em>Β.</em></strong></span> <span class='ocrx_word' id='word_1_3' title='bbox 1459 198 1540 238; x_wconf 77' lang='lat'><strong><em>235</em></strong></span> 
     </span>
    </p>
   </div>
   <div class='ocr_carea' id='block_1_2' title="bbox 89 295 1591 2652">
    <p class='ocr_par' dir='ltr' id='par_1_2' title="bbox 89 295 1590 969">
     <span class='ocr_line' id='line_1_2' title="bbox 89 295 1571 363; baseline -0.004 -14"><span class='ocrx_word' id='word_1_4' title='bbox 89 300 169 350; x_wconf 73' lang='grc' dir='ltr'><strong><em>ἐὰν</em></strong></span> <span class='ocrx_word' id='word_1_5' title='bbox 199 299 239 348; x_wconf 90' lang='lat'><strong><em>6’</em></strong></span> <span class='ocrx_word' id='word_1_6' title='bbox 267 301 471 359; x_wconf 73' lang='grc' dir='ltr'><strong><em>ἐναντίως</em></strong></span> <span class='ocrx_word' id='word_1_7' title='bbox 503 299 792 363; x_wconf 81' lang='grc' dir='ltr'><strong><em>ἀντιστραφῇ,</em></strong></span> <span class='ocrx_word' id='word_1_8' title='bbox 821 297 1044 359; x_wconf 80' lang='grc' dir='ltr'><strong><em>οὐδετέρα.</em></strong></span> <span class='ocrx_word' id='word_1_9' title='bbox 1074 299 1113 346; x_wconf 77' lang='grc' dir='ltr'><strong><em>εἰ</em></strong></span> <span class='ocrx_word' id='word_1_10' title='bbox 1129 295 1214 360; x_wconf 77' lang='grc' dir='ltr'><strong><em>γὰρ</em></strong></span> <span class='ocrx_word' id='word_1_11' title='bbox 1230 295 1283 345; x_wconf 84' lang='grc' dir='ltr'><strong><em>τὸ</em></strong></span> <span class='ocrx_word' id='word_1_12' title='bbox 1301 301 1340 344; x_wconf 91' lang='grc' dir='ltr'><em>Α</em></span> <span class='ocrx_word' id='word_1_13' title='bbox 1365 298 1452 344; x_wconf 87' lang='grc' dir='ltr'><strong><em>τινὶ</em></strong></span> <span class='ocrx_word' id='word_1_14' title='bbox 1473 301 1540 362; x_wconf 77' lang='grc' dir='ltr'><strong><em>τῷ</em></strong></span> <span class='ocrx_word' id='word_1_15' title='bbox 1553 316 1571 344; x_wconf 80' lang='lat'>⁵</span> 
     </span>
     <span class='ocr_line' id='line_1_3' title="bbox 91 363 1539 435; baseline -0.003 -19"><span class='ocrx_word' id='word_1_16' title='bbox 91 373 138 416; x_wconf 88' lang='grc' dir='ltr'><strong><em>Γ</em></strong></span> <span class='ocrx_word' id='word_1_17' title='bbox 170 367 232 432; x_wconf 84' lang='grc' dir='ltr'><strong><em>μὴ</em></strong></span> <span class='ocrx_word' id='word_1_18' title='bbox 280 366 490 430; x_wconf 86' lang='grc' dir='ltr'><strong><em>ὑπάρχει,</em></strong></span> <span class='ocrx_word' id='word_1_19' title='bbox 535 373 600 435; x_wconf 75' lang='grc' dir='ltr'><strong><em>τῷ</em></strong></span> <span class='ocrx_word' id='word_1_20' title='bbox 639 370 687 415; x_wconf 77' lang='grc' dir='ltr'><strong><em>δὲ</em></strong></span> <span class='ocrx_word' id='word_1_21' title='bbox 721 371 761 414; x_wconf 88' lang='grc' dir='ltr'><strong><em>Β</em></strong></span> <span class='ocrx_word' id='word_1_22' title='bbox 798 368 950 421; x_wconf 89' lang='grc' dir='ltr'><strong><em>παντί,</em></strong></span> <span class='ocrx_word' id='word_1_23' title='bbox 992 364 1045 413; x_wconf 86' lang='grc' dir='ltr'><strong><em>τὸ</em></strong></span> <span class='ocrx_word' id='word_1_24' title='bbox 1082 369 1121 413; x_wconf 92' lang='grc' dir='ltr'><strong><em>Β</em></strong></span> <span class='ocrx_word' id='word_1_25' title='bbox 1156 367 1242 413; x_wconf 87' lang='grc' dir='ltr'><strong><em>τινὶ</em></strong></span> <span class='ocrx_word' id='word_1_26' title='bbox 1279 369 1342 432; x_wconf 74' lang='grc' dir='ltr'><strong><em>τῷ</em></strong></span> <span class='ocrx_word' id='word_1_27' title='bbox 1381 368 1428 411; x_wconf 92' lang='grc' dir='ltr'><em>Γ</em></span> <span class='ocrx_word' id='word_1_28' title='bbox 1450 363 1539 425; x_wconf 78' lang='grc' dir='ltr'><strong><em>οὐχ</em></strong></span> 
     </span>
     <span class='ocr_line' id='line_1_4' title="bbox 90 416 1539 514; baseline -0.004 -30"><span class='ocrx_word' id='word_1_29' title='bbox 90 434 288 497; x_wconf 77' lang='grc' dir='ltr'><strong><em>ὑπάρξει</em></strong></span> <span class='ocrx_word' id='word_1_30' title='bbox 332 434 427 482; x_wconf 84' lang='grc' dir='ltr'><strong><em>ἀλλ’</em></strong></span> <span class='ocrx_word' id='word_1_31' title='bbox 469 416 599 483; x_wconf 70' lang='grc' dir='ltr'><strong><em>οὔπω</em></strong></span> <span class='ocrx_word' id='word_1_32' title='bbox 630 435 868 494; x_wconf 84' lang='grc' dir='ltr'><strong><em>ἀναιρεῖται</em></strong></span> <span class='ocrx_word' id='word_1_33' title='bbox 912 431 966 480; x_wconf 83' lang='grc' dir='ltr'><strong><em>τὸ</em></strong></span> <span class='ocrx_word' id='word_1_34' title='bbox 1013 432 1059 489; x_wconf 79' lang='grc' dir='ltr'><strong><em>ἐξ</em></strong></span> <span class='ocrx_word' id='word_1_35' title='bbox 1104 431 1263 514; x_wconf 51' lang='grc' dir='ltr'><strong><em>ἀρχῆς</em></strong></span> <span class='ocrx_word' id='word_1_36' title='bbox 1325 433 1539 492; x_wconf 78' lang='grc' dir='ltr'><strong><em>ἐνδέχεται</em></strong></span> 
     </span>
     <span class='ocr_line' id='line_1_5' title="bbox 89 500 1538 567; baseline -0.003 -16"><span class='ocrx_word' id='word_1_37' title='bbox 89 502 173 567; x_wconf 75' lang='grc' dir='ltr'><strong><em>γάρ</em></strong></span> <span class='ocrx_word' id='word_1_38' title='bbox 202 505 287 550; x_wconf 90' lang='grc' dir='ltr'><strong><em>τινὶ</em></strong></span> <span class='ocrx_word' id='word_1_39' title='bbox 317 502 536 564; x_wconf 86' lang='grc' dir='ltr'><strong><em>ὑπάρχειν</em></strong></span> <span class='ocrx_word' id='word_1_40' title='bbox 565 505 638 550; x_wconf 85' lang='grc' dir='ltr'><strong><em>καὶ</em></strong></span> <span class='ocrx_word' id='word_1_41' title='bbox 670 504 753 549; x_wconf 88' lang='grc' dir='ltr'><strong><em>τινὶ</em></strong></span> <span class='ocrx_word' id='word_1_42' title='bbox 783 500 845 565; x_wconf 79' lang='grc' dir='ltr'><strong><em>μή</em></strong></span> <span class='ocrx_word' id='word_1_43' title='bbox 877 500 1102 562; x_wconf 76' lang='grc' dir='ltr'><strong><em>ὑπάρχειν.</em></strong></span> <span class='ocrx_word' id='word_1_44' title='bbox 1127 506 1209 565; x_wconf 75' lang='grc' dir='ltr'><strong><em>τῆς</em></strong></span> <span class='ocrx_word' id='word_1_45' title='bbox 1235 501 1283 547; x_wconf 73' lang='grc' dir='ltr'><strong><em>δὲ</em></strong></span> <span class='ocrx_word' id='word_1_46' title='bbox 1313 500 1538 556; x_wconf 74' lang='grc' dir='ltr'><strong><em>καθόλου,</em></strong></span> 
     </span>
     <span class='ocr_line' id='line_1_6' title="bbox 90 566 1540 634; baseline -0.003 -16"><span class='ocrx_word' id='word_1_47' title='bbox 90 575 173 634; x_wconf 77' lang='grc' dir='ltr'><strong><em>τῆς</em></strong></span> <span class='ocrx_word' id='word_1_48' title='bbox 200 574 298 627; x_wconf 91' lang='grc' dir='ltr'><strong><em>ΑΒ,</em></strong></span> <span class='ocrx_word' id='word_1_49' title='bbox 339 569 456 627; x_wconf 80' lang='grc' dir='ltr'><strong><em>ὅλως</em></strong></span> <span class='ocrx_word' id='word_1_50' title='bbox 490 589 548 617; x_wconf 79' lang='grc' dir='ltr'><strong><em>οι·</em></strong></span> <span class='ocrx_word' id='word_1_51' title='bbox 538 568 596 617; x_wconf 76' lang='grc' dir='ltr'><strong><em>’δὲ</em></strong></span> <span class='ocrx_word' id='word_1_52' title='bbox 635 571 796 631; x_wconf 74' lang='grc' dir='ltr'><strong><em>γίνεται</em></strong></span> <span class='ocrx_word' id='word_1_53' title='bbox 824 568 1147 628; x_wconf 83' lang='grc' dir='ltr'><strong><em>συλλογισμός·</em></strong></span> <span class='ocrx_word' id='word_1_54' title='bbox 1178 570 1215 615; x_wconf 86' lang='grc' dir='ltr'><strong><em>εἰ</em></strong></span> <span class='ocrx_word' id='word_1_55' title='bbox 1251 567 1335 629; x_wconf 77' lang='grc' dir='ltr'><strong><em>γὰρ</em></strong></span> <span class='ocrx_word' id='word_1_56' title='bbox 1366 566 1420 614; x_wconf 88' lang='grc' dir='ltr'>τὸ</span> <span class='ocrx_word' id='word_1_57' title='bbox 1459 568 1540 628; x_wconf 77' lang='grc' dir='ltr'><strong><em>μὲν</em></strong></span> 
     </span>
     <span class='ocr_line' id='line_1_7' title="bbox 90 634 1590 700; baseline -0.002 -16"><span class='ocrx_word' id='word_1_58' title='bbox 90 643 128 684; x_wconf 90' lang='grc' dir='ltr'><em>Α</em></span> <span class='ocrx_word' id='word_1_59' title='bbox 157 639 240 684; x_wconf 83' lang='grc' dir='ltr'><strong><em>τινὶ</em></strong></span> <span class='ocrx_word' id='word_1_60' title='bbox 269 641 361 683; x_wconf 73' lang='grc' dir='ltr'><strong><em>τῶν</em></strong></span> <span class='ocrx_word' id='word_1_61' title='bbox 396 640 443 682; x_wconf 92' lang='grc' dir='ltr'><em>Γ</em></span> <span class='ocrx_word' id='word_1_62' title='bbox 464 635 526 700; x_wconf 79' lang='grc' dir='ltr'><strong><em>μὴ</em></strong></span> <span class='ocrx_word' id='word_1_63' title='bbox 560 635 762 698; x_wconf 77' lang='grc' dir='ltr'><strong><em>ὑπάρχει,</em></strong></span> <span class='ocrx_word' id='word_1_64' title='bbox 793 634 844 682; x_wconf 84' lang='grc' dir='ltr'><strong><em>τὸ</em></strong></span> <span class='ocrx_word' id='word_1_65' title='bbox 877 637 923 682; x_wconf 77' lang='grc' dir='ltr'><strong><em>δὲ</em></strong></span> <span class='ocrx_word' id='word_1_66' title='bbox 946 639 984 682; x_wconf 91' lang='grc' dir='ltr'><strong><em>Β</em></strong></span> <span class='ocrx_word' id='word_1_67' title='bbox 1003 637 1086 682; x_wconf 88' lang='grc' dir='ltr'><strong><em>τινι</em></strong></span> <span class='ocrx_word' id='word_1_68' title='bbox 1105 634 1307 696; x_wconf 78' lang='grc' dir='ltr'><strong><em>ὑπάρχει,</em></strong></span> <span class='ocrx_word' id='word_1_69' title='bbox 1329 634 1540 695; x_wconf 71' lang='grc' dir='ltr'><strong><em>οὐδετέρα</em></strong></span> <span class='ocrx_word' id='word_1_70' title='bbox 1555 653 1590 681; x_wconf 84' lang='grc' dir='ltr'><strong><em>ιο</em></strong></span> 
     </span>
     <span class='ocr_line' id='line_1_8' title="bbox 92 701 1539 765; baseline -0.003 -14"><span class='ocrx_word' id='word_1_71' title='bbox 92 704 304 751; x_wconf 78' lang='grc' dir='ltr'><strong><em>καθόλου</em></strong></span> <span class='ocrx_word' id='word_1_72' title='bbox 320 707 412 750; x_wconf 73' lang='grc' dir='ltr'><strong><em>τοῖν</em></strong></span> <span class='ocrx_word' id='word_1_73' title='bbox 429 704 696 763; x_wconf 85' lang='grc' dir='ltr'><strong><em>προτάσεων.</em></strong></span> <span class='ocrx_word' id='word_1_74' title='bbox 716 702 879 763; x_wconf 82' lang='grc' dir='ltr'><strong><em>ὁμοίως</em></strong></span> <span class='ocrx_word' id='word_1_75' title='bbox 898 704 945 750; x_wconf 78' lang='grc' dir='ltr'><strong><em>δὲ</em></strong></span> <span class='ocrx_word' id='word_1_76' title='bbox 962 705 1037 749; x_wconf 83' lang='grc' dir='ltr'><strong><em>καὶ</em></strong></span> <span class='ocrx_word' id='word_1_77' title='bbox 1057 705 1095 749; x_wconf 82' lang='grc' dir='ltr'><strong><em>εἰ</em></strong></span> <span class='ocrx_word' id='word_1_78' title='bbox 1105 701 1361 765; x_wconf 83' lang='grc' dir='ltr'><strong><em>στερήτικὸς</em></strong></span> <span class='ocrx_word' id='word_1_79' title='bbox 1379 701 1405 749; x_wconf 88' lang='lat'><strong>6</strong></span> <span class='ocrx_word' id='word_1_80' title='bbox 1426 706 1539 749; x_wconf 65' lang='lat' dir='ltr'><strong><em>6v).-⁴</em></strong></span> 
     </span>
     <span class='ocr_line' id='line_1_9' title="bbox 92 768 1540 835; baseline -0.002 -17"><span class='ocrx_word' id='word_1_81' title='bbox 92 771 324 834; x_wconf 79' lang='grc' dir='ltr'><strong><em>λογισμός·</em></strong></span> <span class='ocrx_word' id='word_1_82' title='bbox 355 772 394 818; x_wconf 75' lang='grc' dir='ltr'><strong><em>εἰ</em></strong></span> <span class='ocrx_word' id='word_1_83' title='bbox 422 772 501 831; x_wconf 74' lang='grc' dir='ltr'><strong><em>μὲν</em></strong></span> <span class='ocrx_word' id='word_1_84' title='bbox 527 770 613 834; x_wconf 75' lang='grc' dir='ltr'><strong><em>γάρ</em></strong></span> <span class='ocrx_word' id='word_1_85' title='bbox 645 771 926 834; x_wconf 73' lang='grc' dir='ltr'><strong><em>ληφθήσεται</em></strong></span> <span class='ocrx_word' id='word_1_86' title='bbox 955 768 1008 816; x_wconf 84' lang='grc' dir='ltr'>τὸ</span> <span class='ocrx_word' id='word_1_87' title='bbox 1028 773 1066 816; x_wconf 85' lang='grc' dir='ltr'><em>Α</em></span> <span class='ocrx_word' id='word_1_88' title='bbox 1090 771 1218 816; x_wconf 85' lang='grc' dir='ltr'><strong><em>παντὶ</em></strong></span> <span class='ocrx_word' id='word_1_89' title='bbox 1237 773 1302 835; x_wconf 79' lang='grc' dir='ltr'><strong><em>τῷ</em></strong></span> <span class='ocrx_word' id='word_1_90' title='bbox 1332 768 1540 830; x_wconf 85' lang='grc' dir='ltr'><strong><em>Γὺπάρ-</em></strong></span> 
     </span>
     <span class='ocr_line' id='line_1_10' title="bbox 89 835 1539 901; baseline -0.001 -15"><span class='ocrx_word' id='word_1_91' title='bbox 89 858 192 901; x_wconf 88' lang='grc' dir='ltr'><strong><em>χειν,</em></strong></span> <span class='ocrx_word' id='word_1_92' title='bbox 224 837 517 897; x_wconf 81' lang='grc' dir='ltr'><strong><em>ἀναιροῦνται</em></strong></span> <span class='ocrx_word' id='word_1_93' title='bbox 549 838 807 901; x_wconf 83' lang='grc' dir='ltr'><strong><em>ἀμφότεραι,</em></strong></span> <span class='ocrx_word' id='word_1_94' title='bbox 843 839 881 884; x_wconf 85' lang='grc' dir='ltr'><strong><em>εἰ</em></strong></span> <span class='ocrx_word' id='word_1_95' title='bbox 901 838 948 884; x_wconf 75' lang='grc' dir='ltr'><strong><em>δὲ</em></strong></span> <span class='ocrx_word' id='word_1_96' title='bbox 966 838 1065 896; x_wconf 90' lang='grc' dir='ltr'><strong><em>τινί,</em></strong></span> <span class='ocrx_word' id='word_1_97' title='bbox 1085 836 1311 898; x_wconf 86' lang='grc' dir='ltr'><strong><em>ου’δετέρα.</em></strong></span> <span class='ocrx_word' id='word_1_98' title='bbox 1356 835 1539 884; x_wconf 86' lang='grc' dir='ltr'><strong><em>ἀπόδει-</em></strong></span> 
     </span>
     <span class='ocr_line' id='line_1_11' title="bbox 91 904 423 969; baseline 0 -17"><span class='ocrx_word' id='word_1_99' title='bbox 91 906 156 964; x_wconf 81' lang='grc' dir='ltr'><strong><em>ξις</em></strong></span> <span class='ocrx_word' id='word_1_100' title='bbox 210 904 274 968; x_wconf 80' lang='grc' dir='ltr'><strong><em>’ἡ</em></strong></span> <span class='ocrx_word' id='word_1_101' title='bbox 297 904 423 969; x_wconf 88' lang='grc' dir='ltr'><strong><em>αυτή.</em></strong></span> 
     </span>
    </p>

    <p class='ocr_par' dir='ltr' id='par_1_3' title="bbox 89 967 1590 2652">
     <span class='ocr_line' id='line_1_12' title="bbox 222 967 1585 1055; baseline -0.001 -35.99"><span class='ocrx_word' id='word_1_102' title='bbox 222 971 299 1019; x_wconf 88' lang='grc' dir='ltr'><strong><em>Ἐν</em></strong></span> <span class='ocrx_word' id='word_1_103' title='bbox 329 974 376 1019; x_wconf 80' lang='grc' dir='ltr'><strong><em>δὲ</em></strong></span> <span class='ocrx_word' id='word_1_104' title='bbox 408 977 470 1039; x_wconf 80' lang='grc' dir='ltr'><strong><em>τῷ</em></strong></span> <span class='ocrx_word' id='word_1_105' title='bbox 504 971 694 1055; x_wconf 76' lang='grc' dir='ltr'><strong><em>δευτέρῳ</em></strong></span> <span class='ocrx_word' id='word_1_106' title='bbox 727 970 913 1034; x_wconf 87' lang='grc' dir='ltr'><strong><em>σχήματι</em></strong></span> <span class='ocrx_word' id='word_1_107' title='bbox 941 967 1023 1033; x_wconf 80' lang='grc' dir='ltr'><strong><em>τὴν</em></strong></span> <span class='ocrx_word' id='word_1_108' title='bbox 1051 972 1130 1031; x_wconf 74' lang='grc' dir='ltr'><strong><em>μὲν</em></strong></span> <span class='ocrx_word' id='word_1_109' title='bbox 1157 968 1271 1030; x_wconf 82' lang='grc' dir='ltr'><strong><em>πρὸς</em></strong></span> <span class='ocrx_word' id='word_1_110' title='bbox 1289 974 1352 1035; x_wconf 72' lang='grc' dir='ltr'><strong><em>τῷ</em></strong></span> <span class='ocrx_word' id='word_1_111' title='bbox 1372 971 1585 1031; x_wconf 65' lang='grc' dir='ltr'><strong><em>μείζονιξ)</em></strong></span> 
     </span>
     <span class='ocr_line' id='line_1_13' title="bbox 94 1036 1587 1104; baseline 0 -19"><span class='ocrx_word' id='word_1_112' title='bbox 94 1058 216 1104; x_wconf 80' lang='grc' dir='ltr'><strong><em>ακρῳ</em></strong></span> <span class='ocrx_word' id='word_1_113' title='bbox 229 1040 446 1099; x_wconf 80' lang='grc' dir='ltr'><strong><em>πρότασιν</em></strong></span> <span class='ocrx_word' id='word_1_114' title='bbox 466 1037 555 1086; x_wconf 77' lang='grc' dir='ltr'><strong><em>οιῗκ</em></strong></span> <span class='ocrx_word' id='word_1_115' title='bbox 569 1040 684 1085; x_wconf 75' lang='grc' dir='ltr'><strong><em>ἔστιν</em></strong></span> <span class='ocrx_word' id='word_1_116' title='bbox 704 1037 870 1086; x_wconf 75' lang='grc' dir='ltr'><strong><em>ἀνελεῖν</em></strong></span> <span class='ocrx_word' id='word_1_117' title='bbox 891 1039 1104 1096; x_wconf 76' lang='grc' dir='ltr'><strong><em>ἐναντίως,</em></strong></span> <span class='ocrx_word' id='word_1_118' title='bbox 1125 1036 1441 1097; x_wconf 84' lang='grc' dir='ltr'><strong><em>ὁποτερωσοῦν</em></strong></span> <span class='ocrx_word' id='word_1_119' title='bbox 1457 1042 1537 1101; x_wconf 80' lang='grc' dir='ltr'><strong><em>τῆς</em></strong></span> <span class='ocrx_word' id='word_1_120' title='bbox 1553 1056 1587 1085; x_wconf 86' lang='lat'><strong><em>16</em></strong></span> 
     </span>
     <span class='ocr_line' id='line_1_14' title="bbox 92 1103 1538 1189; baseline 0 -37"><span class='ocrx_word' id='word_1_121' title='bbox 92 1105 391 1169; x_wconf 71' lang='grc' dir='ltr'><strong><em>ἀναστροφῆς</em></strong></span> <span class='ocrx_word' id='word_1_122' title='bbox 411 1106 668 1169; x_wconf 79' lang='grc' dir='ltr'><strong><em>γινομένης·</em></strong></span> <span class='ocrx_word' id='word_1_123' title='bbox 692 1104 757 1152; x_wconf 85' lang='grc' dir='ltr'><strong><em>ἀεὶ</em></strong></span> <span class='ocrx_word' id='word_1_124' title='bbox 775 1105 858 1189; x_wconf 74' lang='grc' dir='ltr'><strong><em>γὰρ</em></strong></span> <span class='ocrx_word' id='word_1_125' title='bbox 878 1106 996 1152; x_wconf 75' lang='grc' dir='ltr'><strong><em>ἔσται</em></strong></span> <span class='ocrx_word' id='word_1_126' title='bbox 1018 1103 1070 1152; x_wconf 87' lang='grc' dir='ltr'><strong><em>τὸ</em></strong></span> <span class='ocrx_word' id='word_1_127' title='bbox 1093 1106 1390 1177; x_wconf 82' lang='grc' dir='ltr'><strong><em>συμπέρασμα</em></strong></span> <span class='ocrx_word' id='word_1_128' title='bbox 1412 1106 1458 1153; x_wconf 72' lang='grc' dir='ltr'><strong><em>ἐν</em></strong></span> <span class='ocrx_word' id='word_1_129' title='bbox 1475 1109 1538 1172; x_wconf 79' lang='grc' dir='ltr'><strong><em>τῷ</em></strong></span> 
     </span>
     <span class='ocr_line' id='line_1_15' title="bbox 89 1153 1537 1259; baseline 0 -39"><span class='ocrx_word' id='word_1_130' title='bbox 89 1175 218 1240; x_wconf 80' lang='grc' dir='ltr'><strong><em>τρίτῳ</em></strong></span> <span class='ocrx_word' id='word_1_131' title='bbox 255 1175 470 1259; x_wconf 74' lang='grc' dir='ltr'><strong><em>σχήματι,</em></strong></span> <span class='ocrx_word' id='word_1_132' title='bbox 488 1173 696 1219; x_wconf 77' lang='grc' dir='ltr'><strong><em>καθόλου</em></strong></span> <span class='ocrx_word' id='word_1_133' title='bbox 728 1171 767 1219; x_wconf 85' lang='grc' dir='ltr'><strong><em>δ’</em></strong></span> <span class='ocrx_word' id='word_1_134' title='bbox 791 1171 878 1219; x_wconf 82' lang='grc' dir='ltr'><strong><em>οὐκ</em></strong></span> <span class='ocrx_word' id='word_1_135' title='bbox 909 1165 970 1234; x_wconf 80' lang='grc' dir='ltr'><strong><em>ἦν</em></strong></span> <span class='ocrx_word' id='word_1_136' title='bbox 991 1173 1037 1219; x_wconf 75' lang='grc' dir='ltr'><strong><em>ἐν</em></strong></span> <span class='ocrx_word' id='word_1_137' title='bbox 1056 1172 1202 1218; x_wconf 82' lang='grc' dir='ltr'><strong><em>τούτω</em></strong></span> <span class='ocrx_word' id='word_1_138' title='bbox 1225 1153 1537 1234; x_wconf 81' lang='grc' dir='ltr'><strong><em>συλλογισμός.</em></strong></span> 
     </span>
     <span class='ocr_line' id='line_1_16' title="bbox 89 1220 1539 1324; baseline -0.001 -37"><span class='ocrx_word' id='word_1_139' title='bbox 89 1239 197 1324; x_wconf 78' lang='grc' dir='ltr'><strong><em>τήν</em></strong></span> <span class='ocrx_word' id='word_1_140' title='bbox 189 1222 241 1287; x_wconf 84' lang='lat'><strong><em>6&#39;</em></strong></span> <span class='ocrx_word' id='word_1_141' title='bbox 270 1241 419 1301; x_wconf 70' lang='grc' dir='ltr'><strong><em>ἑτέραν</em></strong></span> <span class='ocrx_word' id='word_1_142' title='bbox 448 1238 611 1300; x_wconf 74' lang='grc' dir='ltr'><strong><em>ὁμοίως</em></strong></span> <span class='ocrx_word' id='word_1_143' title='bbox 642 1238 941 1303; x_wconf 86' lang='grc' dir='ltr'><strong><em>ἀναιρήσομεν</em></strong></span> <span class='ocrx_word' id='word_1_144' title='bbox 968 1244 1026 1300; x_wconf 77' lang='grc' dir='ltr'><strong><em>τῇ</em></strong></span> <span class='ocrx_word' id='word_1_145' title='bbox 1044 1220 1328 1301; x_wconf 82' lang='grc' dir='ltr'><strong><em>ἀντιστροφῇ.</em></strong></span> <span class='ocrx_word' id='word_1_146' title='bbox 1357 1241 1468 1302; x_wconf 81' lang='grc' dir='ltr'><strong><em>λέγω</em></strong></span> <span class='ocrx_word' id='word_1_147' title='bbox 1491 1241 1539 1286; x_wconf 76' lang='grc' dir='ltr'><strong><em>δὲ</em></strong></span> 
     </span>
     <span class='ocr_line' id='line_1_17' title="bbox 90 1305 1589 1368; baseline 0.001 -14"><span class='ocrx_word' id='word_1_148' title='bbox 90 1306 141 1354; x_wconf 83' lang='grc' dir='ltr'><strong><em>τὸ</em></strong></span> <span class='ocrx_word' id='word_1_149' title='bbox 173 1306 362 1368; x_wconf 87' lang='grc' dir='ltr'><strong><em>ὁμοίως,</em></strong></span> <span class='ocrx_word' id='word_1_150' title='bbox 394 1309 432 1355; x_wconf 84' lang='grc' dir='ltr'><strong><em>εἰ</em></strong></span> <span class='ocrx_word' id='word_1_151' title='bbox 461 1327 538 1367; x_wconf 85' lang='grc' dir='ltr'><strong><em>μ-εν</em></strong></span> <span class='ocrx_word' id='word_1_152' title='bbox 567 1308 769 1366; x_wconf 76' lang='grc' dir='ltr'><strong><em>ἐναντίως</em></strong></span> <span class='ocrx_word' id='word_1_153' title='bbox 799 1306 1139 1368; x_wconf 87' lang='grc' dir='ltr'><strong><em>ἀντιστρέφεται,</em></strong></span> <span class='ocrx_word' id='word_1_154' title='bbox 1171 1308 1397 1365; x_wconf 81' lang='grc' dir='ltr'><strong><em>ἐναντίως,</em></strong></span> <span class='ocrx_word' id='word_1_155' title='bbox 1430 1309 1469 1355; x_wconf 84' lang='grc' dir='ltr'><strong><em>εἰ</em></strong></span> <span class='ocrx_word' id='word_1_156' title='bbox 1497 1305 1538 1355; x_wconf 86' lang='grc' dir='ltr'><strong><em>δ’</em></strong></span> <span class='ocrx_word' id='word_1_157' title='bbox 1552 1326 1589 1355; x_wconf 74' lang='lat'><strong><em>20</em></strong></span> 
     </span>
     <span class='ocr_line' id='line_1_18' title="bbox 92 1373 1534 1436; baseline 0 -15"><span class='ocrx_word' id='word_1_158' title='bbox 92 1374 406 1436; x_wconf 85' lang='grc' dir='ltr'><strong><em>ἀντικειμένως,</em></strong></span> <span class='ocrx_word' id='word_1_159' title='bbox 437 1373 750 1436; x_wconf 84' lang='grc' dir='ltr'><strong><em>ἀντικειμένως.</em></strong></span> <span class='ocrx_word' id='word_1_160' title='bbox 801 1373 1034 1435; x_wconf 76' lang='grc' dir='ltr'><strong><em>ὑπαρχέτω</em></strong></span> <span class='ocrx_word' id='word_1_161' title='bbox 1065 1373 1151 1436; x_wconf 76' lang='grc' dir='ltr'><strong><em>γάρ</em></strong></span> <span class='ocrx_word' id='word_1_162' title='bbox 1182 1373 1234 1421; x_wconf 84' lang='grc' dir='ltr'><strong><em>τὸ</em></strong></span> <span class='ocrx_word' id='word_1_163' title='bbox 1263 1379 1301 1421; x_wconf 93' lang='grc' dir='ltr'><em>Α</em></span> <span class='ocrx_word' id='word_1_164' title='bbox 1322 1377 1451 1422; x_wconf 81' lang='grc' dir='ltr'><strong><em>παντὶ</em></strong></span> <span class='ocrx_word' id='word_1_165' title='bbox 1471 1393 1534 1421; x_wconf 90' lang='grc' dir='ltr'><strong><em>τω</em></strong></span> 
     </span>
     <span class='ocr_line' id='line_1_19' title="bbox 91 1435 1537 1508; baseline 0.001 -19"><span class='ocrx_word' id='word_1_166' title='bbox 91 1446 143 1498; x_wconf 88' lang='grc' dir='ltr'><strong><em>Β,</em></strong></span> <span class='ocrx_word' id='word_1_167' title='bbox 170 1447 231 1508; x_wconf 79' lang='grc' dir='ltr'><strong><em>τῷ</em></strong></span> <span class='ocrx_word' id='word_1_168' title='bbox 263 1445 311 1490; x_wconf 88' lang='grc' dir='ltr'><strong><em>δε</em></strong></span> <span class='ocrx_word' id='word_1_169' title='bbox 338 1447 384 1489; x_wconf 88' lang='grc' dir='ltr'><em>Γ</em></span> <span class='ocrx_word' id='word_1_170' title='bbox 406 1444 579 1505; x_wconf 85' lang='grc' dir='ltr'><strong><em>μηδενί·</em></strong></span> <span class='ocrx_word' id='word_1_171' title='bbox 621 1443 916 1503; x_wconf 86' lang='grc' dir='ltr'><strong><em>συμπέρασμα</em></strong></span> <span class='ocrx_word' id='word_1_172' title='bbox 946 1445 1037 1488; x_wconf 92' lang='grc' dir='ltr'><strong><em>ΒΓ.</em></strong></span> <span class='ocrx_word' id='word_1_173' title='bbox 1075 1440 1152 1489; x_wconf 79' lang='grc' dir='ltr'><strong><em>ἐὰν</em></strong></span> <span class='ocrx_word' id='word_1_174' title='bbox 1181 1435 1267 1489; x_wconf 78' lang='grc' dir='ltr'><strong><em>οὖν</em></strong></span> <span class='ocrx_word' id='word_1_175' title='bbox 1294 1447 1459 1505; x_wconf 77' lang='grc' dir='ltr'><strong><em>ληφθῇ</em></strong></span> <span class='ocrx_word' id='word_1_176' title='bbox 1483 1440 1537 1490; x_wconf 70' lang='lat' dir='ltr'><strong><em>vd</em></strong></span> 
     </span>
     <span class='ocr_line' id='line_1_20' title="bbox 92 1508 1539 1576; baseline 0 -20"><span class='ocrx_word' id='word_1_177' title='bbox 92 1513 131 1556; x_wconf 89' lang='grc' dir='ltr'><strong><em>Β</em></strong></span> <span class='ocrx_word' id='word_1_178' title='bbox 165 1512 294 1557; x_wconf 84' lang='grc' dir='ltr'><strong><em>παντὶ</em></strong></span> <span class='ocrx_word' id='word_1_179' title='bbox 321 1515 382 1576; x_wconf 78' lang='grc' dir='ltr'><strong><em>τῷ</em></strong></span> <span class='ocrx_word' id='word_1_180' title='bbox 415 1514 461 1556; x_wconf 96' lang='grc' dir='ltr'><em>Γ</em></span> <span class='ocrx_word' id='word_1_181' title='bbox 481 1508 696 1570; x_wconf 85' lang='grc' dir='ltr'><strong><em>ὑπάρχειν</em></strong></span> <span class='ocrx_word' id='word_1_182' title='bbox 729 1511 805 1556; x_wconf 85' lang='grc' dir='ltr'><strong><em>καὶ</em></strong></span> <span class='ocrx_word' id='word_1_183' title='bbox 829 1508 882 1556; x_wconf 82' lang='grc' dir='ltr'><strong><em>τὸ</em></strong></span> <span class='ocrx_word' id='word_1_184' title='bbox 913 1513 989 1556; x_wconf 92' lang='grc' dir='ltr'><strong><em>ΑΒ</em></strong></span> <span class='ocrx_word' id='word_1_185' title='bbox 1016 1509 1147 1570; x_wconf 79' lang='grc' dir='ltr'><strong><em>μένῃ,</em></strong></span> <span class='ocrx_word' id='word_1_186' title='bbox 1179 1508 1232 1557; x_wconf 86' lang='grc' dir='ltr'>τὸ</span> <span class='ocrx_word' id='word_1_187' title='bbox 1261 1514 1300 1556; x_wconf 88' lang='lat' dir='ltr'><em>A</em></span> <span class='ocrx_word' id='word_1_188' title='bbox 1327 1512 1455 1557; x_wconf 82' lang='grc' dir='ltr'><strong><em>παντὶ</em></strong></span> <span class='ocrx_word' id='word_1_189' title='bbox 1476 1514 1539 1576; x_wconf 77' lang='grc' dir='ltr'><strong><em>τῷ</em></strong></span> 
     </span>
     <span class='ocr_line' id='line_1_21' title="bbox 95 1557 1539 1657; baseline 0 -33"><span class='ocrx_word' id='word_1_190' title='bbox 95 1581 141 1623; x_wconf 94' lang='grc' dir='ltr'><em>Γ</em></span> <span class='ocrx_word' id='word_1_191' title='bbox 179 1558 390 1637; x_wconf 77' lang='grc' dir='ltr'><strong><em>ὑπάρξει·</em></strong></span> <span class='ocrx_word' id='word_1_192' title='bbox 432 1579 593 1639; x_wconf 84' lang='grc' dir='ltr'><strong><em>γίνεται</em></strong></span> <span class='ocrx_word' id='word_1_193' title='bbox 634 1575 718 1639; x_wconf 73' lang='grc' dir='ltr'><strong><em>γὰρ</em></strong></span> <span class='ocrx_word' id='word_1_194' title='bbox 761 1575 812 1623; x_wconf 86' lang='grc' dir='ltr'><strong><em>τὸ</em></strong></span> <span class='ocrx_word' id='word_1_195' title='bbox 849 1591 1028 1657; x_wconf 82' lang='grc' dir='ltr'><strong><em>πρωτον</em></strong></span> <span class='ocrx_word' id='word_1_196' title='bbox 1063 1581 1221 1640; x_wconf 82' lang='grc' dir='ltr'><strong><em>σχῆμα.</em></strong></span> <span class='ocrx_word' id='word_1_197' title='bbox 1262 1579 1301 1624; x_wconf 84' lang='grc' dir='ltr'><strong><em>εἰ</em></strong></span> <span class='ocrx_word' id='word_1_198' title='bbox 1336 1579 1382 1625; x_wconf 88' lang='grc' dir='ltr'><strong><em>δε</em></strong></span> <span class='ocrx_word' id='word_1_199' title='bbox 1415 1576 1469 1624; x_wconf 79' lang='grc' dir='ltr'><strong><em>τὸ</em></strong></span> <span class='ocrx_word' id='word_1_200' title='bbox 1501 1557 1539 1624; x_wconf 81' lang='grc' dir='ltr'><strong><em>Β</em></strong></span> 
     </span>
     <span class='ocr_line' id='line_1_22' title="bbox 91 1643 1590 1727; baseline -0.001 -37"><span class='ocrx_word' id='word_1_201' title='bbox 91 1646 221 1691; x_wconf 82' lang='grc' dir='ltr'><strong><em>παντὶ</em></strong></span> <span class='ocrx_word' id='word_1_202' title='bbox 249 1650 316 1727; x_wconf 76' lang='grc' dir='ltr'><strong><em>τῷ</em></strong></span> <span class='ocrx_word' id='word_1_203' title='bbox 343 1644 492 1701; x_wconf 91' lang='grc' dir='ltr'><em>Γ,τὸ</em></span> <span class='ocrx_word' id='word_1_204' title='bbox 523 1647 570 1692; x_wconf 80' lang='grc' dir='ltr'><strong><em>δὲ</em></strong></span> <span class='ocrx_word' id='word_1_205' title='bbox 600 1649 637 1691; x_wconf 89' lang='grc' dir='ltr'><em>Α</em></span> <span class='ocrx_word' id='word_1_206' title='bbox 663 1645 819 1706; x_wconf 83' lang='grc' dir='ltr'><strong><em>μηδενὶ</em></strong></span> <span class='ocrx_word' id='word_1_207' title='bbox 844 1648 909 1710; x_wconf 77' lang='grc' dir='ltr'><strong><em>τῷ</em></strong></span> <span class='ocrx_word' id='word_1_208' title='bbox 935 1643 1074 1701; x_wconf 89' lang='grc' dir='ltr'><em>Γ,τό</em></span> <span class='ocrx_word' id='word_1_209' title='bbox 1094 1650 1132 1691; x_wconf 89' lang='grc' dir='ltr'><em>Α</em></span> <span class='ocrx_word' id='word_1_210' title='bbox 1155 1643 1216 1692; x_wconf 87' lang='grc' dir='ltr'><strong><em>ου’</em></strong></span> <span class='ocrx_word' id='word_1_211' title='bbox 1242 1647 1372 1692; x_wconf 88' lang='grc' dir='ltr'><strong><em>παντὶ</em></strong></span> <span class='ocrx_word' id='word_1_212' title='bbox 1392 1650 1458 1711; x_wconf 77' lang='grc' dir='ltr'><strong><em>τῷ</em></strong></span> <span class='ocrx_word' id='word_1_213' title='bbox 1476 1649 1536 1692; x_wconf 90' lang='grc' dir='ltr'><strong><em>Β·</em></strong></span> <span class='ocrx_word' id='word_1_214' title='bbox 1555 1661 1590 1689; x_wconf 79' lang='lat'><strong><em>2⁵</em></strong></span> 
     </span>
     <span class='ocr_line' id='line_1_23' title="bbox 94 1710 1540 1796; baseline 0.001 -39"><span class='ocrx_word' id='word_1_215' title='bbox 94 1717 241 1796; x_wconf 82' lang='grc' dir='ltr'><strong><em>σχῆμα</em></strong></span> <span class='ocrx_word' id='word_1_216' title='bbox 270 1711 323 1758; x_wconf 84' lang='grc' dir='ltr'><strong><em>τὸ</em></strong></span> <span class='ocrx_word' id='word_1_217' title='bbox 343 1714 538 1771; x_wconf 74' lang='grc' dir='ltr'><strong><em>ἔσχατον.</em></strong></span> <span class='ocrx_word' id='word_1_218' title='bbox 572 1710 648 1758; x_wconf 78' lang='grc' dir='ltr'><strong><em>ἐὰν</em></strong></span> <span class='ocrx_word' id='word_1_219' title='bbox 676 1711 714 1758; x_wconf 88' lang='lat'><strong><em>6&#39;</em></strong></span> <span class='ocrx_word' id='word_1_220' title='bbox 743 1710 1045 1772; x_wconf 80' lang='grc' dir='ltr'><strong><em>ἀντικειμένως</em></strong></span> <span class='ocrx_word' id='word_1_221' title='bbox 1066 1710 1343 1773; x_wconf 68' lang='grc' dir='ltr'><strong><em>ἀναστραφῇ</em></strong></span> <span class='ocrx_word' id='word_1_222' title='bbox 1361 1711 1414 1759; x_wconf 71' lang='lat' dir='ltr'><strong><em>vd</em></strong></span> <span class='ocrx_word' id='word_1_223' title='bbox 1446 1717 1540 1770; x_wconf 91' lang='grc' dir='ltr'><strong><em>ΒΓ,</em></strong></span> 
     </span>
     <span class='ocr_line' id='line_1_24' title="bbox 92 1777 1542 1861; baseline 0.001 -36"><span class='ocrx_word' id='word_1_224' title='bbox 92 1777 123 1842; x_wconf 81' lang='grc' dir='ltr'>ἡ</span> <span class='ocrx_word' id='word_1_225' title='bbox 154 1781 232 1839; x_wconf 71' lang='grc' dir='ltr'><strong><em>μὲν</em></strong></span> <span class='ocrx_word' id='word_1_226' title='bbox 260 1783 336 1825; x_wconf 88' lang='grc' dir='ltr'><strong><em>ΑΒ</em></strong></span> <span class='ocrx_word' id='word_1_227' title='bbox 366 1778 528 1839; x_wconf 84' lang='grc' dir='ltr'><strong><em>ὁμοίως</em></strong></span> <span class='ocrx_word' id='word_1_228' title='bbox 555 1779 850 1861; x_wconf 77' lang='grc' dir='ltr'><strong><em>δειχθήσεται,</em></strong></span> <span class='ocrx_word' id='word_1_229' title='bbox 882 1777 911 1841; x_wconf 85' lang='grc' dir='ltr'>ἡ</span> <span class='ocrx_word' id='word_1_230' title='bbox 944 1781 991 1825; x_wconf 86' lang='grc' dir='ltr'><strong><em>δε</em></strong></span> <span class='ocrx_word' id='word_1_231' title='bbox 1020 1782 1107 1825; x_wconf 94' lang='grc' dir='ltr'><strong><em>ΑΓ</em></strong></span> <span class='ocrx_word' id='word_1_232' title='bbox 1135 1777 1450 1840; x_wconf 85' lang='grc' dir='ltr'><strong><em>ἀντικειμένως.</em></strong></span> <span class='ocrx_word' id='word_1_233' title='bbox 1504 1782 1542 1827; x_wconf 83' lang='grc' dir='ltr'><strong><em>εἰ</em></strong></span> 
     </span>
     <span class='ocr_line' id='line_1_25' title="bbox 92 1844 1538 1910; baseline 0.001 -18"><span class='ocrx_word' id='word_1_234' title='bbox 92 1844 177 1908; x_wconf 75' lang='grc' dir='ltr'><strong><em>γάρ</em></strong></span> <span class='ocrx_word' id='word_1_235' title='bbox 213 1845 264 1893; x_wconf 84' lang='grc' dir='ltr'><strong><em>τὸ</em></strong></span> <span class='ocrx_word' id='word_1_236' title='bbox 294 1851 332 1893; x_wconf 90' lang='grc' dir='ltr'><strong><em>Β</em></strong></span> <span class='ocrx_word' id='word_1_237' title='bbox 364 1848 447 1893; x_wconf 89' lang='grc' dir='ltr'><strong><em>τινὶ</em></strong></span> <span class='ocrx_word' id='word_1_238' title='bbox 475 1850 540 1892; x_wconf 76' lang='grc' dir='ltr'><strong><em>τῶ</em></strong></span> <span class='ocrx_word' id='word_1_239' title='bbox 574 1844 716 1902; x_wconf 89' lang='grc' dir='ltr'><em>Γ,τὸ</em></span> <span class='ocrx_word' id='word_1_240' title='bbox 748 1847 795 1892; x_wconf 84' lang='grc' dir='ltr'><strong><em>δε</em></strong></span> <span class='ocrx_word' id='word_1_241' title='bbox 826 1850 864 1892; x_wconf 89' lang='lat' dir='ltr'><em>A</em></span> <span class='ocrx_word' id='word_1_242' title='bbox 895 1847 1050 1909; x_wconf 85' lang='grc' dir='ltr'><strong><em>μηδενὶ</em></strong></span> <span class='ocrx_word' id='word_1_243' title='bbox 1074 1849 1136 1910; x_wconf 76' lang='grc' dir='ltr'><strong><em>τῷ</em></strong></span> <span class='ocrx_word' id='word_1_244' title='bbox 1169 1851 1220 1903; x_wconf 91' lang='grc' dir='ltr'><em>Γ,</em></span> <span class='ocrx_word' id='word_1_245' title='bbox 1242 1845 1294 1893; x_wconf 87' lang='grc' dir='ltr'><strong><em>τὸ</em></strong></span> <span class='ocrx_word' id='word_1_246' title='bbox 1316 1853 1353 1893; x_wconf 91' lang='lat' dir='ltr'><em>A</em></span> <span class='ocrx_word' id='word_1_247' title='bbox 1375 1848 1460 1894; x_wconf 90' lang='grc' dir='ltr'><strong><em>τινὶ</em></strong></span> <span class='ocrx_word' id='word_1_248' title='bbox 1476 1865 1538 1893; x_wconf 89' lang='grc' dir='ltr'><strong><em>τω</em></strong></span> 
     </span>
     <span class='ocr_line' id='line_1_26' title="bbox 94 1894 1540 1979; baseline 0.001 -20"><span class='ocrx_word' id='word_1_249' title='bbox 94 1917 132 1959; x_wconf 94' lang='grc' dir='ltr'><strong><em>Β</em></strong></span> <span class='ocrx_word' id='word_1_250' title='bbox 168 1931 254 1974; x_wconf 88' lang='grc' dir='ltr'><strong><em>ουχ</em></strong></span> <span class='ocrx_word' id='word_1_251' title='bbox 286 1912 484 1973; x_wconf 76' lang='grc' dir='ltr'><strong><em>ὑπάρξει.</em></strong></span> <span class='ocrx_word' id='word_1_252' title='bbox 508 1894 663 1962; x_wconf 86' lang='grc' dir='ltr'><strong><em>πάλιν</em></strong></span> <span class='ocrx_word' id='word_1_253' title='bbox 690 1914 728 1959; x_wconf 89' lang='grc' dir='ltr'><strong><em>εἰ</em></strong></span> <span class='ocrx_word' id='word_1_254' title='bbox 754 1912 806 1960; x_wconf 85' lang='grc' dir='ltr'><strong><em>τὸ</em></strong></span> <span class='ocrx_word' id='word_1_255' title='bbox 839 1917 877 1960; x_wconf 90' lang='grc' dir='ltr'><strong><em>Β</em></strong></span> <span class='ocrx_word' id='word_1_256' title='bbox 903 1915 990 1960; x_wconf 91' lang='grc' dir='ltr'><strong><em>τινὶ</em></strong></span> <span class='ocrx_word' id='word_1_257' title='bbox 1015 1917 1076 1979; x_wconf 77' lang='grc' dir='ltr'><strong><em>τῷ</em></strong></span> <span class='ocrx_word' id='word_1_258' title='bbox 1113 1913 1263 1969; x_wconf 88' lang='grc' dir='ltr'><em>Γ,τό</em></span> <span class='ocrx_word' id='word_1_259' title='bbox 1287 1917 1334 1962; x_wconf 88' lang='grc' dir='ltr'><strong><em>δε</em></strong></span> <span class='ocrx_word' id='word_1_260' title='bbox 1354 1919 1392 1960; x_wconf 94' lang='grc' dir='ltr'><em>Α</em></span> <span class='ocrx_word' id='word_1_261' title='bbox 1410 1916 1540 1961; x_wconf 88' lang='grc' dir='ltr'><strong><em>παντὶ</em></strong></span> 
     </span>
     <span class='ocr_line' id='line_1_27' title="bbox 92 1977 1591 2046; baseline 0.003 -21"><span class='ocrx_word' id='word_1_262' title='bbox 92 1984 157 2045; x_wconf 74' lang='grc' dir='ltr'><strong><em>τῷ</em></strong></span> <span class='ocrx_word' id='word_1_263' title='bbox 178 1979 312 2036; x_wconf 90' lang='grc' dir='ltr'><strong><em>Β,τὸ</em></strong></span> <span class='ocrx_word' id='word_1_264' title='bbox 328 1985 367 2027; x_wconf 90' lang='lat' dir='ltr'><em>A</em></span> <span class='ocrx_word' id='word_1_265' title='bbox 397 1982 478 2027; x_wconf 83' lang='grc' dir='ltr'><strong><em>τινὶ</em></strong></span> <span class='ocrx_word' id='word_1_266' title='bbox 509 1985 573 2046; x_wconf 75' lang='grc' dir='ltr'><strong><em>τῶ</em></strong></span> <span class='ocrx_word' id='word_1_267' title='bbox 597 1985 649 2036; x_wconf 92' lang='grc' dir='ltr'><em>Γ,</em></span> <span class='ocrx_word' id='word_1_268' title='bbox 679 1977 780 2027; x_wconf 71' lang='grc' dir='ltr'><strong><em>ὥστ’</em></strong></span> <span class='ocrx_word' id='word_1_269' title='bbox 811 1979 1111 2041; x_wconf 84' lang='grc' dir='ltr'><strong><em>ἀντικειμένως</em></strong></span> <span class='ocrx_word' id='word_1_270' title='bbox 1135 1983 1296 2043; x_wconf 79' lang='grc' dir='ltr'><strong><em>γίνεται</em></strong></span> <span class='ocrx_word' id='word_1_271' title='bbox 1319 1980 1345 2029; x_wconf 91' lang='lat'><strong><em>6</em></strong></span> <span class='ocrx_word' id='word_1_272' title='bbox 1369 1986 1591 2029; x_wconf 68' lang='grc' dir='ltr'><strong><em>συλλο-εο</em></strong></span> 
     </span>
     <span class='ocr_line' id='line_1_28' title="bbox 92 2047 1541 2111; baseline 0.001 -17"><span class='ocrx_word' id='word_1_273' title='bbox 92 2048 258 2109; x_wconf 75' lang='grc' dir='ltr'><strong><em>γισιιός.</em></strong></span> <span class='ocrx_word' id='word_1_274' title='bbox 310 2047 474 2109; x_wconf 84' lang='grc' dir='ltr'><strong><em>ὃιιοίως</em></strong></span> <span class='ocrx_word' id='word_1_275' title='bbox 510 2050 558 2095; x_wconf 87' lang='grc' dir='ltr'><strong><em>δε</em></strong></span> <span class='ocrx_word' id='word_1_276' title='bbox 598 2047 876 2110; x_wconf 73' lang='grc' dir='ltr'><strong><em>δειχθήσεται</em></strong></span> <span class='ocrx_word' id='word_1_277' title='bbox 904 2049 978 2095; x_wconf 87' lang='grc' dir='ltr'><strong><em>καὶ</em></strong></span> <span class='ocrx_word' id='word_1_278' title='bbox 1007 2050 1044 2095; x_wconf 84' lang='grc' dir='ltr'><strong><em>εἰ</em></strong></span> <span class='ocrx_word' id='word_1_279' title='bbox 1077 2048 1295 2096; x_wconf 87' lang='grc' dir='ltr'><strong><em>ἀνάπαλιν</em></strong></span> <span class='ocrx_word' id='word_1_280' title='bbox 1329 2051 1467 2111; x_wconf 83' lang='grc' dir='ltr'><strong><em>έχοιεν</em></strong></span> <span class='ocrx_word' id='word_1_281' title='bbox 1495 2051 1541 2097; x_wconf 82' lang='grc' dir='ltr'><strong><em>αἱ</em></strong></span> 
     </span>
     <span class='ocr_line' id='line_1_29' title="bbox 92 2114 1541 2199; baseline 0.003 -39"><span class='ocrx_word' id='word_1_282' title='bbox 92 2115 340 2199; x_wconf 85' lang='grc' dir='ltr'><strong><em>προτάσεις.</em></strong></span> <span class='ocrx_word' id='word_1_283' title='bbox 389 2118 426 2162; x_wconf 84' lang='grc' dir='ltr'><strong><em>εἰ</em></strong></span> <span class='ocrx_word' id='word_1_284' title='bbox 458 2114 497 2161; x_wconf 85' lang='grc' dir='ltr'><strong><em>δ’</em></strong></span> <span class='ocrx_word' id='word_1_285' title='bbox 525 2116 641 2162; x_wconf 72' lang='grc' dir='ltr'><strong><em>ἔστιν</em></strong></span> <span class='ocrx_word' id='word_1_286' title='bbox 669 2117 739 2162; x_wconf 78' lang='grc' dir='ltr'><strong><em>ἐπὶ</em></strong></span> <span class='ocrx_word' id='word_1_287' title='bbox 767 2117 933 2176; x_wconf 85' lang='grc' dir='ltr'><strong><em>μέρους</em></strong></span> <span class='ocrx_word' id='word_1_288' title='bbox 961 2114 988 2162; x_wconf 92' lang='lat'><strong><em>6</em></strong></span> <span class='ocrx_word' id='word_1_289' title='bbox 1006 2117 1320 2178; x_wconf 78' lang='grc' dir='ltr'><strong><em>συλλογισμός,</em></strong></span> <span class='ocrx_word' id='word_1_290' title='bbox 1339 2119 1541 2175; x_wconf 76' lang='grc' dir='ltr'><strong><em>ἐναντίως</em></strong></span> 
     </span>
     <span class='ocr_line' id='line_1_30' title="bbox 93 2181 1539 2265; baseline 0.003 -38"><span class='ocrx_word' id='word_1_291' title='bbox 93 2200 172 2242; x_wconf 88' lang='grc' dir='ltr'><strong><em>μεν</em></strong></span> <span class='ocrx_word' id='word_1_292' title='bbox 181 2181 583 2265; x_wconf 70' lang='grc' dir='ltr'><strong><em>ἀναστρεφομένου</em></strong></span> <span class='ocrx_word' id='word_1_293' title='bbox 599 2187 684 2229; x_wconf 78' lang='grc' dir='ltr'><strong><em>τοῦ</em></strong></span> <span class='ocrx_word' id='word_1_294' title='bbox 701 2183 1071 2244; x_wconf 84' lang='grc' dir='ltr'><strong><em>συμπεράσματος</em></strong></span> <span class='ocrx_word' id='word_1_295' title='bbox 1094 2184 1304 2243; x_wconf 87' lang='grc' dir='ltr'><strong><em>ουδετέρα</em></strong></span> <span class='ocrx_word' id='word_1_296' title='bbox 1323 2189 1410 2231; x_wconf 80' lang='grc' dir='ltr'><strong><em>τῶν</em></strong></span> <span class='ocrx_word' id='word_1_297' title='bbox 1426 2199 1539 2245; x_wconf 87' lang='grc' dir='ltr'><strong><em>προ-</em></strong></span> 
     </span>
     <span class='ocr_line' id='line_1_31' title="bbox 93 2248 1540 2335; baseline 0.001 -40"><span class='ocrx_word' id='word_1_298' title='bbox 93 2248 258 2296; x_wconf 88' lang='grc' dir='ltr'><strong><em>τάσεων</em></strong></span> <span class='ocrx_word' id='word_1_299' title='bbox 298 2248 560 2309; x_wconf 87' lang='grc' dir='ltr'><strong><em>ἀναιρεῖται,</em></strong></span> <span class='ocrx_word' id='word_1_300' title='bbox 598 2248 803 2310; x_wconf 78' lang='grc' dir='ltr'><strong><em>καθάπερ</em></strong></span> <span class='ocrx_word' id='word_1_301' title='bbox 841 2249 940 2297; x_wconf 79' lang='grc' dir='ltr'><strong><em>οὐδ’</em></strong></span> <span class='ocrx_word' id='word_1_302' title='bbox 978 2251 1024 2297; x_wconf 76' lang='grc' dir='ltr'><strong><em>ἐν</em></strong></span> <span class='ocrx_word' id='word_1_303' title='bbox 1052 2255 1117 2316; x_wconf 77' lang='grc' dir='ltr'><strong><em>τῷ</em></strong></span> <span class='ocrx_word' id='word_1_304' title='bbox 1147 2252 1305 2333; x_wconf 81' lang='grc' dir='ltr'><strong><em>πρώτῳ</em></strong></span> <span class='ocrx_word' id='word_1_305' title='bbox 1337 2251 1540 2335; x_wconf 85' lang='grc' dir='ltr'><strong><em>σχήματι,</em></strong></span> 
     </span>
     <span class='ocr_line' id='line_1_32' title="bbox 95 2314 1590 2384; baseline 0.002 -22"><span class='ocrx_word' id='word_1_306' title='bbox 95 2314 400 2376; x_wconf 85' lang='grc' dir='ltr'><strong><em>ἀντικειμένως</em></strong></span> <span class='ocrx_word' id='word_1_307' title='bbox 441 2314 480 2362; x_wconf 90' lang='lat'><strong><em>6&#39;</em></strong></span> <span class='ocrx_word' id='word_1_308' title='bbox 518 2314 779 2376; x_wconf 86' lang='grc' dir='ltr'><strong><em>ἀμφότεραι.</em></strong></span> <span class='ocrx_word' id='word_1_309' title='bbox 834 2319 1003 2364; x_wconf 75' lang='grc' dir='ltr'><strong><em>κείσθω</em></strong></span> <span class='ocrx_word' id='word_1_310' title='bbox 1037 2317 1120 2379; x_wconf 79' lang='grc' dir='ltr'><strong><em>γὰρ</em></strong></span> <span class='ocrx_word' id='word_1_311' title='bbox 1153 2317 1207 2365; x_wconf 84' lang='grc' dir='ltr'><strong><em>τὸ</em></strong></span> <span class='ocrx_word' id='word_1_312' title='bbox 1239 2324 1276 2364; x_wconf 91' lang='lat' dir='ltr'><em>A</em></span> <span class='ocrx_word' id='word_1_313' title='bbox 1303 2323 1366 2384; x_wconf 80' lang='grc' dir='ltr'><strong><em>τῷ</em></strong></span> <span class='ocrx_word' id='word_1_314' title='bbox 1392 2338 1472 2378; x_wconf 89' lang='grc' dir='ltr'><strong><em>μεν</em></strong></span> <span class='ocrx_word' id='word_1_315' title='bbox 1502 2322 1590 2365; x_wconf 75' lang='lat' dir='ltr'><strong><em>B35</em></strong></span> 
     </span>
     <span class='ocr_line' id='line_1_33' title="bbox 94 2381 1541 2449; baseline 0.002 -19"><span class='ocrx_word' id='word_1_316' title='bbox 94 2385 249 2446; x_wconf 86' lang='grc' dir='ltr'><strong><em>μηδενὶ</em></strong></span> <span class='ocrx_word' id='word_1_317' title='bbox 277 2381 516 2444; x_wconf 85' lang='grc' dir='ltr'><strong><em>ὑπάρχειν,</em></strong></span> <span class='ocrx_word' id='word_1_318' title='bbox 548 2387 608 2449; x_wconf 77' lang='grc' dir='ltr'><strong><em>τῷ</em></strong></span> <span class='ocrx_word' id='word_1_319' title='bbox 630 2385 676 2429; x_wconf 89' lang='grc' dir='ltr'><strong><em>δε</em></strong></span> <span class='ocrx_word' id='word_1_320' title='bbox 706 2387 752 2428; x_wconf 93' lang='grc' dir='ltr'><em>Γ</em></span> <span class='ocrx_word' id='word_1_321' title='bbox 772 2385 877 2431; x_wconf 90' lang='grc' dir='ltr'><strong><em>τινί·</em></strong></span> <span class='ocrx_word' id='word_1_322' title='bbox 916 2386 1210 2446; x_wconf 86' lang='grc' dir='ltr'><strong><em>συμπέρασμα</em></strong></span> <span class='ocrx_word' id='word_1_323' title='bbox 1230 2389 1321 2432; x_wconf 89' lang='grc' dir='ltr'><strong><em>ΒΓ.</em></strong></span> <span class='ocrx_word' id='word_1_324' title='bbox 1357 2385 1433 2433; x_wconf 75' lang='grc' dir='ltr'><strong><em>ἐὰν</em></strong></span> <span class='ocrx_word' id='word_1_325' title='bbox 1452 2404 1541 2433; x_wconf 89' lang='grc' dir='ltr'><strong><em>ουν</em></strong></span> 
     </span>
     <span class='ocr_line' id='line_1_34' title="bbox 94 2449 1541 2516; baseline 0.002 -19"><span class='ocrx_word' id='word_1_326' title='bbox 94 2455 205 2511; x_wconf 80' lang='grc' dir='ltr'><strong><em>τεθῇ</em></strong></span> <span class='ocrx_word' id='word_1_327' title='bbox 236 2449 291 2497; x_wconf 88' lang='grc' dir='ltr'>τό</span> <span class='ocrx_word' id='word_1_328' title='bbox 322 2454 359 2497; x_wconf 91' lang='grc' dir='ltr'><strong><em>Β</em></strong></span> <span class='ocrx_word' id='word_1_329' title='bbox 385 2452 467 2497; x_wconf 83' lang='grc' dir='ltr'><strong><em>τινὶ</em></strong></span> <span class='ocrx_word' id='word_1_330' title='bbox 501 2455 562 2516; x_wconf 79' lang='grc' dir='ltr'><strong><em>τῷ</em></strong></span> <span class='ocrx_word' id='word_1_331' title='bbox 593 2454 638 2496; x_wconf 94' lang='grc' dir='ltr'><em>Γ</em></span> <span class='ocrx_word' id='word_1_332' title='bbox 660 2449 878 2512; x_wconf 87' lang='grc' dir='ltr'><strong><em>ὑπάρχειν</em></strong></span> <span class='ocrx_word' id='word_1_333' title='bbox 909 2471 982 2498; x_wconf 83' lang='grc' dir='ltr'><strong><em>και</em></strong></span> <span class='ocrx_word' id='word_1_334' title='bbox 1010 2451 1061 2499; x_wconf 85' lang='grc' dir='ltr'><strong><em>τὸ</em></strong></span> <span class='ocrx_word' id='word_1_335' title='bbox 1097 2457 1173 2499; x_wconf 88' lang='grc' dir='ltr'><strong><em>ΑΒ</em></strong></span> <span class='ocrx_word' id='word_1_336' title='bbox 1202 2454 1332 2514; x_wconf 77' lang='grc' dir='ltr'><strong><em>μένῃ,</em></strong></span> <span class='ocrx_word' id='word_1_337' title='bbox 1369 2453 1541 2514; x_wconf 87' lang='grc' dir='ltr'><strong><em>συμπέ-</em></strong></span> 
     </span>
     <span class='ocr_line' id='line_1_35' title="bbox 95 2516 1542 2584; baseline 0.003 -20"><span class='ocrx_word' id='word_1_338' title='bbox 95 2530 242 2578; x_wconf 87' lang='grc' dir='ltr'><strong><em>ρασμα</em></strong></span> <span class='ocrx_word' id='word_1_339' title='bbox 281 2519 399 2565; x_wconf 74' lang='grc' dir='ltr'><strong><em>ἔσται</em></strong></span> <span class='ocrx_word' id='word_1_340' title='bbox 441 2516 508 2564; x_wconf 81' lang='grc' dir='ltr'><strong><em>ὅτι</em></strong></span> <span class='ocrx_word' id='word_1_341' title='bbox 535 2516 587 2564; x_wconf 88' lang='grc' dir='ltr'><strong><em>τὸ</em></strong></span> <span class='ocrx_word' id='word_1_342' title='bbox 621 2522 658 2564; x_wconf 92' lang='grc' dir='ltr'><em>Α</em></span> <span class='ocrx_word' id='word_1_343' title='bbox 686 2520 769 2565; x_wconf 87' lang='grc' dir='ltr'><strong><em>τινὶ</em></strong></span> <span class='ocrx_word' id='word_1_344' title='bbox 795 2524 860 2584; x_wconf 78' lang='grc' dir='ltr'><strong><em>τῷ</em></strong></span> <span class='ocrx_word' id='word_1_345' title='bbox 887 2524 933 2565; x_wconf 94' lang='grc' dir='ltr'><em>Γ</em></span> <span class='ocrx_word' id='word_1_346' title='bbox 961 2518 1047 2581; x_wconf 72' lang='grc' dir='ltr'><strong><em>οὐχ</em></strong></span> <span class='ocrx_word' id='word_1_347' title='bbox 1070 2519 1271 2581; x_wconf 79' lang='grc' dir='ltr'><strong><em>ὑπάρχει.</em></strong></span> <span class='ocrx_word' id='word_1_348' title='bbox 1325 2518 1421 2568; x_wconf 85' lang='grc' dir='ltr'><strong><em>ἀλλ’</em></strong></span> <span class='ocrx_word' id='word_1_349' title='bbox 1453 2520 1542 2568; x_wconf 77' lang='grc' dir='ltr'><strong><em>οὐκ</em></strong></span> 
     </span>
     <span class='ocr_line' id='line_1_36' title="bbox 97 2584 1538 2652; baseline 0.003 -20"><span class='ocrx_word' id='word_1_350' title='bbox 97 2584 315 2648; x_wconf 75' lang='grc' dir='ltr'><strong><em>ἀνῄρηται</em></strong></span> <span class='ocrx_word' id='word_1_351' title='bbox 347 2584 399 2633; x_wconf 88' lang='grc' dir='ltr'><strong><em>τὸ</em></strong></span> <span class='ocrx_word' id='word_1_352' title='bbox 427 2584 474 2642; x_wconf 79' lang='grc' dir='ltr'><strong><em>ἐξ</em></strong></span> <span class='ocrx_word' id='word_1_353' title='bbox 498 2584 657 2649; x_wconf 81' lang='grc' dir='ltr'><strong><em>ἀρχῆς·</em></strong></span> <span class='ocrx_word' id='word_1_354' title='bbox 691 2586 900 2647; x_wconf 76' lang='grc' dir='ltr'><strong><em>ἐνδέχεται</em></strong></span> <span class='ocrx_word' id='word_1_355' title='bbox 927 2586 1011 2648; x_wconf 79' lang='grc' dir='ltr'><strong><em>γὰρ</em></strong></span> <span class='ocrx_word' id='word_1_356' title='bbox 1039 2589 1122 2634; x_wconf 90' lang='grc' dir='ltr'><strong><em>τινὶ</em></strong></span> <span class='ocrx_word' id='word_1_357' title='bbox 1149 2587 1364 2649; x_wconf 83' lang='grc' dir='ltr'><strong><em>ὑπάρχειν</em></strong></span> <span class='ocrx_word' id='word_1_358' title='bbox 1381 2586 1538 2652; x_wconf 81' lang='grc' dir='ltr'><strong><em>καὶμὴ</em></strong></span> 
     </span>
    </p>
   </div>
   <div class='ocr_carea' id='block_1_3' title="bbox 101 2670 367 2679">
    <p class='ocr_par' dir='ltr' id='par_1_4' title="bbox 101 2670 367 2679">
     <span class='ocr_line' id='line_1_37' title="bbox 101 2670 367 2679; baseline 0 421"><span class='ocrx_word' id='word_1_359' title='bbox 101 2670 367 2679; x_wconf 95' lang='lat' dir='ltr'><strong><em> </em></strong></span> 
     </span>
    </p>
   </div>
   <div class='ocr_carea' id='block_1_4' title="bbox 97 2699 1540 2839">
    <p class='ocr_par' dir='ltr' id='par_1_5' title="bbox 97 2699 1540 2839">
     <span class='ocr_line' id='line_1_38' title="bbox 186 2699 1539 2748; baseline 0.004 -15"><span class='ocrx_word' id='word_1_360' title='bbox 186 2701 208 2733; x_wconf 84' lang='grc'>5</span> <span class='ocrx_word' id='word_1_361' title='bbox 227 2701 351 2734; x_wconf 80' lang='grc' dir='ltr'><strong><em>τῶνπ.</em></strong></span> <span class='ocrx_word' id='word_1_362' title='bbox 362 2719 403 2727; x_wconf 92' lang='lat'><strong><em>-—</em></strong></span> <span class='ocrx_word' id='word_1_363' title='bbox 429 2699 512 2735; x_wconf 89' lang='grc' dir='ltr'><strong><em>9ου’</em></strong></span> <span class='ocrx_word' id='word_1_364' title='bbox 535 2702 607 2743; x_wconf 90' lang='lat' dir='ltr'><strong><em>Cm,</em></strong></span> <span class='ocrx_word' id='word_1_365' title='bbox 629 2699 752 2740; x_wconf 74' lang='grc' dir='ltr'><strong><em>ουδεις</em></strong></span> <span class='ocrx_word' id='word_1_366' title='bbox 770 2713 804 2734; x_wconf 78' lang='grc' dir='ltr'><strong><em>ιι.</em></strong></span> <span class='ocrx_word' id='word_1_367' title='bbox 830 2720 874 2728; x_wconf 87' lang='lat'>—</span> <span class='ocrx_word' id='word_1_368' title='bbox 902 2702 1004 2745; x_wconf 82' lang='grc' dir='ltr'><strong><em>ΙΟτῷ</em></strong></span> <span class='ocrx_word' id='word_1_369' title='bbox 1023 2713 1043 2743; x_wconf 85' lang='grc' dir='ltr'>γ</span> <span class='ocrx_word' id='word_1_370' title='bbox 1063 2713 1131 2734; x_wconf 87' lang='lat' dir='ltr'><strong><em>mn.</em></strong></span> <span class='ocrx_word' id='word_1_371' title='bbox 1156 2722 1200 2728; x_wconf 89' lang='lat'>—</span> <span class='ocrx_word' id='word_1_372' title='bbox 1229 2703 1264 2735; x_wconf 83' lang='grc' dir='ltr'><strong><em>ΙΙ</em></strong></span> <span class='ocrx_word' id='word_1_373' title='bbox 1290 2699 1386 2748; x_wconf 73' lang='grc' dir='ltr'><strong><em>εἰ]”</em></strong></span> <span class='ocrx_word' id='word_1_374' title='bbox 1362 2715 1424 2738; x_wconf 69' lang='lat' dir='ltr'><strong><em>ote</em></strong></span> <span class='ocrx_word' id='word_1_375' title='bbox 1444 2705 1482 2737; x_wconf 85' lang='lat' dir='ltr'><strong><em>G.</em></strong></span> <span class='ocrx_word' id='word_1_376' title='bbox 1494 2723 1539 2731; x_wconf 89' lang='lat'><strong>—</strong></span> 
     </span>
     <span class='ocr_line' id='line_1_39' title="bbox 97 2736 1540 2792; baseline 0.003 -15"><span class='ocrx_word' id='word_1_377' title='bbox 97 2745 143 2777; x_wconf 74' lang='lat'><strong><em>92</em></strong></span> <span class='ocrx_word' id='word_1_378' title='bbox 160 2744 220 2789; x_wconf 80' lang='grc' dir='ltr'><strong><em>βγ]</em></strong></span> <span class='ocrx_word' id='word_1_379' title='bbox 239 2745 282 2780; x_wconf 81' lang='grc' dir='ltr'><strong><em>τὸ</em></strong></span> <span class='ocrx_word' id='word_1_380' title='bbox 299 2747 343 2791; x_wconf 79' lang='grc' dir='ltr'><strong><em>βγ</em></strong></span> <span class='ocrx_word' id='word_1_381' title='bbox 360 2758 396 2779; x_wconf 81' lang='grc' dir='ltr'><strong><em>η.</em></strong></span> <span class='ocrx_word' id='word_1_382' title='bbox 427 2765 472 2773; x_wconf 88' lang='grc'><strong>-</strong></span> <span class='ocrx_word' id='word_1_383' title='bbox 502 2748 547 2780; x_wconf 73' lang='lat'><strong><em>96</em></strong></span> <span class='ocrx_word' id='word_1_384' title='bbox 572 2747 693 2790; x_wconf 84' lang='grc' dir='ltr'><strong><em>σχῆμα</em></strong></span> <span class='ocrx_word' id='word_1_385' title='bbox 718 2746 758 2781; x_wconf 83' lang='grc' dir='ltr'><strong><em>δὲ</em></strong></span> <span class='ocrx_word' id='word_1_386' title='bbox 775 2745 817 2781; x_wconf 83' lang='grc' dir='ltr'><strong><em>τὸ</em></strong></span> <span class='ocrx_word' id='word_1_387' title='bbox 836 2759 868 2780; x_wconf 81' lang='lat' dir='ltr'><strong><em>n.</em></strong></span> <span class='ocrx_word' id='word_1_388' title='bbox 902 2765 947 2772; x_wconf 93' lang='lat'>—</span> <span class='ocrx_word' id='word_1_389' title='bbox 982 2736 1028 2780; x_wconf 76' lang='lat'><strong><em>‘28</em></strong></span> <span class='ocrx_word' id='word_1_390' title='bbox 1046 2747 1094 2779; x_wconf 87' lang='lat' dir='ltr'><strong><em>alt</em></strong></span> <span class='ocrx_word' id='word_1_391' title='bbox 1113 2747 1179 2792; x_wconf 80' lang='grc' dir='ltr'><strong><em>τῷ]</em></strong></span> <span class='ocrx_word' id='word_1_392' title='bbox 1200 2748 1276 2782; x_wconf 77' lang='grc' dir='ltr'><strong><em>τῶν</em></strong></span> <span class='ocrx_word' id='word_1_393' title='bbox 1294 2760 1329 2782; x_wconf 87' lang='lat' dir='ltr'><strong><em>n.</em></strong></span> <span class='ocrx_word' id='word_1_394' title='bbox 1362 2768 1407 2775; x_wconf 85' lang='lat'><strong><em>·-</em></strong></span> <span class='ocrx_word' id='word_1_395' title='bbox 1440 2750 1487 2784; x_wconf 70' lang='lat'><strong><em>29</em></strong></span> <span class='ocrx_word' id='word_1_396' title='bbox 1504 2757 1540 2783; x_wconf 84' lang='lat' dir='ltr'><strong><em>et</em></strong></span> 
     </span>
     <span class='ocr_line' id='line_1_40' title="bbox 99 2788 1237 2839; baseline 0.004 -16"><span class='ocrx_word' id='word_1_397' title='bbox 99 2790 143 2823; x_wconf 85' lang='lat'><strong><em>30</em></strong></span> <span class='ocrx_word' id='word_1_398' title='bbox 160 2790 234 2824; x_wconf 82' lang='grc' dir='ltr'><strong><em>τῶν</em></strong></span> <span class='ocrx_word' id='word_1_399' title='bbox 252 2803 274 2834; x_wconf 78' lang='lat' dir='ltr'>y</span> <span class='ocrx_word' id='word_1_400' title='bbox 293 2803 328 2825; x_wconf 82' lang='grc' dir='ltr'><strong><em>π.</em></strong></span> <span class='ocrx_word' id='word_1_401' title='bbox 354 2810 396 2817; x_wconf 89' lang='grc'>-</span> <span class='ocrx_word' id='word_1_402' title='bbox 419 2789 672 2837; x_wconf 80' lang='grc' dir='ltr'><strong><em>ἀντικείμενος</em></strong></span> <span class='ocrx_word' id='word_1_403' title='bbox 689 2805 740 2838; x_wconf 80' lang='lat' dir='ltr'><strong><em>cu,</em></strong></span> <span class='ocrx_word' id='word_1_404' title='bbox 765 2805 806 2837; x_wconf 86' lang='lat' dir='ltr'><strong><em>pr</em></strong></span> <span class='ocrx_word' id='word_1_405' title='bbox 827 2795 871 2826; x_wconf 82' lang='lat' dir='ltr'><strong><em>A.</em></strong></span> <span class='ocrx_word' id='word_1_406' title='bbox 897 2811 939 2818; x_wconf 90' lang='lat'><em>-</em></span> <span class='ocrx_word' id='word_1_407' title='bbox 964 2792 1009 2826; x_wconf 84' lang='lat'><strong><em>38</em></strong></span> <span class='ocrx_word' id='word_1_408' title='bbox 1027 2788 1183 2839; x_wconf 73' lang='grc' dir='ltr'><strong><em>υπάρξει</em></strong></span> <span class='ocrx_word' id='word_1_409' title='bbox 1200 2793 1237 2827; x_wconf 88' lang='lat' dir='ltr'><em>C</em></span> 
     </span>
    </p>
   </div>
  </div>
 </body>
</html>
