1884 3100
622 194 1035 229 ΠΡΟΤΕΡΩΝΒ.
1471 191 1554 232 w

105 310 210 352 τρος
239 289 270 355 ἡ
302 289 552 352 διάμετρος,
577 291 812 355 ἐπιχειροίη
837 290 916 339 τὸν
946 291 1169 376 Ζήνωνος
1187 289 1337 353 λόγον,
1368 309 1433 349 ως
1461 288 1552 338 ov'n

104 360 193 407 ἔστι
221 364 463 416 κινεῖσθαι,
494 360 569 405 καὶ
608 361 670 418 εἰς
694 364 833 406 τοῦτο
868 358 1030 422 άπάγοι
1055 357 1108 407 vd
1140 357 1386 406 αδύνατσν·
1406 356 1551 405 ου’ὅα-

102 432 200 488 μοῖς
240 426 324 489 γὰρ
362 425 540 487 οὐδαμῇ
569 429 748 488 συνεχές
779 427 867 474 ἐστι
894 427 946 474 τὸ
976 431 1148 485 ψεῦδος
1176 431 1231 488 τῇ
1259 426 1396 488 φάσει
1421 429 1477 487 τῇ
1508 422 1603 481 ἔξω

105 493 254 556 ἀρχῆς.
293 493 425 551 ἄλλος
460 496 507 541 ὀὶ·
535 493 723 554 τρόπος,
757 496 794 540 εἰ
822 497 1002 556 συνεχὲς
1035 496 1113 555 μὲν
1140 496 1208 558 εἴη
1237 493 1290 541 τὸ
1329 492 1553 541 ἀδύνατον

105 567 160 623 τῇ
189 560 431 616 ὑποθέσει,
464 559 525 623 μὴ
554 562 700 621 μέντοι
733 560 789 607 δι’
824 562 993 625 ἐκείνην
1021 563 1269 623 συμβαίνοι.
1309 565 1445 608 τοῦτο
1468 558 1554 623 γὰρ

103 629 280 690 ἐγχωρεῖ
324 629 529 690 γενέσθαι
571 630 644 675 καὶ
685 629 755 675 ἐπὶ
786 626 839 675 τὸ
877 648 970 676 ανω
1003 631 1078 675 καὶ
1112 630 1181 676 ἐπὶ
1210 628 1261 676 τὸ
1292 628 1410 675 κάτω
1439 633 1553 689 λαμ-

101 695 278 756 βάνοντι
319 693 372 742 vd
418 695 622 756 συνεχές,
667 693 763 742 οἷον
806 697 843 742 εἰ
886 695 938 742 τὸ
983 701 1022 742 Α
1065 700 1131 761 τ9ῖ
1164 700 1203 742 Β
1235 702 1371 743 κεῖται
1403 694 1553 758 ὑπάρ-

101 781 196 824 χον,
227 760 278 808 τὸ
310 763 356 808 δὲ
388 765 426 808 Β
453 766 514 828 τῷ
546 766 598 818 Γ,
635 761 687 808 τὰ
721 764 768 809 δε
804 766 848 808 Γ
867 768 932 829 τῷ
962 768 1018 822 A,
1051 767 1188 810 τοῦτο
1217 762 1256 810 6'
1280 765 1347 844 εἴη
1365 766 1604 821 ψεῦδος,25

102 828 157 876 τὸ
195 827 247 876 τὸ
279 833 317 875 Β
344 834 406 895 τῷ
425 835 466 876 A
485 810 715 890 ὑπάρχειν.
755 831 793 876 εἰ
809 828 892 892 γὰρ
900 811 1238 890 ἀφαιρεθέντος
1255 835 1361 914 τοῦἎ
1360 834 1398 876 A
1416 832 1573 894 μηδὲν

102 890 234 960 ἦττον
258 894 457 980 υπάρχοι
486 895 537 943 τὸ
571 900 608 943 Β
639 901 703 963 τῷ
738 901 783 943 Γ
804 899 879 944 καὶ
910 896 962 944 τὸ
992 902 1039 944 Γ
1048 902 1123 982 τῷ
1144 903 1199 955 A,
1225 896 1314 945 οὐκ
1332 916 1388 944 αν
1412 900 1480 961 εἴη
1497 895 1551 944 τὸ

103 967 274 1020 ’ψεῦδος
304 962 378 1010 διὰ
407 962 488 1027 τὴν
520 963 566 1020 ἐξ
595 962 733 1027 άρχῆς
761 963 999 1013 ὑπόθεσιν.
1040 963 1071 1029 ἢ
1097 965 1231 1013 πάλιν
1259 967 1306 1012 εἴ
1325 984 1392 1023 τις
1413 966 1480 1012 ἐπὶ
1500 963 1552 1012 τὸ

104 1050 196 1078 avc-J
225 1031 439 1091 λαμβάνοι
473 1030 526 1078 τὸ
565 1033 758 1092 συνεχές,
794 1030 889 1079 οἷον
922 1034 960 1079 εἰ
989 1031 1040 1079 τὸ
1068 1034 1147 1093 μὲν
1176 1037 1214 1079 Α
1247 1035 1310 1098 τῷ
1338 1036 1389 1091 Β,
1410 1037 1472 1097 τῷ
1503 1034 1552 1080 δὲ

103 1102 143 1145 Α
171 1096 223 1144 τὸ
267 1101 309 1143 Ε
340 1099 413 1144 καὶ
442 1102 510 1180 τῷ
534 1101 577 1144 Ε
605 1098 657 1145 τὸ
687 1103 751 1155 Ζ,
791 1103 963 1157 ψεῦδος
997 1098 1037 1147 6'
1070 1102 1137 1163 εἴη
1165 1099 1215 1147 τὸ
1244 1098 1460 1161 ὑπάρχειν
1487 1104 1553 1166 τῷ
1567 1117 1604 1146 80

104 1169 143 1212 A
173 1163 226 1211 τὸ
268 1168 327 1210 Z·
358 1166 433 1211 καὶ
459 1163 543 1226 γὰρ
578 1163 727 1222 οὕτως
755 1165 892 1213 ουδὲν
924 1165 979 1214 ἂν
1007 1160 1140 1230 ἦττον
1169 1169 1236 1230 εἴη
1255 1166 1308 1214 τὸ
1331 1167 1554 1215 άὸύνατον

105 1232 414 1295 ἀναιρεθείσης
444 1236 527 1294 τῆς
556 1231 602 1288 ἐξ
628 1231 765 1296 ἀρχῆς
786 1232 1060 1291 ὑποθέσεως.
1096 1233 1208 1280 άλλιὶ
1230 1238 1299 1280 δεῖ
1310 1233 1425 1295 πρὸς
1445 1253 1556 1292 τους

106 1298 200 1356 ἐξ’
171 1303 310 1361 αρχῆς
334 1297 474 1358 ὅρους
493 1312 554 1345 συ
554 1299 731 1347 νάπτειν
749 1299 800 1346 τὸ
821 1299 1070 1348 α’ὁύνατον·
1094 1300 1215 1349 οὕτω
1235 1299 1318 1364 γάρ
1337 1303 1456 1348 ἔσται
1480 1300 1555 1349 διὰ

106 1365 191 1429 τὴν
221 1365 457 1422 ὑπόθεσιν,
484 1363 580 1414 οἶον
610 1368 680 1414 ἐπὶ
712 1386 790 1428 μεν
814 1367 866 1414 τὸ
884 1368 999 1415 κάτω
1019 1369 1288 1430 λαμβάνοντι
1307 1367 1357 1416 τὸ
1375 1370 1556 1431 συνεχὲς

106 1433 220 1494 πρὸς
241 1431 322 1480 τὸν
345 1433 611 1496 uatrijQm'
592 1453 733 1481 ιιενον
754 1439 844 1483 τοῖν
867 1433 1009 1495 ὅρων·
1050 1439 1088 1483 εἰ
1102 1435 1186 1499 γὰρ
1206 1435 1428 1484 άδύνατον
1446 1435 1498 1484 τὸ
1516 1441 1554 1484 Α
1569 1452 1605 1481 35

103 1505 169 1566 τῷ
190 1507 234 1547 A
255 1498 478 1561 υπάρχειν,
497 1500 819 1570 ἀφαιρεθέντος
844 1508 929 1550 τοῦ
950 1508 988 1549 Α
1007 1502 1157 1551 οὐκέτι
1173 1505 1290 1586 ἔσται
1303 1503 1354 1551 τὸ
1365 1508 1552 1563 ψεῦδος.

104 1569 175 1616 ἐπὶ
202 1569 249 1614 δὲ
275 1567 326 1614 τὸ
356 1587 472 1624 ανω,
501 1567 606 1615 καθ’
640 1571 698 1616 οὐ
729 1572 1054 1633 κατηγορεῖται·
1091 1573 1130 1618 εἰ
1156 1570 1239 1634 γὰρ
1256 1576 1322 1637 τῷ
1343 1576 1381 1619 Β
1399 1571 1460 1635 μὴ
1484 1572 1554 1635 ἐγ-

108 1641 242 1719 χωρεῖ
269 1634 319 1682 τὸ
354 1639 394 1682 Ζ
424 1633 649 1697 ὑπάρχειι,
680 1635 1000 1698 ἀφαιρεθέντος
1020 1643 1105 1686 τοῦ
1128 1643 1165 1685 Β
1189 1638 1340 1686 οὐκέτι
1359 1641 1476 1687 ἔσται
1499 1638 1553 1687 τὸ

109 1701 347 1750 α’δύνατον.
408 1700 570 1763 ὁμοίως
615 1705 662 1751 ὁὲ
703 1706 777 1751 καὶ
812 1710 1079 1769 στερητικῶν
1112 1710 1204 1753 τῶν
1243 1711 1556 1770 συλλογισμῶν

105 1788 258 1816 οντων.
1570 1789 1606 1818 ιο

244 1834 450 1897 Φανερὸν
471 1830 558 1884 οὖν
578 1834 644 1883 ὅτι
661 1841 746 1884 τοῦ
761 1835 989 1885 ἀδυνάτου
1010 1836 1071 1902 μή
1094 1837 1206 1898 πρὸς
1225 1837 1336 1897 τοὺς
1353 1838 1445 1896 «ᾆξ’
1417 1844 1555 1904 αρχῆς
1570 1861 1606 1893 1»-
1615 1849 1662 1885 66

106 1901 246 1961 ὅρους
264 1902 391 1961 ὄντος
411 1903 472 1950 οὐ
492 1902 613 1963 παρα
630 1902 712 1966 τὴν
731 1905 860 1952 θέσιν
882 1908 1050 1966 συμβαι
1052 1925 1111 1953 νει
1122 1925 1174 1953 το
1195 1911 1378 1965 ψεῦδος.
1404 1906 1439 1971 ἢ
1457 1906 1556 1956 οὐδ’

70 1966 73 1970 ’
106 1968 252 2028 οὕτως
276 1973 358 2017 αἰεὶ
379 1970 452 2018 διὰ
473 1970 557 2034 τήν
577 1970 804 2018 υπόθεσιν
824 1974 941 2020 ἔσται
954 1972 1006 2020 τὸ
1024 1978 1222 2032 ψεῦδοςς
1241 1977 1313 2021 καὶ
1327 1994 1412 2037 γαρ
1437 1977 1476 2022 εἰ
1493 1973 1554 2040 μὴ

106 2042 168 2103 τῷ
203 2042 241 2085 Β
276 2036 389 2084 άλλά
418 2043 480 2105 τῷ
513 2043 559 2085 Κ
590 2039 719 2103 ἐτέθη
758 2037 810 2086 τὸ
839 2045 876 2087 Α
905 2039 1145 2101 ὑπάρχειν,
1187 2040 1240 2089 τὸ
1271 2044 1318 2089 δὲ
1350 2047 1395 2089 Κ
1417 2047 1482 2109 τῷ
1515 2047 1562 2090 Γ

104 2107 178 2151 καὶ
197 2110 332 2152 τοῦτο
351 2125 412 2171 τῳ
397 2086 482 2163 A,
507 2107 579 2152 καὶ
601 2104 719 2154 οὕτω
744 2107 861 2190 μένει
884 2106 935 2154 τὸ
954 2107 1199 2156 οἷδυνατον·
1226 2107 1391 2170 ὁμοίως
1410 2113 1458 2158 δὲ
1482 2112 1555 2158 καὶ
1570 2133 1589 2161 5

107 2172 175 2219 ἐπὶ
191 2171 243 2219 τὸ
266 2191 356 2219 ανω
376 2154 640 2256 λαμβάνοντι
678 2172 786 2231 τοὺς
813 2194 963 2258 ορους,
993 2174 1096 2223 ωστ’
1125 2177 1215 2223 ἐπεὶ
1233 2178 1308 2223 καὶ
1329 2176 1458 2235 ὄντος
1479 2179 1556 2224 καὶ

108 2237 170 2302 μὴ
202 2238 331 2297 ὄντος
359 2239 527 2286 τούτου
560 2242 790 2300 συμβαίνει
816 2241 867 2289 τὸ
892 2241 1128 2300 ἀδύνατον,
1160 2242 1247 2290 οὐκ
1273 2262 1328 2290 αν
1346 2246 1412 2307 ειη
1433 2243 1554 2305 παρὰ

106 2304 188 2369 τὴν
201 2307 344 2354 θέσιν.
368 2304 398 2369 ἢ
417 2305 470 2353 τὸ
490 2305 551 2370 μὴ
563 2305 691 2364 ὄντος
702 2307 869 2356 τούτου
878 2312 1052 2372 μηδεν“
1028 2329 1156 2374 ηττον
1166 2312 1367 2372 γίνεσθαι
1376 2310 1427 2358 τὸ
1436 2316 1555 2367 ψεῦ-

108 2376 187 2430 δος
216 2373 301 2435 οὐχ
333 2373 451 2421 οὕτω
469 2375 660 2438 ληπτέον
684 2372 784 2421 ὥστ’
805 2375 947 2424 αλλου
968 2379 1204 2438 τιθεμένου
1228 2380 1485 2439 συμβαίνειν
1503 2377 1555 2427 τὸ

109 2439 355 2499 ἀδύνατον,
393 2441 488 2488 ἄλλ’
519 2440 625 2489 ὅταν
655 2440 975 2503 αφαιρεθέντος
1004 2445 1170 2492 τούτου
1190 2444 1263 2492 διά
1282 2450 1369 2492 τῶν
1388 2451 1556 2494 λοιπῶν
1571 2464 1606 2493 10

109 2509 363 2570 προτάσεων
391 2508 528 2570 ταύτὸ
556 2511 811 2574 περαίνηται
834 2510 1071 2572 ἀδύνατον,
1102 2514 1191 2560 ἐπεὶ
1211 2511 1352 2560 ταύτό
1372 2533 1418 2576 γε
1439 2517 1554 2572 ψεῦ-

203 2647 245 2680 18
264 2644 284 2691 ἦ
303 2645 499 2693 διάμετρος
515 2660 609 2690 marg
626 2659 658 2680 n.
686 2667 728 2673 -
754 2648 946 2684 δεικνύναι
959 2657 1039 2692 post
1050 2648 1166 2704 λόγον
1183 2652 1240 2683 adi
1261 2653 1297 2685 A.
1319 2669 1362 2676 —-
1389 2652 1430 2686 19
1452 2649 1556 2688 α’πα-

110 2689 216 2735 γᾶγοι
234 2704 331 2747 corr„
332 2705 366 2725 ιι.
391 2713 433 2718 -
459 2695 503 2727 30
522 2694 575 2726 alt
589 2694 640 2739 τῷ
658 2706 738 2726 corr
756 2707 791 2727 π.
815 2713 863 2720 -
886 2696 931 2729 34
945 2696 996 2741 τῷ
1014 2693 1113 2730 κάτω
1134 2698 1176 2735 Β,
1202 2698 1276 2730 sort
1293 2709 1336 2741 pr
1356 2698 1394 2731 A.

201 2734 421 2783 6622390123
439 2751 496 2772 om
514 2752 554 2782 pr
573 2740 610 2773 G.
637 2759 679 2765 -
704 2738 884 2783 λαμβάνει
904 2742 943 2773 A.
966 2760 1012 2766 —
1035 2742 1057 2775 3
1073 2739 1134 2777 οἷεὶ
1155 2743 1245 2787 Cms.
1267 2761 1314 2770 —
1336 2744 1359 2778 5
1375 2741 1496 2792 τούτῳ
1510 2745 1554 2778 Β.

113 2801 156 2807 -
179 2782 202 2816 7
219 2783 332 2818 τοῦτο
352 2796 393 2829 pr
412 2785 451 2828 G,
472 2795 527 2818 om
546 2796 591 2820 m.
615 2804 660 2812 —
685 2785 882 2831 συμβαίνοι
899 2786 959 2830 Bf.
