1820 3100
455 176 519 210 De
553 174 804 210 codicibus
835 173 1026 221 graecis
1057 173 1251 220 Organi.
1530 173 1585 214 25

134 271 283 317 possint.
329 272 411 307 Fol.
435 271 635 306 261-272
658 272 800 307 scholia
823 273 860 307 in
891 284 1010 319 marg.
1035 283 1105 307 non
1136 272 1274 306 hahent
1307 273 1343 305 et
1374 282 1468 316 quae
1490 272 1585 307 Pro-

133 329 251 363 dromi
282 329 541 363 commentario
571 329 694 364 addita
724 332 804 364 sunt
849 341 932 363 cum
972 330 1017 364 iis
1048 339 1140 374 quae
1172 331 1444 373 praecesserunt
1475 330 1584 372 plane

133 385 360 420 conveniunt.
407 386 546 420 Crescit
566 385 768 420 difficultas
791 385 986 429 iudicandi,
1019 386 1106 430 quid
1134 384 1234 427 huic,
1258 384 1343 428 quid
1365 384 1421 419 illi
1444 385 1585 419 auctori

135 442 324 486 debeatur,
348 442 472 477 codice
496 441 588 476 1919
612 442 792 486 inspecto,
816 442 879 486 qui
901 442 966 476 fol.
992 442 1060 476 168
1084 440 1325 487 paraphrasin
1348 441 1463 475 habet
1487 441 1582 475 eius-

133 490 218 532 dem
239 499 338 534 libri.
384 499 469 543 Ipsa
499 498 734 543 paraphrasis
763 497 834 532 inc.
868 496 913 534 τὸ
946 499 1144 544 προοίμιον
1174 496 1260 543 περὶ
1289 497 1366 532 τῶν
1394 497 1583 544 τεσσάρων

132 553 341 599 διαλέγεται
370 553 665 601 προβλημάτων·
713 554 880 589 τοσαῦτα
909 553 992 601 γάρ,
1027 554 1153 599 φησίν,
1186 553 1287 589 ἐστὶν
1322 550 1349 588 ἃ
1387 555 1582 598 ζητοῦμεν,

130 610 328 653 praecessit
351 614 474 644 autem
504 610 670 644 scholion
701 610 792 644 illud
822 612 918 655 quod
941 611 976 646 in
1003 612 1082 645 cod.
1107 610 1200 645 1917
1223 611 1280 645 his
1304 610 1457 656 legitur:
1494 611 1582 646 δια-

130 664 254 712 λαβών
277 664 298 702 ὁ
322 663 389 713 Ἀρ.
413 667 547 711 (schol.
566 665 754 710 240a39)‚
776 671 858 711 post
878 668 974 712 quod
994 667 1094 702 aliud
1118 667 1285 702 scholion
1308 667 1465 713 legitur=
1492 666 1583 714 φέρε

131 716 200 758 οὖν
223 719 347 769 ὥσπερ
371 722 479 759 κοινὰ
502 721 658 767 θεμέλια
689 721 775 767 (240
794 724 818 758 b
835 723 920 768 25),
951 725 1047 758 unde
1080 727 1180 768 patet
1202 724 1319 758 verba
1340 724 1430 758 ista:
1455 723 1519 758 ἵνα
1535 743 1581 750 -

131 776 346 825 ἐπαγγελίᾳ,
384 790 478 824 quae
514 779 550 813 in
580 780 659 813 cod.
692 779 785 814 1917
817 780 1014 825 Philoponi
1045 781 1191 814 nomine
1220 780 1396 825 inscripta
1419 783 1581 815 extremo

130 835 220 869 folio
254 839 354 870 recto
385 838 559 882 leguntur
591 834 700 882 (φέρε
731 833 854 882 ὥσπερ
886 840 954 871 etc.
979 848 1068 871 vero
1093 837 1215 881 prima
1240 839 1321 870 sunt
1345 836 1427 871 folii
1449 837 1579 881 versi),

130 892 276 926 aliunde
290 892 428 926 intrusa
444 903 514 926 non
539 903 622 926 cum
644 892 690 927 iis
713 892 814 939 iungi
838 893 985 935 debere,
1002 904 1085 927 cum
1101 893 1230 937 quibus
1241 892 1401 927 Brandis
1415 893 1451 927 in
1463 894 1580 928 schol.

130 949 329 983 cohaerere
345 959 389 983 ea
405 948 556 993 putavit,
575 948 644 984 nisi
661 961 758 992 eum,
779 949 842 994 qui
861 950 939 984 cod.
958 949 1051 983 1919
1066 949 1221 994 scripsit,
1240 962 1285 984 ex
1302 950 1382 995 ipso
1396 950 1475 984 cod.
1489 949 1581 984 1917

127 1003 197 1038 illa
226 1004 398 1038 sumsisse
437 1005 573 1039 dixeris
603 1007 665 1039 vel
696 1006 946 1052 negligentem
977 1006 1134 1050 primum
1163 1006 1402 1051 paraphrasis
1433 1017 1583 1041 versum

127 1062 188 1095 vel
211 1060 440 1106 ignorantem
462 1061 569 1095 illum
592 1062 664 1095 huc
697 1063 889 1106 pertinere.
937 1063 1108 1097 Ceterum
1138 1062 1224 1096 finis
1247 1063 1498 1097 commentarii
1523 1063 1584 1107 qui

126 1117 284 1152 habetur
306 1117 342 1151 in
367 1118 447 1151 cod.
465 1116 556 1151 1919
580 1118 747 1152 convenit
769 1130 852 1152 cum
874 1119 948 1152 fine
973 1120 1198 1153 scholiorum
1221 1129 1315 1163 quae
1330 1119 1367 1153 in
1386 1120 1466 1154 cod.
1489 1118 1582 1153 1917

128 1173 176 1207 ad
199 1184 319 1219 marg.
343 1174 531 1208 Theodori
552 1174 678 1207 Prodr.
703 1174 845 1208 adiecta
868 1178 960 1209 sunt.
998 1175 1079 1210 Utri
1096 1176 1250 1210 istorum
1274 1175 1439 1209 codicum
1460 1176 1582 1210 maior

127 1230 174 1265 sit
195 1230 288 1265 fides
311 1231 493 1273 habenda,
528 1230 699 1275 equidem
731 1230 931 1264 diiudicare
954 1241 1026 1264 non
1050 1232 1187 1273 ausim,
1216 1231 1253 1264 in
1278 1234 1432 1275 utroque
1456 1235 1582 1266 autem

127 1284 268 1321 scholia
286 1289 384 1322 male
408 1287 581 1331 disposita
604 1291 640 1322 et
664 1287 876 1322 conturbata
910 1298 990 1321 esse
1013 1287 1101 1322 satis
1131 1291 1257 1332 patere
1282 1287 1441 1322 arbitror
1465 1299 1510 1322 ex
1534 1288 1580 1322 iis

128 1354 220 1387 quae
249 1344 357 1377 modo
390 1343 554 1378 diximus.
586 1364 630 1368 —
670 1345 726 1378 Ex
755 1344 885 1381 eodem
925 1344 1051 1378 codice
1085 1343 1261 1378 desumsit
1295 1343 1450 1378 Brandis
1484 1355 1579 1389 quae

127 1400 162 1434 in
194 1400 286 1434 notis
321 1400 463 1442 scholia
494 1400 608 1434 Mich.
643 1400 795 1444 Ephesii
826 1404 1019 1435 occurrunt
1048 1401 1183 1444 (schol.
1219 1412 1255 1444 p.
1287 1400 1356 1434 100
1380 1401 1498 1445 seqq.)
1532 1402 1579 1435 ad

126 1456 263 1491 librum
285 1456 371 1503 περὶ
396 1455 600 1503 ἑρμηνείας.
654 1458 757 1502 Quae
788 1461 911 1492 autem
934 1458 971 1492 in
995 1457 1110 1491 schol.
1136 1457 1235 1491 dedit
1258 1457 1326 1491 187
1340 1457 1416 1492 1216
1431 1456 1579 1492 -188a

125 1511 170 1546 41
193 1524 264 1547 non
295 1513 416 1548 omnia
439 1513 666 1553 inveniuntur
694 1513 730 1547 in
755 1515 835 1548 cod.
860 1513 962 1548 1917.
1009 1514 1098 1548 Post
1121 1509 1327 1558 συνάγουσι
1360 1513 1458 1548 enim
1491 1513 1579 1559 (187

129 1568 225 1614 334)
250 1570 435 1604 adiectum
458 1574 512 1605 est
534 1570 597 1606 καὶ
620 1569 667 1605 τὰ
699 1568 843 1615 ἐφεξῆς.
887 1570 1105 1615 Inscriptum
1128 1571 1201 1604 hoc
1223 1571 1338 1604 schol.
1366 1567 1506 1611 σκοπὸς
1530 1569 1583 1610 εἰς

125 1625 193 1662 τὸν
217 1628 311 1673 (leg.
337 1625 397 1671 τὸ)
422 1626 596 1674 δεύτερον
631 1627 707 1662 τῶν
737 1626 931 1674 προτέρων
962 1624 1208 1662 ἀναλυτικῶν.
1254 1627 1449 1671 Philoponi
1471 1627 1579 1661 scho-

125 1684 184 1718 liis
214 1684 461 1729 praepositum
487 1685 661 1718 habetur.
715 1685 771 1718 Ad
803 1683 1106 1718 commentarium
1137 1684 1173 1718 in
1206 1684 1309 1728 soph.
1344 1685 1390 1718 el.
1424 1683 1486 1728 qui
1511 1683 1579 1717 suh

124 1741 320 1782 Alexandri
345 1741 489 1775 nomine
513 1741 631 1775 editus
665 1744 719 1775 est
751 1742 846 1775 haec
879 1743 966 1774 'nota
989 1740 1133 1774 adiecta
1165 1743 1219 1773 est
1243 1742 1299 1783 (ut
1321 1739 1358 1774 in
1382 1741 1462 1774 cod.
1489 1738 1580 1773 1792

124 1796 294 1839 f01.-654,
319 1798 398 1831 cod.
423 1796 516 1830 2055
535 1801 569 1831 et
587 1796 696 1831 Coisl.
722 1796 800 1830 157.
847 1797 989 1830 Eadem
1012 1799 1097 1830 notu
1121 1796 1257 1841 legitur
1280 1795 1391 1829 etiam
1414 1796 1452 1830 in
1475 1795 1577 1830 Lau-

124 1856 215 1887 rent.
237 1853 299 1896 71,
331 1853 378 1887 17
401 1853 461 1897 qui
486 1852 729 1898 paraphrasin
754 1863 776 1886 a
799 1853 995 1898 Spengelio
1020 1852 1155 1886 editam
1179 1852 1314 1893 habet;
1341 1864 1375 1886 v.
1400 1864 1435 1896 p.
1462 1851 1507 1886 17
1531 1851 1577 1886 de

127 1909 298 1944 Laurent.
320 1910 378 1952 71,
397 1910 478 1952 32):
504 1923 558 1955 γρ.
580 1907 700 1953 οἱμὲν
721 1905 778 1943 ὅτι
798 1909 866 1944 τοῦ
883 1906 1069 1953 Ἐφεσίου,
1094 1907 1131 1943 οὶ
1147 1906 1186 1943 δὲ
1204 1908 1274 1943 τοῦ
1303 1909 1460 1943 Ψελλοῦ.
1495 1908 1576 1943 Fol.

124 1965 193 2002 538
215 1966 284 2000 inc.
309 1967 546 2011 paraphrasis
569 1966 674 2010 soph.
702 1966 762 2006 eL,
788 1966 833 1999 de
858 1976 929 2009 qua
952 1965 1108 1999 diximus
1131 1965 1178 1998 ad
1201 1965 1318 1999 Marc.
1342 1965 1436 2009 App.
1459 1965 1518 2008 lv,
1541 1964 1576 1999 8.

216 2023 326 2068 Reg.
363 2021 479 2056 1974
511 2020 694 2057 Ammonii
737 2021 879 2056 scholia
915 2021 1062 2065 quidem
1093 2021 1226 2064 habet,
1266 2021 1331 2055 sed
1367 2021 1509 2056 scholia
1539 2021 1577 2055 in

123 2080 226 2114 Anal.
251 2090 343 2123 quae
370 2079 543 2123 promittit
567 2080 758 2123 catalogus
781 2088 852 2111 non
874 2077 1004 2111 insunt.

214 2137 326 2181 Reg.
350 2135 478 2170 1832.
513 2134 803 2170 Commentarius
825 2133 903 2167 sine
927 2133 1084 2168 auctoris
1107 2133 1252 2167 nomine
1267 2133 1305 2167 in
1323 2134 1428 2177 soph.
1450 2134 1497 2168 el.
1517 2133 1580 2177 qui

124 2192 329 2226 Alexandro
355 2192 463 2225 tribui
487 2193 579 2226 solet
602 2195 640 2226 ut
662 2191 699 2225 in
712 2192 790 2224 cod.
807 2190 910 2232 1946,
934 2201 1154 2234 quamquam
1177 2201 1246 2224 non
1270 2194 1370 2224 recte
1389 2190 1578 2233 (v-Bran-

125 2248 180 2282 dis
203 2249 324 2282 Abhh.
362 2248 427 2282 der
457 2249 556 2282 Berl.
591 2248 705 2282 Akad.
730 2247 831 2281 1833.
880 2246 1083 2291 Hist.-phi1.
1108 2247 1168 2281 ΚΙ-
1192 2258 1228 2291 P.
1252 2245 1322 2280 298
1348 2245 1455 2290 sqq.).
1502 2245 1578 2281 No-

123 2316 208 2338 men
231 2304 308 2338 eius
331 2304 554 2349 adscriptum
576 2304 759 2338 abscisum
783 2308 849 2338 est.
919 2294 924 2298 ³

163 2349 168 2354 ⁸
214 2362 323 2407 Reg.
348 2360 462 2395 1932
495 2361 681 2395 Theodori
711 2359 901 2394 Prodromi
933 2362 968 2394 et
991 2358 1204 2404 Magenteni
1226 2358 1361 2402 scripta
1385 2358 1429 2392 de
1452 2357 1516 2392 lib.
1540 2358 1578 2392 Il

122 2416 227 2451 Anal.
250 2420 342 2461 post.
367 2417 418 2452 ita
441 2417 652 2462 permiscet,
677 2419 716 2450 ut
739 2426 831 2460 quae
855 2417 902 2450 ad
925 2417 1044 2457 hunc,
1069 2426 1162 2459 quae
1186 2416 1232 2449 ad
1255 2415 1360 2450 illum
1382 2414 1576 2450 referenda

123 2473 196 2508 sint
217 2484 288 2507 non
310 2474 458 2518 liqueat.
506 2475 587 2508 Fol.
605 2474 628 2508 5
651 2484 756 2507 verso
779 2472 817 2506 in
839 2484 958 2518 marg.
981 2472 1046 2506 inf.
1072 2473 1141 2507 τοῦ
1161 2472 1350 2517 παρόντος
1371 2469 1397 2515 ἡ
1415 2468 1577 2507 ὄπισθεν

123 2529 272 2575 κειμένη
298 2528 465 2575 ἐξήγησις
486 2525 536 2577 ἦν
558 2531 626 2566 τοῦ
650 2527 911 2574 Μαγεντήυου,
935 2524 956 2573 ἦ
983 2527 1023 2563 δὲ
1046 2529 1220 2574 παροῦσα
1244 2527 1313 2562 τοῦ
1338 2525 1575 2574 Προδρόμου,

124 2584 236 2631 ἐτέθη
260 2585 300 2621 δὲ
323 2586 492 2623 ἐνταῦθα
512 2585 610 2623 κατὰ
633 2583 769 2631 λήθην.
823 2587 863 2622 In
888 2597 1007 2631 marg.
1030 2585 1093 2619 hic
1117 2584 1193 2618 illic
1216 2583 1357 2618 scholia
1382 2588 1576 2619 occurrunt

125 2643 348 2690 Σχολαρίου.

214 2700 327 2746 Reg.
351 2698 476 2734 1943.
523 2700 627 2734 Idem
659 2697 938 2733 commentarius
972 2707 1042 2741 quo
1064 2695 1221 2730 Brandis
1250 2706 1337 2729 usus
1369 2699 1423 2731 est
1448 2708 1469 2730 e
1492 2697 1573 2733 cod.

125 2754 226 2792 1873.
275 2756 406 2792 Omisit
428 2754 584 2790 194h44
608 2753 647 2792 ἐν
679 2753 735 2797 οἷς
755 2775 795 2781 -
814 2753 1023 2801 πληροῦται
1047 2756 1083 2789 et
1104 2751 1258 2788 195b21
1282 2750 1395 2789 πάλιν
1407 2755 1572 2799 σημεῖον.
