1806 3094
686 225 1033 262 PRAEFATlo.
1499 223 1614 257 xxxl

109 347 200 377 non
239 332 547 386 indicavimus,
595 348 651 377 ne
680 331 930 391 legentium
968 328 1303 390 perspicacitati
1340 343 1500 387 parum
1532 328 1614 371 tri-

109 413 258 456 buisse
296 412 564 456 videremur.
643 410 901 455 Fatendum
944 416 1011 453 est
1057 422 1148 452 non
1186 408 1281 451 sine
1322 407 1614 451 incommodo

109 492 309 552 singulos
343 492 466 534 locos
496 491 641 534 nudos
669 491 730 534 ita
762 488 989 532 interdum
1023 489 1146 531 iuxta
1183 487 1316 547 poni,
1361 493 1411 530 ut
1441 486 1612 529 diffici-

109 571 240 614 liores
270 571 358 613 sint
389 570 446 612 ad
475 568 846 629 intelligendum:
892 583 994 610 nam
1035 583 1171 626 quum
1205 565 1387 610 aliunde
1420 565 1615 609 desumti

108 650 218 700 sint,
265 663 399 707 quem
428 663 608 691 sensum
645 647 845 691 habeant
882 646 1106 689 interdum
1145 661 1234 689 non
1269 651 1485 704 apparet,
1531 645 1615 687 nisi

107 728 231 787 prius
265 728 520 786 expositum
555 727 611 770 sit
640 726 870 784 quomodo
901 725 1177 768 cohaereant
1205 732 1250 768 et
1282 740 1383 767 eum
1411 724 1464 767 iis
1498 739 1614 782 quae

107 807 427 850 antecesserint
465 812 511 849 et
551 821 652 849 cum
689 806 740 848 iis
775 820 891 862 quae
924 811 1178 862 sequantur.
1258 803 1397 858 Quod
1431 803 1614 860 quidem

105 885 441 928 incommodum
474 886 510 928 si
540 885 611 928 cui
639 885 818 945 gravius
847 884 1066 934 videatur,
1105 883 1205 926 libri
1232 882 1337 941 ipsi,
1372 881 1494 925 unde
1520 882 1613 925 sin-

107 964 204 1024 guli
238 964 327 1007 loci
363 964 494 1023 petiti
527 970 643 1019 sunt,
692 979 748 1007 ne
782 964 890 1022 quid
922 978 1164 1022 perperam
1193 961 1499 1021 intelligatur,
1541 962 1614 1004 in-

108 1043 330 1101 spiciendi
371 1050 523 1086 erunt:
576 1043 830 1099 ubicunque
862 1050 1011 1085 autem
1051 1042 1208 1100 paucis
1238 1041 1386 1084 verbis
1426 1040 1612 1084 adiectis

106 1136 202 1164 rem
233 1121 450 1180 expedire
491 1121 682 1175 licebat,
732 1122 822 1179 ipsi
853 1136 1092 1179 perversae
1134 1120 1494 1179 interpretationi
1533 1134 1614 1162 oc-

106 1215 282 1243 currere
309 1215 399 1243 non
429 1200 723 1260 negleximus.
794 1199 848 1241 In
874 1199 985 1242 locis
1014 1206 1163 1242 autem
1183 1214 1237 1242 ex
1257 1199 1504 1242 Aristotele
1526 1198 1611 1241 ad-

106 1279 366 1332 scribendis,
412 1279 572 1336 quibus
603 1279 677 1322 vel
707 1278 798 1321 eius
830 1277 1083 1320 doctrinam
1114 1278 1188 1321 vel
1225 1277 1444 1335 loquendi
1483 1292 1613 1320 usum

106 1358 454 1411 illustraremus,
502 1372 593 1400 non
624 1357 707 1400 nisi
740 1358 792 1400 iis
824 1357 948 1400 libris
977 1357 1043 1400 usi
1075 1372 1223 1400 sumus
1254 1371 1366 1414 quos
1399 1355 1458 1399 ad
1484 1356 1614 1399 illum

105 1444 336 1480 auctorem
369 1436 630 1479 referendos
671 1452 767 1480 esse
801 1443 972 1479 certum
1005 1442 1147 1488 esset,
1195 1451 1252 1478 ne
1295 1435 1406 1494 quid
1435 1435 1616 1478 Aristo-

103 1515 184 1558 teli
212 1515 480 1558 tribueretur
507 1514 631 1573 quod
663 1515 719 1558 ab
744 1530 798 1558 eo
818 1515 1186 1574 profectumnon
1217 1520 1345 1558 esset.
1380 1538 1449 1546 —
1517 1515 1613 1558 De—

104 1594 239 1651 nique
272 1593 454 1636 scholiis
485 1610 511 1637 a
531 1594 772 1637 Brandisio
803 1594 1006 1637 collectis
1034 1595 1081 1637 in
1112 1594 1435 1636 commentario
1464 1594 1526 1636 ita
1547 1595 1613 1637 usi

105 1688 275 1727 sumus,
320 1678 367 1715 ut
405 1687 497 1716 non
536 1673 739 1716 refutatis
769 1674 963 1730 iis'quae
994 1673 1050 1715 ab
1079 1672 1401 1732 interpretibus
1435 1673 1611 1732 graecis

105 1767 197 1795 non
228 1757 348 1795 recte
377 1752 619 1810 explanata
655 1767 752 1795 esse
788 1753 934 1811 primo
960 1758 1147 1811 aspectu
1171 1757 1365 1811 pateret,
1411 1751 1499 1794 alia
1533 1766 1613 1795 ex-

106 1831 354 1889 plicatione
381 1845 523 1888 eaque
547 1831 735 1874 meliore
760 1831 999 1889 proposita
1031 1831 1230 1874 contenti
1254 1846 1464 1874 essemus.
1517 1830 1612 1874 Ubi

104 1909 173 1952 illi
204 1923 299 1951 rem
330 1909 495 1951 claram
526 1915 570 1952 et
598 1909 783 1968 planam
812 1909 1186 1968 interpretatione
1211 1924 1289 1952 sua
1312 1909 1612 1952 obscuriorem

104 1987 294 2031 fecerint
325 1984 475 2046 (quod
506 1987 632 2031 haud
662 2002 763 2030 raro
798 1988 976 2039 accidit,
1007 2003 1046 2031 v.
1080 2004 1117 2031 e.
1148 2004 1193 2048 g.
1216 1986 1359 2033 41:14
1382 1984 1491 2046 δᾳ),
1536 1988 1612 2031 vel

104 2067 181 2110 ubi
212 2066 504 2109 Aristotelem
546 2066 603 2109 ad
647 2067 880 2110 arbitrium
918 2068 1145 2127 corrigant
1177 2064 1329 2126 (quod
1361 2082 1402 2109 v.
1435 2082 1471 2109 c.
1503 2066 1614 2109 fecit

103 2144 389 2203 Philoponus
421 2144 480 2187 ad
506 2142 696 2204 35b1)‚
732 2146 806 2189 vel
838 2146 915 2189 ubi
944 2160 1035 2188 non
1062 2153 1155 2188 tam
1187 2146 1441 2189 Aristotelis
1474 2146 1614 2189 verba

107 2224 336 2283 explicent
364 2239 499 2281 quam
532 2239 647 2281 quae
675 2224 764 2283 ipsi
800 2223 858 2267 de
892 2224 1049 2268 eadem
1082 2239 1130 2267 re
1170 2225 1362 2268 sentiant
1403 2225 1610 2283 pluribus

104 2303 250 2346 verbis
296 2308 524 2361 exponant
569 2310 614 2345 et
656 2318 771 2361 quae
818 2303 960 2346 fluant
993 2318 1046 2346 ex
1092 2303 1143 2346 iis
1186 2319 1300 2361 quae
1338 2304 1608 2347 Aristoteles

107 2380 269 2424 dixerit
297 2381 485 2424 verbose
506 2388 846 2440 persequantur,
884 2397 1038 2426 eorum
1065 2397 1180 2440 quae
1203 2382 1532 2441 disputaverint
1563 2383 1610 2426 in

104 2460 426 2503 commentario
467 2467 621 2503 nostro
659 2462 877 2505 rationem
919 2462 1188 2521 plerumque
1225 2476 1315 2504 non
1354 2461 1606 2506 habuimus.

103 2538 232 2591 Quae
277 2539 459 2595 quidem
508 2554 779 2597 quamquam
822 2541 879 2583 ad
921 2540 1215 2583 Aristotelem
1259 2540 1608 2599 intelligendum

103 2617 346 2674 aliquando
381 2617 505 2661 haud
538 2618 728 2661 multum
757 2618 939 2674 faciunt,
982 2626 1132 2662 tamen
1167 2626 1341 2661 tantum
1372 2619 1514 2674 abest,
1559 2627 1609 2663 ut

103 2694 390 2738 Brandisium
429 2697 504 2754 qui
541 2712 595 2740 ea
634 2698 924 2741 exscribenda
953 2698 1174 2740 curaverit
1207 2697 1606 2756 reprehendamus,

104 2780 152 2816 ut
193 2775 359 2833 gratias
396 2776 436 2818 ei
476 2791 660 2835 agamus
699 2792 833 2834 quam
870 2778 1095 2819 maximas.
1175 2778 1380 2835 Namque
1420 2777 1604 2822 scholiis

104 2852 306 2896 collectis
329 2869 419 2897 non
451 2855 596 2898 solum
622 2855 850 2901 Aristoteli
882 2855 1040 2899 melius
1058 2855 1357 2916 intelligendo
1378 2863 1423 2899 et
1447 2872 1604 2901 emen-
