1794 3086
604 182 857 228 Analytica
891 181 1062 227 priora.
1513 182 1590 222 471

141 280 319 330 κωλύει,
356 279 392 321 εἰ
417 282 477 333 τῷ
506 281 549 322 Γ
570 279 748 334 ὑπάρχει
773 281 822 323 τὸ
851 283 889 323 Β
915 277 974 335 μὴ
998 277 1129 323 παντὶ
1157 278 1223 330 δέ,
1249 279 1300 322 τὸ
1327 282 1369 320 Α
1395 277 1506 329 ὅλως
1531 279 1591 334 μὴ

138 343 356 399 ὑπάρχειν.

86 410 233 450 491128
267 411 312 451 Si
349 403 468 463 igitur
504 422 579 462 per
612 416 697 450 tres
724 411 915 451 terminos
942 411 988 450 fit
1015 410 1217 451 conclusio
1244 410 1501 458 universalis,
1540 407 1590 451 τὸ

136 471 335 527 λέγεσθαι
368 472 418 515 τὸ
445 475 488 514 A
526 473 655 522 (κατὰ
681 473 863 520 τούτου)
899 474 1003 516 καθ’
1042 466 1097 516 οὗ
1133 475 1183 517 τὸ
1211 476 1248 516 Β
1285 472 1393 517 κατὰ
1428 474 1590 523 παντός

135 544 312 586 (comma
338 545 431 579 ante
458 538 620 587 παντὸς
646 552 705 580 vs.
730 542 784 579 28
805 540 1018 579 delendum
1047 540 1174 580 fuisse
1199 544 1336 592 patet:
1364 552 1454 579 nam
1481 541 1589 592 quod

134 603 290 644 addidit
323 599 482 651 παντὸς
520 617 599 644 non
627 604 828 654 significat
864 604 1078 643 terminum
1107 605 1149 643 A
1180 604 1232 643 de
1258 604 1339 643 alio
1366 604 1589 656 praedicari

134 668 333 717 universo,
360 668 434 708 sed
461 669 672 708 terminum
701 668 738 707 Β
767 668 990 720 praedicari
1025 669 1077 706 de
1112 668 1297 708 universo
1326 669 1373 708 Γ.
1432 668 1588 709 Confir-

133 737 215 771 mat
240 732 319 772 hoc
345 745 480 772 veram
508 738 682 772 mentem
712 732 936 772 Aristotelis
973 745 996 771 a
1036 732 1151 771 nobis
1179 733 1400 784 expositam
1430 746 1523 773 esse
1547 733 1588 772 in

132 795 182 835 iis
218 809 320 848 quae
354 802 690 849 praecesserunt:
737 809 826 836 nam
866 792 988 848 quum
1026 796 1093 836 hic
1128 797 1266 848 paucis
1297 797 1589 848 complectatur

132 872 326 900 summam
354 875 491 902 eorum
520 874 622 913 quae
648 861 770 901 modo
797 861 1027 912 disputavit,
1056 866 1224 914 apparet
1250 873 1329 901 non
1347 861 1477 902 fuisse
1499 874 1586 901 ser-

133 937 292 964 monem
329 925 381 965 de
416 925 695 968 coniunctione
731 925 893 964 maioris
921 925 1207 978 propositionis
1232 926 1467 966 universalis
1495 938 1586 966 cum

131 989 287 1028 minore
315 991 556 1041 particulari,
586 991 657 1029 sed
686 990 738 1029 de
764 989 917 1028 maiore
944 990 1151 1030 indefinita
1179 1003 1297 1042 quam
1319 1003 1411 1030 cum
1432 991 1587 1030 minore

130 1052 195 1092 vel
222 1054 434 1093 universali
459 1055 521 1093 vel
551 1055 782 1106 particulari
805 1054 855 1093 ad
879 1054 1155 1106 syllogismum
1174 1054 1404 1094 faciendum
1422 1055 1586 1095 coniun-

129 1122 235 1156 ctam
269 1123 411 1169 putare
448 1119 576 1170 possit
603 1119 671 1170 qui
700 1131 778 1158 non
805 1124 919 1158 recte
945 1119 1142 1171 intelligat
1167 1115 1216 1159 τὸ
1241 1116 1442 1172 λέγεσθαι
1466 1116 1516 1160 τὸ
1543 1120 1586 1159 Λ

130 1181 233 1222 καθ’
261 1173 316 1222 οὗ
342 1180 391 1222 τὸ
419 1182 457 1222 Β
484 1180 593 1224 κατὰ
618 1182 801 1230 arumde:
830 1196 906 1234 qua
926 1183 1086 1234 quidem
1105 1183 1294 1234 loquendi
1315 1183 1488 1224 formula
1505 1184 1584 1223 uti-

129 1251 196 1286 tur
222 1260 259 1288 e.
287 1260 327 1298 g.
355 1247 554 1297 511141),
591 1248 794 1300 significat
820 1248 1032 1286 terminum
1051 1247 1094 1287 A
1122 1248 1346 1300 praedicari
1374 1248 1427 1288 de
1454 1248 1583 1288 omni-

130 1310 206 1350 bus
244 1324 346 1363 quae
380 1313 655 1352 contineantur
681 1313 851 1352 termino
881 1312 941 1352 B:
980 1325 1106 1364 quare
1133 1313 1185 1351 de
1212 1325 1290 1364 quo
1319 1312 1356 1352 B
1383 1313 1583 1363 universo,

130 1374 182 1414 de
210 1388 259 1414 eo
290 1376 473 1416 universo
501 1377 623 1416 etiam
650 1378 693 1416 A
720 1377 1000 1429 praedicatur,
1039 1377 1091 1416 de
1119 1389 1199 1428 quo
1226 1382 1358 1417 autem
1385 1390 1465 1417 non
1492 1377 1583 1417 uni-

129 1451 247 1479 verso
275 1440 324 1486 Β,
353 1440 404 1480 de
433 1453 482 1480 eo
511 1442 696 1482 universo
723 1441 843 1480 etiam
872 1443 1082 1481 terminum
1111 1443 1153 1481 A
1179 1442 1416 1493 praedicari,
1444 1454 1582 1493 quam-

129 1516 248 1555 quam
275 1505 484 1555 aliquando
512 1518 652 1544 verum
679 1509 762 1552 est,
792 1512 902 1545 certe
929 1519 1005 1545 non
1033 1506 1308 1546 concluditur:
1334 1519 1507 1557 namque
1532 1505 1582 1546 τὸ

127 1565 326 1620 λέγεσθαι
352 1567 402 1609 τὸ
429 1570 471 1608 A
496 1570 600 1609 καθ’
628 1560 682 1609 οὗ
708 1564 757 1609 τὸ
786 1570 824 1609 Β
850 1567 959 1610 κατὰ
985 1569 1146 1618 παντός
1183 1571 1287 1609 hanc
1326 1570 1405 1608 vim
1444 1570 1580 1619 habet,

127 1637 172 1672 ut
198 1633 396 1682 significet
413 1634 579 1673 eandem
601 1646 693 1672 esse
713 1634 968 1685 praedicandi
986 1636 1182 1674 rationem
1197 1634 1360 1673 termini
1379 1635 1421 1673 A
1438 1639 1479 1673 et
1500 1638 1580 1674 ter-

127 1697 224 1736 mini
245 1697 294 1736 B.
351 1697 627 1748 Explicatione
653 1698 798 1749 igitur,
838 1710 955 1748 quam
984 1700 1062 1738 hoc
1090 1700 1220 1751 capite
1248 1699 1361 1737 dedit
1380 1699 1580 1739 Aristote-

128 1761 202 1810 les,
231 1773 334 1812 opus
356 1766 456 1807 erat,
484 1762 575 1812 quia
600 1763 722 1800 verba
746 1759 796 1801 τὸ
822 1761 925 1801 καθ’
954 1754 1008 1802 οὗ
1032 1760 1081 1802 τὸ
1101 1763 1139 1802 Β
1161 1757 1322 1808 παντὸς
1339 1760 1389 1802 τὸ
1407 1764 1449 1802 Α
1468 1760 1580 1815 λέγε-

128 1826 234 1865 σθαι
252 1825 436 1876 ambigua
456 1830 568 1873 sunt3
588 1825 784 1864 incertum
807 1826 914 1865 enim
938 1832 1075 1866 manet
1087 1831 1220 1866 utrum
1239 1825 1400 1874 παντὸς
1417 1829 1580 1868 coniun-

128 1890 301 1942 gendum
317 1889 370 1928 sit
383 1901 471 1927 cum
488 1888 538 1927 iis
558 1902 660 1941 quae
679 1890 975 1942 praecesserint
995 1903 1043 1930 an
1057 1904 1146 1929 cum
1164 1892 1212 1929 iis
1226 1904 1328 1942 quae
1344 1897 1578 1942 sequantur.

73 1955 225 1993 491134
254 1951 343 1992 ἀλλ’
373 1949 513 2003 ὥσπερ
539 1982 548 1990 .
574 1983 586 1995 .
612 1981 648 2002 .,
677 1954 718 1994 h.
744 1967 780 1995 e.
810 1952 916 1994 ἀλλὰ
942 1954 1145 2007 χρώμεθα
1171 1958 1225 2007 τῇ
1252 1955 1340 1995 τῶν
1368 1953 1485 2008 ὅρων
1510 1953 1578 1997 έκ-

125 2014 244 2059 θέσει
271 2016 344 2058 καὶ
369 2021 428 2070 τῷ
454 2016 551 2058 τόδε
577 2030 618 2057 τι
639 2013 769 2069 εἶναι,
798 2015 938 2070 ὥσπερ
961 2049 972 2060 .
996 2047 1006 2056 .
1026 2049 1035 2058 .
1084 2020 1163 2059 Per
1191 2020 1373 2071 exempla
1400 2033 1478 2060 non
1505 2021 1576 2061 de-

123 2088 391 2123 monstramus
419 2083 525 2135 quod
553 2085 798 2135 probandum
827 2090 904 2133 est,
932 2084 1004 2124 sed
1032 2089 1314 2123 monstramus.

74 2148 225 2187 49b36
265 2147 404 2186 Invitis
438 2148 643 2186 codicibus
681 2148 842 2198 optimis
881 2149 1081 2199 vulgarem
1120 2149 1332 2188 lectionem
1370 2147 1460 2189 ἀλλ’
1497 2148 1576 2202 οὐχ

128 2208 267 2258 οὕτως
286 2211 540 2261 servavimus,
560 2224 661 2262 quae
685 2216 726 2250 et
746 2213 794 2251 ab
814 2212 903 2264 ipso
919 2213 1136 2252 Aristotele
1153 2213 1412 2253 confirmatur
1425 2215 1576 2254 76b39

128 2274 223 2316 οὐδ’
261 2272 286 2315 ὁ
322 2272 560 2327 γεωμέτρης
595 2274 737 2328 ψευδῆ
775 2274 1047 2322 ὑποτίθεται,
1086 2273 1227 2328 ὥσπερ
1253 2273 1364 2324 τινὲς
1391 2276 1573 2329 ἔφασαν,

127 2339 320 2391 λέγοντες
355 2338 413 2387 ὠς
446 2339 500 2380 οὐ
539 2339 604 2380 δεῖ
636 2340 695 2394 τῷ
732 2339 880 2386 ψεύδει
906 2343 1115 2394 χρῆσθαι,
1153 2341 1231 2381 τὸν
1258 2338 1304 2382 δὲ
1331 2340 1575 2396 γεωμέτρην

126 2404 364 2453 ψεύδεσθαι
400 2403 580 2457 λέγοντα
623 2403 826 2445 ποδιαίαν
872 2404 952 2458 τὴν
999 2405 1053 2446 οὐ
1089 2405 1295 2446 ποδιαίαν
1332 2405 1359 2459 ἢ
1399 2406 1574 2448 εὐθεῖαν

126 2468 207 2524 τὴν
233 2467 528 2522 γεγραμμένην
557 2468 637 2510 οὐκ
666 2469 839 2510 εὐθεῖαν
868 2466 1017 2512 οὖσαν.
1065 2469 1090 2511 ὁ
1118 2469 1164 2511 δὲ
1189 2469 1428 2524 γεωμέτρης
1443 2470 1573 2514 οὐδὲν

127 2534 455 2587 συμπεραίνεται
480 2538 539 2587 τῷ
565 2533 691 2588 τήνδε
717 2530 827 2575 εἶναι
853 2535 1067 2588 γραμμήν,
1095 2536 1151 2589 ἢν
1179 2534 1308 2584 αὐτὸς
1327 2535 1572 2590 ἔφθεγκται,

127 2598 233 2641 ἀλλὰ
266 2598 318 2640 τὰ
357 2598 428 2640 διὰ
453 2599 621 2640 τούτων
657 2598 900 2652 δηλούμενα
939 2600 1012 2647 (cf.
1042 2603 1240 2639 1078a20
1266 2600 1361 2642 οὐδ’
1391 2625 1440 2631 —-
1466 2603 1506 2643 h.
1534 2617 1571 2644 e.

128 2663 230 2706 οὐδὲ
254 2663 455 2714 ψεύδεται
480 2688 533 2695 -
568 2662 673 2704 ὅταν
707 2661 755 2705 ἐν
790 2668 844 2717 τῇ
882 2668 939 2717 γῇ
977 2663 1123 2717 γράφῃ
1159 2662 1233 2704 καὶ
1266 2663 1346 2719 τὴν
1370 2665 1573 2708 ποδιαίαν

127 2732 192 2782 ’φῇ
218 2727 276 2782 μὴ
302 2728 532 2771 ποδιαίαν·
570 2727 623 2769 οὐ
662 2726 745 2781 γὰρ
782 2726 830 2769 ἐν
855 2731 948 2777 ταῖς
974 2729 1204 2781 προτάσεσι
1229 2728 1278 2771 τὸ
1304 2730 1501 2783 ψεῦδος),
1529 2736 1571 2772 et

128 2793 179 2834 ab
205 2794 428 2836 Alexandro
454 2794 546 2845 (fol.
575 2795 684 2834 l56a
712 2793 775 2834 ed.
804 2793 904 2834 lunt.
934 2795 1063 2844 15213
1105 2794 1274 2836 eandem
1308 2796 1428 2837 etiam
1456 2797 1570 2838 exhi-
