1760 3112
261 175 314 213 44
699 174 960 220 Scholia-iu
984 175 1153 221 Analyt
1187 156 1279 220 pr.-

264 272 343 310 τοῖς
361 270 581 315 φιλοσόφοις
598 270 695 306 ἐστὶν
720 268 872 315 ἐρωτικὴ
898 271 989 316 (leg.
1009 267 1278 316 ἐρωτηματικὴ)
1303 267 1487 314 ἀνάλυσις,
1507 266 1534 318 ᾖ
1550 271 1676 318 κέχρη-

264 337 327 359 ται
357 324 396 360 ἐν
423 326 475 372 τῷ
501 326 699 370 Συμποσίῳ
729 323 802 359 ἀπὸ
832 326 900 360 τοῦ
919 324 957 360 ἐν
974 330 1052 366 τοῖς
1076 327 1269 370 αἰσθητοῖς
1292 324 1447 367 κάλλους
1471 325 1678 373 ἀνατρέχων

263 379 323 416 ἐπὶ
341 379 384 415 τὸ
409 379 542 424 νοητὸν
559 378 687 420 κάλλος
711 406 719 414 .
733 403 762 415 ..
785 379 861 415 ἔστι
883 379 924 415 δὲ
948 381 1012 416 καὶ
1035 380 1255 427 γεωμετρικὴ
1272 380 1456 425 ἀνάλυσις,
1475 380 1558 427 η’παῑ
1578 383 1677 427 (fort.

263 430 289 479 ἦ
304 437 394 479 που)
420 433 461 471 τὸ
481 435 654 482 δεύτερον
676 435 749 470 ταῖν
771 435 974 471 Εὐκλείδου
990 435 1189 471 ἀναλύεται
1206 433 1305 479 ὅλον,
1323 432 1387 472 miz
1407 437 1476 481 τὴν
1496 436 1677 480 τοιαύτην

263 489 439 526 ἀνάλυσιν
463 490 482 526 ὁ
500 493 655 535 Γεμῖνος
682 488 891 536 ὁριζόμενός
914 502 1043 535 φησιν·
1066 491 1238 532 ἀνάλυσίς
1264 491 1362 527 ἐστιν
1379 488 1599 535 ἀποδείξεως
1616 489 1680 527 εύ-

262 555 379 591 ρεσις·
413 543 487 581 ἀπὸ
506 545 575 591 γὰρ
601 546 670 581 τοῦ
693 544 996 591 συμπεράσματος
1018 540 1185 592 ’ἔρχονται
1207 547 1243 582 οὶ
1272 546 1503 592 ἀναλύοντες,
1527 548 1590 583 καὶ
1614 546 1679 582 ἐὰν

263 597 418 649 εὕρωσιν
442 601 622 635 ἀναλῦσαι
640 597 805 646 εὐχερῶς,
829 598 853 635 ἃ
876 597 1096 643 ἀναλύοντες
1121 602 1295 649 εύρήκασι
1315 603 1509 644 συνθέντες
1524 603 1680 638 ποιοῦν-

261 669 324 690 ται
347 655 416 699 τὴν
432 651 635 698 ἀπόδειξιν.
676 653 766 690 α’)’στε
784 657 901 696 καλῶς
926 656 1082 702 ὠρίσατο
1103 658 1178 702 τὴν,
1188 655 1362 693 ἀνάλυσιν
1380 652 1600 701 ἀποδείξεως
1619 654 1679 692 εὕ-

262 721 359 755 ρεσιν
384 708 490 745 εἶναι.
537 710 611 746 ἔστι
635 710 674 746 δὲ
703 711 764 746 καὶ
790 710 891 758 παρὰ
916 714 994 752 τοῖς
1026 711 1263 759 ἀστρονόμοις
1295 712 1467 755 σύνθεσις
1492 713 1555 749 καὶ
1585 710 1679 748 ἀνά-

263 768 372 806 λυσις.
419 767 583 800 Ammon.

351 819 474 861 οὐδεὶς
479 820 561 887 τπρὸ
579 821 648 855 τοῦ
662 818 924 866 Ἀριστοτέλους
937 822 1176 868 παραδέδωκε
1191 823 1259 868 τὴν
1274 823 1545 911 συλλογιστικὴν
1563 822 1679 868 μέθο-
1726 825 1728 827 ’

261 878 328 912 δον
349 873 436 910 οὐδὲ
454 870 535 921 εὗρε
554 874 601 911 τὰ
620 877 703 927 τρία
724 875 900 920 σχήματα.
947 877 998 923 Id.
1676 886 1678 888 ·

350 932 416 975 τῆς
440 932 667 974 διαλεκτικῆς
690 930 858 977 τέσσαρές
878 931 954 965 εἰσι
970 920 1129 975 μέθοδοι
1148 930 1321 976 δυνάμεις
1345 927 1460 968 ουσαι-
1480 934 1542 969 καὶ
1566 932 1680 969 οὶονει

260 984 496 1032 βλαστήματα
518 985 645 1029 αὐτῆς,
670 982 871 1030 διαιρετικὴ
891 984 1055 1031 ὁριστικὴ
1075 982 1312 1032 ἀποδεικτικὴ
1337 987 1560 1033 ἀναλυτική·
1593 988 1681 1024 ταύ-

260 1053 342 1081 ταις
357 1043 439 1080 ταῒς
455 1040 552 1086 τρισὶ
573 1038 749 1084 μεθόδοις
773 1036 974 1075 ἀντίκειται
997 1037 1020 1086 ἡ
1041 1038 1252 1087 ἀναλυτική.
1300 1045 1454 1088 εἴδωμεν
1470 1044 1510 1080 δὲ
1529 1042 1681 1088 ἑκάστης

261 1097 331 1140 τὴν
351 1093 522 1140 δύναμιν,
547 1095 607 1130 ἵνα
622 1094 803 1139 μάθωμεν
825 1096 906 1136 πῶς
923 1095 1125 1140 ἀντίκειται
1145 1096 1277 1138 αύταῖς
1300 1123 1308 1132 .
1321 1124 1328 1132 .
1342 1123 1350 1131 .
1376 1099 1528 1140 ταύταις
1548 1099 1588 1134 δὲ
1603 1098 1699 1134 πά-·

261 1162 342 1191 σαις
363 1150 534 1197 κέχρηται
561 1153 642 1201 ταῖς
667 1150 847 1195 μεθόδοις
873 1150 892 1186 ὁ
919 1153 1023 1192 θεῖος
1043 1151 1199 1187 Πλάτων
1227 1145 1413 1199 πολλαχοῦ
1440 1155 1502 1189 καὶ
1531 1151 1684 1199 ἀνυμνεῖ

261 1206 378 1246 αὐτὰς
404 1205 443 1241 έν
471 1203 691 1251 διαφόροις,
720 1202 767 1245 ὥς
793 1204 832 1243 ἐν
859 1207 911 1252 τῷ
931 1207 1077 1253 Φαίδρῳ
1097 1205 1167 1251 τὴν
1183 1208 1412 1254 διαλεκτικὴν
1427 1211 1527 1254 (fort,
1547 1211 1681 1256 διαιρε-

260 1261 385 1306 τικὴν)
402 1260 465 1296 καὶ
482 1260 551 1304 τὴν
572 1259 768 1306 ὁριστικήν,
794 1259 831 1295 ἐν
849 1264 900 1307 τῷ
921 1261 1063 1309 Φιλήβῳ
1082 1261 1150 1306 τὴν
1168 1260 1400 1308 ἀναλυτικήν.
1445 1260 1498 1299 sd.
1650 1309 1654 1313 .

352 1317 388 1351 oz
405 1316 564 1351 Στωϊκοὶ
588 1315 656 1360 τὴν
683 1313 832 1360 λογικὴν
853 1313 899 1351 ου’
920 1316 1035 1360 μόνον
1055 1315 1211 1363 ὄργανον
1231 1318 1299 1353 οὐκ
1327 1317 1471 1362 ἀξιοῦσι
1489 1322 1683 1356 καλεῖσθαι

260 1373 503 1417 φιλοσοφίας,
534 1368 609 1406 ἀλλ’
633 1368 719 1406 ου’δὲ
744 1371 874 1417 μόριον
896 1371 938 1406 τὸ
971 1371 1103 1416 τυχόν,
1139 1371 1230 1408 ἀλλὰ
1254 1372 1380 1419 μέρος,
1412 1376 1476 1410 καί
1498 1388 1593 1416 τινες
1609 1378 1682 1412 τῶν

260 1428 509 1462 Πλατωνικῶν
533 1425 671 1470 ταύτης
695 1426 858 1470 ἐγένοντο
880 1428 947 1471 τῆς
969 1427 1097 1472 δόξης,
1133 1425 1191 1466 ὅτι
1219 1429 1312 1463 κατὰ
1331 1428 1513 1465 Πλάτωνα
1530 1428 1597 1466 ούκ
1614 1429 1680 1477 ὅρ-

259 1495 373 1527 γανον
394 1480 414 1526 ἡ
436 1481 579 1526 λογικιὲ,
606 1481 697 1516 ἀλλὰ
716 1481 823 1527 μέρος
847 1481 909 1516 καὶ
927 1482 1147 1526 τιμιώτατον
1167 1483 1274 1529 μέρος
1290 1484 1363 1520 ἐστὶ
1384 1488 1605 1531 φιλοσοφίας
1629 1511 1680 1523 ...

259 1538 322 1573 καὶ
349 1537 604 1583 παραφέρουσι
631 1536 678 1571 τὰ
704 1536 742 1571 ἐν
765 1537 910 1583 Φαίδρῳ
935 1536 1097 1583 ῥηθέντα
1113 1539 1195 1584 περὶ
1215 1540 1281 1584 τῆς
1308 1541 1545 1586 διαλεκτικῆς,
1569 1540 1607 1577 έν
1627 1541 1682 1583 οἷς

259 1591 417 1637 ἀνυμνεῖ
432 1590 562 1636 αυτήν,
587 1591 648 1627 καὶ
672 1591 719 1626 τὰ
747 1591 785 1627 ἐν
813 1589 935 1633 αλλοις
962 1606 1010 1633 ως
1036 1591 1246 1637 ἀνοίγουσαν
1268 1593 1336 1635 τὰς
1362 1595 1484 1640 ψυχὰς
1510 1610 1593 1643 αχρι
1613 1598 1682 1633 τοῦ

260 1648 409 1692 ἀγαθοῦ
428 1647 491 1683 καὶ
506 1648 572 1692 τῆς
588 1646 753 1691 γνώσεως
770 1661 844 1683 των
857 1648 1080 1694 πραγμάτων
1100 1650 1234 1688 αἰτίαν.
1273 1649 1380 1694 ημεῒς
1397 1653 1437 1687 δέ
1451 1665 1572 1701 φαμεν
1589 1651 1682 1698 πρὸς

259 1703 433 1746 τούτους,
458 1700 517 1738 ὅτι
539 1702 628 1738 ἔστω
645 1701 752 1748 μέρος
773 1700 890 1746 αὐτὴν
906 1701 1021 1745 εἶναι,
1047 1701 1091 1739 ου’
1113 1705 1239 1749 μέντοι
1264 1706 1424 1742 δύναται
1449 1706 1543 1743 εἶναι
1566 1707 1607 1744 τὰ
1627 1722 1681 1744 τι-

260 1758 448 1804 μιώτατον
474 1782 482 1791 .
495 1781 520 1792 ..
545 1755 635 1792 ἀλλὰ
655 1770 729 1792 των
744 1755 900 1792 αλλων“’
879 1771 986 1793 ενεκα
1006 1760 1129 1804 μερῶν
1152 1759 1359 1806 ευρημένον.
1405 1763 1457 1796 ld.

349 1811 435 1848 ἄλλο
467 1812 565 1848 ἐστὶν
589 1812 612 1857 ἦ
645 1813 891 1857 συλλογιστική
920 1816 1151 1859 πραγματεία
1185 1815 1248 1850 καὶ
1273 1814 1358 1852 ἄλλο
1393 1816 1520 1864 λογική
1546 1843 1592 1854 ...
1615 1819 1683 1864 τῆς

259 1869 406 1913 λογικῆς
423 1865 465 1902 τὰ
482 1866 548 1912 μέν
565 1866 638 1902 ἐστι
656 1866 934 1911 συλλογιστικόν,
960 1868 1001 1903 τὰ
1023 1869 1056 1903 δ’
1075 1867 1352 1914 ἀσυλλόγιστον,
1375 1873 1446 1907 τοῦ
1463 1876 1682 1917 συλλογιστιέ

258 1924 327 1959 κοῦ
352 1923 395 1958 τὸ
423 1922 488 1966 μὲν
509 1921 784 1964 ἀποδεικτικόν,
807 1922 849 1957 τὰ
879 1921 919 1958 δε
946 1923 1192 1966 διαλεκτικόν,
1216 1924 1255 1960 τὰ
1282 1925 1322 1960 δε
1349 1926 1579 1972 σοφιστικόν·
1612 1931 1682 1965 τοῦ

258 1977 519 2021 ἀσυλλογίστου
547 1977 589 2011 τὸ
617 1990 682 2021 μεν
708 1975 897 2022 ἔμμετρον,
930 1975 972 2012 τὸ
994 1975 1026 2012 δ’
1044 1991 1218 2024 αμετρον,
1254 1980 1430 2027 ἔμμετρον
1445 1996 1512 2026 μεν
1529 1982 1570 2019 τό
1597 1985 1681 2031 περὶ

260 2033 468 2078 ποιητικῆς,
492 2031 650 2078 ἄμετρον
667 2030 705 2066 δε
721 2031 763 2077 τὸ
780 2032 868 2078 περὶ,
882 2045 957 2067 των
971 2034 1171 2079 ῥητορικῶν
1191 2035 1335 2079 τεχνῶν.
1381 2038 1432 2071 ld.

164 2100 209 2133 24
227 2110 246 2132 a
350 2087 416 2122 τὸν
451 2084 588 2121 σκοπὸν
620 2085 788 2122 ἐνταῦθα
817 2092 1122 2133 προσαναφωνεῖ·
1163 2091 1272 2125 εἴωθε
1303 2091 1343 2125 δὲ
1369 2091 1543 2133 πολλάκις
1569 2093 1681 2128 τοῦτο

202 2143 244 2177 10
261 2146 391 2179 ποιεῖν.
437 2143 549 2177 τοῦτο
586 2140 731 2186 ἐποίησε
761 2142 822 2177 καὶ
852 2142 891 2178 ἐν
913 2147 991 2183 τοῖς
1026 2142 1164 2184 Τόποις
1263 2144 1404 2191 τούτων
1432 2147 1505 2181 τῶν
1532 2144 1682 2193 βιβλίων

261 2197 281 2232 ὁ
308 2198 374 2243 μὲν
394 2196 574 2244 προσεχὴς
601 2197 737 2238 σκοπός
761 2197 835 2242 ἐστι
859 2198 942 2245 περὶ
966 2202 1211 2245 συλλογισμῶν
1239 2202 1373 2245 εἰπεῖν,
1395 2201 1415 2237 ὁ
1439 2202 1480 2237 δὲ
1503 2200 1680 2250 ἀπωτέρω

259 2253 343 2301 περὶ
359 2252 632 2305 ἀποδεικτικοῦ.
684 2254 735 2287 Id.

165 2320 210 2354 24
225 2330 244 2351 a
349 2306 438 2344 καθ’
461 2306 595 2343 ἑαυτὸν
605 2306 671 2358 μὲν
689 2307 709 2343 ὁ
731 2305 986 2352 ἀποφαντικὸς
1011 2310 1118 2354 λόγος
1138 2309 1204 2345 ούκ
1231 2309 1305 2346 ἔστι
1324 2312 1519 2358 πρότασις,
1542 2311 1625 2348 τότε
1639 2312 1680 2348 δὲ

202 2365 243 2396 12
260 2365 399 2408 γίνεται
417 2362 607 2409 πρότασις,
632 2360 723 2398 ὅταν
740 2364 850 2410 μέρος
867 2367 1105 2409 συλλογισμοῦ
1119 2365 1277 2409 γένηται,
1322 2367 1377 2400 Id.

167 2430 244 2463 24a
347 2420 399 2466 τῷ
421 2417 518 2453 κατά
546 2415 723 2453 ἀνάλυσιν
757 2417 883 2465 τρόπῳ
918 2421 1156 2461 διδασκαλίας
1181 2421 1397 2487 κεχρημένος
1416 2423 1571 2464 οἰκείως
1603 2425 1680 2464 τοῖς

202 2474 243 2506 16
260 2473 533 2520 προκειμένοις·
558 2473 650 2516 λέγει
668 2473 736 2518 γὰρ
751 2476 791 2518 (b
811 2476 870 2518 16)
893 2472 1010 2520 ,,ο’ρον
1025 2476 1064 2510 δὲ
1080 2477 1178 2511 καλῶ
1196 2473 1278 2517 εἰς’
1267 2474 1310 2512 ὀν
1333 2475 1523 2512 διαλύεται
1541 2493 1563 2522 η
1583 2477 1680 2525 πρό-

236 2540 373 2594 young.
378 2529 399 2545 ’'
421 2527 562 2574 ἀνάγκη
586 2525 673 2573 [ότι]
691 2527 786 2573 ἡμᾶς
800 2542 1019 2575 προγνωναι,
1039 2532 1077 2566 τί
1092 2530 1175 2567 ποτ’
1192 2530 1266 2573 ἐστὶ
1279 2532 1471 2577 πρότασις,
1496 2534 1531 2568 εἰ
1541 2532 1678 2578 μέλλοι-

260 2596 327 2629 μεν
342 2582 405 2619 ἀπ’
422 2582 537 2628 αὐτῆς
554 2583 620 2619 τὸν
639 2582 728 2630 όρον
745 2584 964 2629 γνώσεσθαι,
982 2584 1038 2621 διὰ
1061 2584 1134 2622 ἀπὸ
1146 2587 1212 2632 τῆς
1230 2587 1440 2632 προτάσεως
1451 2586 1599 2634 ἤρξατο.
1622 2590 1676 2623 ld.

167 2652 212 2685 24
226 2663 245 2684 a
351 2637 507 2678 καλῶς
488 2652 507 2674 ο
526 2635 752 2686 Ἀλέξανδρος
769 2640 1018 2686 ἐπεσημήνατο
1028 2641 1118 2687 μήτε
1130 2639 1218 2688 ὅρον
1236 2641 1406 2678 εἷναιτὸν
1420 2640 1676 2680 ἀποδοθέντα·

204 2694 304 2731 wat
326 2693 398 2741 γὰρ
423 2694 602 2745 διαφοραὶ
628 2694 688 2731 ἐπὶ
715 2695 824 2732 πλέον
847 2696 1042 2743 βούλονται
1061 2698 1130 2734 τοῦ
1147 2696 1295 2744 ὁριστοῦ
1310 2695 1489 2746 ύπάρχειν
1506 2698 1569 2735 καὶ
1583 2697 1678 2735 κατὰ
