1734 3100
172 234 251 272 486
689 236 935 281 Anulytlca
970 235 1140 279 priora.

225 341 292 368 sus
318 332 507 383 postulat,
537 336 580 371 ut
606 331 829 370 omittatur:
857 331 1001 371 etenim
1029 332 1240 372 notandum
1268 338 1330 372 est
1355 333 1395 372 in
1416 334 1656 384 propositio-

226 391 339 432 nibus
366 394 666 445 particularibus
692 405 768 432 non
795 395 899 432 idem
927 407 1017 434 esse
1043 394 1255 434 discrimen
1283 401 1400 446 atque
1425 396 1465 433 in
1493 397 1657 434 univer-

226 455 383 504 salibus,
413 457 503 506 quia
528 456 745 506 propositio
772 457 1017 501 universalis,
1054 458 1087 495 si
1114 456 1213 495 falsa
1241 462 1318 505 est,
1346 463 1413 496 aut
1440 470 1534 495 vero
1562 470 1656 496 con-

226 518 347 557 traria
375 522 437 557 est
464 516 560 569 (ὅλη
587 517 766 570 ψευδής)
795 523 862 558 aut
888 531 938 557 ex
962 523 1076 570 parte
1103 519 1202 558 falsa
1228 516 1315 567 (ἐπί
1340 533 1380 559 τι
1406 518 1577 571 ψευδής,
1605 521 1657 558 de

229 591 306 629 qua
343 592 379 621 v.
409 593 509 631 quae
545 582 710 620 diximus
748 581 797 620 ad
825 582 980 631 5401),
1018 582 1258 633 particularis
1297 595 1389 622 vero
1426 583 1657 632 simpliciter

225 646 293 680 aut
318 654 410 681 vera
438 648 501 682 est
529 649 596 683 aut
622 644 742 682 falsa:
778 656 864 682 nam
895 657 1012 694 quum
1040 656 1117 683 non
1144 645 1260 683 detur
1286 645 1504 696 propositio
1531 645 1655 696 parti-

228 703 351 743 culari
388 707 581 745 contraria
626 707 940 754 (subcontrariae
976 707 1079 744 enim
1116 707 1232 746 simul
1270 720 1387 746 verae
1428 719 1518 746 esse
1564 719 1658 757 pos-

229 768 362 815 sunt),
400 769 435 807 si
471 769 639 807 sumitur
674 768 893 820 propositio
931 768 1154 818 particulari
1194 770 1398 820 opposita,
1439 782 1488 807 ea
1521 768 1660 818 utique

229 830 332 867 sumi
359 830 480 870 debet
517 844 616 881 quae
653 830 883 882 particulari
909 834 1119 880 repugnat:
1161 831 1198 868 in
1238 831 1377 880 quibus
1414 832 1530 881 igitur
1568 842 1659 880 pro-

229 891 488 941 positionibus
527 893 577 931 de
613 906 691 931 una
718 898 831 943 parte
858 891 1048 938 affirmari
1084 892 1204 930 debet
1232 892 1335 941 quod
1362 894 1413 931 de
1440 892 1563 931 altera
1590 904 1660 930 ne-

229 953 398 1002 gandum
427 959 503 1001 est,
539 956 578 994 in
606 967 673 993 eas
701 967 777 993 non
804 955 910 992 cadit
936 953 1147 992 discrimen
1175 954 1280 1004 quod
1307 955 1347 993 in
1373 954 1660 995 universalibus

226 1014 358 1054 locum
396 1017 570 1055 habebat
607 1018 682 1069 τῆς
716 1015 816 1066 ὅλης
854 1014 1044 1063 ψευδοῦς
1077 1017 1317 1067 προτάσεως
1353 1023 1393 1056 et
1428 1018 1502 1069 τῆς
1529 1013 1595 1055 ἐπί
1620 1029 1661 1055 τι

230 1076 434 1125 ψευδοῦς.
502 1079 613 1128 Quae
640 1092 760 1130 quum
787 1080 840 1117 ita
869 1080 959 1128 sint,
996 1080 1029 1118 si
1055 1081 1273 1131 propositio
1300 1080 1542 1131 particularis
1569 1092 1660 1118 vera

230 1143 307 1187 est,
344 1144 388 1179 ut
414 1141 639 1192 proferatur
673 1142 893 1193 propositio
927 1142 1029 1180 falsa
1054 1145 1176 1192 (quae
1202 1155 1359 1194 semper
1385 1142 1461 1180 erit
1487 1142 1585 1180 falsa
1611 1153 1661 1180 ex

230 1206 343 1252 parte
370 1207 556 1252 tantum),
595 1204 826 1242 universali·
864 1205 965 1243 sumi
993 1204 1157 1243 debebit
1185 1217 1284 1255 quae
1311 1210 1440 1243 utrum
1467 1208 1588 1254 neget
1612 1216 1661 1242 an

230 1264 405 1305 affirmet
430 1279 507 1305 non
532 1267 679 1305 refert:
717 1279 806 1304 nam
834 1271 962 1304 utram
990 1267 1199 1312 sumseris,
1226 1267 1327 1305 falsa
1354 1267 1431 1304 erit
1458 1278 1507 1304 ex
1532 1270 1661 1317 parte.

230 1325 330 1365 Item
359 1328 394 1365 si
429 1329 652 1378 propositio
689 1328 922 1366 universalis
949 1341 1044 1367 vera
1071 1334 1146 1378 est,
1183 1333 1229 1367 ut
1254 1329 1482 1379 proferatur
1515 1339 1662 1379 propo-

231 1389 323 1428 sitio
351 1402 400 1429 ex
426 1395 539 1442 parte
567 1390 680 1438 falsa,
719 1403 795 1428 non
833 1389 960 1428 refert
996 1395 1126 1428 utrum
1163 1403 1294 1429 sumas
1322 1390 1583 1430 affirmantem
1611 1389 1662 1427 de

232 1456 344 1502 parte
380 1466 429 1491 an
466 1457 694 1504 negantem:
741 1464 828 1490 nam
869 1452 1095 1490 utramlibet
1131 1453 1321 1491 sumseris
1357 1464 1433 1490 non
1471 1452 1520 1489 ab
1559 1451 1664 1490 omni

231 1518 346 1565 parte
374 1527 511 1553 verum
540 1515 616 1552 erit
644 1515 748 1564 quod
776 1514 890 1562 dicis,
919 1515 990 1551 sed
1017 1526 1067 1552 ex
1092 1519 1208 1564 parte
1225 1514 1381 1553 falsum.
1430 1513 1541 1551 Haec
1561 1514 1662 1551 bene

231 1577 400 1615 tenenda
428 1581 518 1614 sunt
548 1581 589 1614 et
615 1576 679 1613 hic
707 1579 748 1613 et
774 1575 813 1613 in
842 1575 1111 1624 sequentibus,
1140 1581 1185 1613 ut
1209 1587 1300 1613 vera
1327 1586 1438 1613 mens
1466 1576 1662 1613 Aristote-

233 1638 282 1676 lis
304 1639 582 1689 perspiciatur.

180 1702 323 1739 55a14
342 1705 383 1739 et
405 1702 456 1738 32
492 1699 704 1748 Vulgarem
739 1699 948 1737 lectionem
984 1696 1119 1737 αὐτοῦ
1154 1710 1227 1749 pro
1262 1695 1397 1737 αὑτοῦ
1425 1710 1475 1737 ex
1501 1698 1662 1749 optimis

231 1762 347 1803 codd.
375 1762 614 1802 reduximus.
677 1760 824 1799 Sensus
852 1761 1008 1811 quidem
1035 1761 1175 1799 clarior
1201 1764 1276 1808 est,
1314 1761 1347 1798 si
1375 1760 1560 1800 scribitur
1586 1758 1663 1799 αὖ-

230 1827 324 1874 τοῦ,
362 1837 490 1875 neque
516 1830 648 1863 tamen
675 1827 830 1861 servato
858 1821 994 1862 αὐτοῦ
1030 1823 1255 1874 ambiguum
1283 1828 1345 1861 est
1372 1822 1476 1873 quod
1504 1822 1661 1872 dicitur,

231 1889 426 1938 quoniam,
465 1888 501 1926 si
536 1887 624 1937 quis
652 1885 851 1924 dubitaret
887 1887 938 1923 de
971 1885 1094 1923 utrius
1121 1885 1275 1936 generis
1302 1885 1505 1924 accidente
1533 1897 1662 1924 sermo

230 1955 359 1997 esset,
408 1950 513 1988 lecto
558 1947 740 1998 exemplo
778 1948 883 1996 quod
919 1948 1096 1997 sequitur
1140 1947 1301 1985 dubium
1338 1947 1556 1985 tolleretur.
1620 1947 1663 1985 Si

231 2012 422 2062 scriptum
458 2014 632 2050 exstaret
667 2010 757 2055 τοῖς
792 2007 946 2048 εἴδεσιν
981 2008 1129 2056 αὐτοῦ,
1171 2010 1445 2060 corrigendum
1480 2013 1661 2059 putarem

231 2072 380 2122 αὑτοῦ,
419 2074 491 2112 sed
529 2072 689 2123 scripsit
725 2073 816 2118 τοῖς
853 2070 987 2111 αὐτοῦ
1015 2070 1169 2111 εἴδεσιν
1197 2075 1237 2109 et
1264 2084 1321 2109 vs.
1344 2073 1396 2109 32
1423 2071 1512 2117 τοῖς
1537 2069 1664 2110 εἴδεσι

231 2139 321 2184 τοῖς
347 2136 496 2176 αὐτοῦ.
550 2135 660 2173 Idem
688 2136 1040 2182 est'59a3‘l--4Q
1068 2134 1135 2172 ubi
1154 2133 1224 2172 lul.
1249 2133 1385 2172 Pacius
1413 2133 1663 2172 scribendum

231 2201 384 2251 putavit
410 2197 544 2238 αὑτοῦ
572 2202 614 2236 et
641 2194 795 2237 αὐτῶν.
863 2197 1086 2235 Occurrunt
1114 2195 1271 2247 quidem
1300 2196 1377 2234 loci
1405 2195 1545 2245 quibus
1571 2208 1665 2246 pro-

231 2275 376 2302 nomen
410 2261 640 2300 reflexivum
677 2259 830 2298 definiti
866 2259 995 2297 locum
1032 2264 1169 2298 tenere
1195 2259 1372 2297 videatur
1401 2258 1472 2303 (cf.
1492 2259 1665 2297 955b24

233 2324 257 2366 ὁ
283 2323 384 2372 θεὸς
410 2326 573 2375 ὄργανα
609 2320 656 2362 ἐν
691 2318 858 2367 ἑαυτοῖς
882 2319 985 2373 ἡμῖν
1013 2319 1168 2361 δέδωκε
1195 2319 1289 2360 δύο.
1354 2322 1502 2358 684ss
1539 2318 1663 2371 ἄργο-

231 2386 382 2439 τέρους
419 2386 561 2438 ἔχουσι
593 2379 693 2432 τοὺς
729 2383 864 2431 πόδας
905 2382 1047 2424 αὐτῶν
1077 2382 1186 2435 πρὸς
1220 2381 1298 2434 τὴν
1332 2380 1553 2431 πορείαν),
1592 2383 1665 2421 sed

232 2452 436 2491 definitum
482 2463 556 2501 pro
602 2449 788 2487 reflexivo
830 2448 925 2499 poni
967 2460 1043 2486 usu
1085 2451 1292 2498 receptum
1335 2448 1399 2483 est
1435 2445 1663 2484 Aristoteli:

233 2515 410 2553 952b17
446 2513 703 2563 καταφανεῖς
740 2505 822 2562 γὰρ
848 2509 1024 2562 μάλιστα
1051 2508 1121 2549 διὰ
1158 2509 1244 2548 τῶν
1279 2506 1483 2547 τοιούτων
1521 2507 1663 2552 (intell.

234 2576 320 2616 τῶν
357 2572 403 2615 ἐν
440 2576 498 2630 τῷ
534 2575 665 2629 κοινῷ
703 2572 921 2622 εὐταξιῶν)
968 2571 1040 2613 καὶ
1078 2571 1223 2618 αὐτοῖς
1269 2567 1340 2610 καὶ
1380 2571 1468 2615 τοῖς
1513 2570 1664 2616 ἄλλοις.

234 2640 387 2677 159b1
421 2637 584 2689 ἀνάγκη
626 2635 679 2689 δὴ
716 2636 792 2676 τὸν
825 2634 1162 2687 ἀποκρινόμενον
1195 2631 1360 2683 ὑπέχειν
1386 2632 1516 2683 λόγον
1542 2629 1665 2682 θέμε-

234 2714 315 2740 νον
351 2702 447 2753 ἥτοι
482 2699 656 2749 ἔνδοξον
691 2698 719 2751 ἢ
757 2698 913 2748 ἄδοξον
949 2696 1073 2739 θέσιν
1100 2727 1111 2737 .
1136 2727 1147 2738 .
1170 2724 1182 2736 .
1207 2694 1309 2748 τῳδί
1334 2708 1417 2735 τινι
1442 2693 1470 2747 ἢ
1498 2694 1612 2747 αὐτῷ
1637 2693 1665 2746 ἢ

235 2764 359 2816 ἄλλῳ.
416 2765 493 2804 532
505 2767 557 2804 οἵ
584 2763 640 2815 ἢν
667 2763 895 2815 (γλῶτταν)
922 2760 1062 2803 καὶτὰ
1076 2757 1390 2811 ὀστρακόδερμα
1408 2757 1488 2810 ἔχει
1513 2757 1664 2805 πάντα,
