1780 3100
192 226 271 265 404
715 228 967 273 Analytica
989 232 1164 274 priora.

248 322 294 364 αἱ
318 322 548 371 ἀντιθέσεις
573 325 694 374 τρεῖς.
747 325 921 377 Apparet
947 339 995 365 ex
1021 327 1084 366 his
1112 324 1192 379 τὴν
1218 325 1432 368 ἀντίθεσιν
1447 340 1525 369 non
1540 329 1670 368 miuus

249 387 329 426 late
356 394 494 439 patere
521 400 634 436 quam
662 386 711 426 rb
737 385 1010 430 ἀντικεῖσθαι.
1481 389 1485 392 ’

196 451 340 489 32ιι35
369 450 454 488 τῶν
479 450 631 498 ἄλλων,
658 462 758 500 quae
784 454 1024 491 enumeravit
1052 465 1107 492 vs.
1131 454 1298 493 23—26.

196 512 318 550 32123
347 509 492 563 ἐλέχθη
518 512 737 563 πρότερον,
764 525 799 552 ν.
821 517 983 553 25b21.

197 575 321 613 32b8
356 577 484 613 τοῦτο
511 573 595 626 γὰρ
735 576 832 614 Eius
872 578 975 628 quod
1014 578 1102 615 fleri
1139 579 1241 616 solet
1267 590 1343 617 non
1372 579 1554 617 continuo
1583 589 1674 616 con-

251 648 420 686 sequens
447 642 512 676 est
538 637 586 677 rb
613 637 869 690 ἀναγκαῖονε
898 641 1042 678 etenim
1070 641 1173 689 quod
1196 641 1457 679 necessarium
1487 645 1562 689 est,
1590 641 1675 678 eius

250 712 394 738 causae
422 701 476 738 ita
505 714 701 740 connexae
729 707 833 750 sunt,
862 706 907 741 ut
934 703 1047 740 aliter
1072 703 1221 741 habere
1239 706 1446 754 nequeant.
1499 704 1585 741 Alia
1613 714 1675 739 ra-

248 762 303 800 tio
331 768 391 801 est
418 763 504 801 eius
532 766 635 813 quod
663 765 749 803 fieri
776 766 898 803 solet:
927 778 1014 803 nam
1041 765 1117 802 hoc
1146 778 1219 803 non
1249 767 1418 815 positum
1447 770 1508 803 est
1542 766 1581 803 in
1609 777 1674 802 ea-

250 824 340 862 dem
379 838 582 864 causarum
623 829 727 865 serie
763 828 956 875 continua,
994 839 1044 864 ex
1081 839 1156 876 qua
1192 828 1364 864 nascitur
1400 827 1517 864 illud:
1555 838 1676 875 quare

248 888 352 937 quod
381 888 467 925 fieri
494 889 595 926 solet
623 895 688 927 aut
716 890 871 927 omnino
897 901 973 926 non
1002 892 1064 926 est
1092 890 1354 927 necessarium
1383 893 1450 927 aut
1477 901 1553 928 non
1581 889 1675 926 sim-

249 949 408 999 pliciter
436 947 616 996 (ἀπλῶς)
646 951 924 999 necessarium,
953 952 1025 989 sed
1052 947 1092 999 ἐξ
1118 949 1374 997 ὑποθέσεως,
1403 952 1442 989 h.
1469 965 1504 990 e.
1534 956 1580 990 nt
1606 963 1675 989 ne-

249 1012 464 1049 cessarium
494 1014 558 1062 sit,
586 1014 661 1050 alia
689 1026 732 1051 rc
761 1014 922 1062 indiget,
951 1026 999 1051 ex
1016 1027 1090 1063 qua
1116 1014 1281 1064 pendeat
1304 1015 1425 1065 ipsius
1447 1013 1675 1052 necessitas,

199 1073 283 1112 321»
300 1075 347 1110 12
372 1072 420 1112 rb
449 1072 530 1113 ἀπὸ
557 1074 697 1126 τύχης.
753 1075 840 1114 Non
868 1076 1006 1114 definit
1022 1074 1070 1115 rb
1091 1073 1376 1128 ἐνδεχόμενον,
1404 1077 1475 1114 sed
1497 1074 1677 1125 exemplo

248 1135 428 1175 illustrat.
492 1138 592 1176 Nam
634 1151 753 1188 quum
788 1137 835 1178 rb
865 1136 1136 1190 ἐνδεχόμενον
1171 1141 1287 1178 latius
1325 1143 1460 1191 pateat
1488 1151 1600 1188 quam
1628 1134 1675 1175 rb

250 1197 491 1249 γινόμενον,
529 1202 632 1250 quod
674 1206 838 1252 apparet
877 1215 926 1240 ex
962 1204 1008 1240 iis
1043 1216 1142 1252 quae
1170 1203 1438 1253 congessimus
1466 1201 1514 1238 ad
1543 1202 1675 1249 31b8,

251 1262 369 1299 ctiam
398 1263 511 1300 latius
544 1264 693 1314 patebit
729 1277 844 1314 quam
880 1262 928 1303 rb
956 1263 1037 1304 ἀπὸ
1064 1264 1188 1317 τύχης
1214 1264 1451 1315 γινόμενον.
1516 1263 1677 1301 Aristo—

251 1324 352 1362 teles
389 1325 466 1363 hoc
502 1326 589 1364 loco
626 1339 701 1365 non
739 1327 836 1364 satis
874 1327 1053 1366 distinxit
1089 1329 1302 1366 doctrinam
1332 1328 1499 1379 logicam
1527 1338 1547 1362 a
1576 1326 1676 1375 phy·-

251 1387 344 1425 sica.
420 1387 520 1426 Nam
566 1389 778 1427 illustranti
827 1394 1036 1440 utrumque
1082 1392 1238 1429 modum
1286 1390 1394 1428 verbi
1439 1386 1677 1438 ἐνδέχεσθαι

252 1450 445 1499 exemplis
473 1463 495 1488 e
533 1463 663 1489 rerum
698 1456 836 1490 natura
871 1454 1010 1492 sumtis
1045 1454 1200 1501 accidit,
1236 1457 1282 1492 ut
1318 1452 1366 1492 rb
1401 1447 1676 1503 ἐνδεχόμενον

251 1512 475 1550 confuderit
503 1525 591 1550 cum
618 1516 676 1564 τῷ
700 1512 882 1565 δυνατῷ.

200 1575 285 1613 321»
298 1576 347 1611 13
375 1573 637 1625 ἀντιστρέφει
663 1574 740 1626 μὲν
767 1571 847 1615 οὖν
874 1574 944 1616 καὶ
1092 1578 1340 1617 Convertitur
1368 1578 1408 1616 in
1435 1576 1677 1628 propositio-

250 1649 349 1675 nem·
369 1644 597 1688 negantem:
626 1651 713 1676 nam
745 1641 941 1689 quomodo
969 1645 1244 1679 convertantur
1264 1641 1548 1691 propositiones
1567 1638 1676 1676 affir-

251 1703 401 1738 mantes
442 1702 521 1739 τοῦ
567 1698 811 1752 ἐνδέχεσθαι
844 1703 883 1740 ἰιι
920 1704 1016 1741 alias
1062 1715 1161 1752 quae
1198 1701 1468 1740 affirmationis
1506 1702 1678 1751 speciem

249 1767 410 1800 servent
436 1761 541 1802 κατὰ
567 1760 645 1815 τὴν
672 1763 900 1810 ἀντίθεσιν,
930 1765 1064 1803 docuit
1091 1767 1237 1802 32230
1261 1776 1347 1814 sqq.
1403 1763 1462 1803 Ad
1489 1764 1588 1802 haec
1604 1763 1678 1814 igi-

251 1830 316 1863 tur
342 1828 558 1875 respiciens
589 1828 742 1865 addidit
769 1825 841 1867 καὶ
868 1841 925 1866 vs.
950 1829 1010 1866 14.

199 1888 284 1926 321)
297 1889 346 1925 16
372 1891 430 1939 τῷ
456 1886 514 1940 μὴ
543 1885 584 1936 ἐξ
610 1888 795 1941 ἀνάγκης
821 1889 1034 1941 ὑπάρχειν.
1089 1889 1314 1928 Difficultas
1342 1889 1418 1927 hoc
1446 1888 1533 1926 loco
1552 1888 1679 1926 orItur

251 1963 299 1988 ex
327 1962 387 1998 eo,
425 1954 528 2001 quod
565 1949 612 1991 rb
647 1953 839 2003 πεφυκὸς
876 1948 985 1992 εἶναι
1020 1955 1076 2002 τῷ
1113 1949 1170 2003 μὴ
1199 1949 1239 1999 ἐξ
1267 1950 1453 2002 ἀνάγκης
1477 1948 1679 2000 ὑπάρχειν

250 2012 357 2050 idem
392 2025 482 2051 esse
519 2015 627 2062 dicit,
667 2029 785 2065 quum
813 2017 934 2054 25b5
974 2017 1017 2060 (4
1046 2013 1125 2053 ὅσοι
1152 2012 1228 2065 μὲν
1351 2016 1400 2051 14
1429 2011 1508 2052 ὅσοι
1536 2009 1601 2058 δέ)
1637 2017 1680 2051 ut

251 2075 365 2125 piane
393 2076 587 2114 diversum
615 2078 662 2115 ab
692 2090 739 2115 eo
768 2079 996 2117 seiunxerit.
1051 2077 1246 2126 Equidem
1269 2089 1343 2114 non
1371 2076 1485 2114 video
1513 2088 1678 2125 quara-

251 2138 357 2175 tione
386 2138 461 2175 hoc
489 2139 687 2189 explanari
716 2141 854 2190 possit,
884 2141 961 2178 nisi
989 2140 1245 2178 Aristotelem
1273 2139 1413 2188 ipsum,
1443 2140 1588 2189 quippe
1615 2139 1679 2188 qui

254 2201 442 2246 (25b18)
479 2205 599 2239 totam
639 2203 908 2252 quaestionem
945 2203 995 2240 de
1032 2199 1286 2253 ἐνδεχομένῳ
1325 2201 1606 2239 instituendam
1641 2201 1680 2239 in

255 2261 357 2300 aliud
388 2266 543 2313 tempus
569 2264 739 2312 differat,
777 2278 862 2303 rem
890 2266 1060 2304 nondum
1090 2266 1186 2303 satis
1220 2266 1468 2314 perspectam
1495 2263 1681 2302 habuisse

253 2324 414 2369 dixeris,
444 2338 563 2374 quum
592 2328 871 2377 scripseritssea
893 2341 993 2378 quae
1013 2342 1095 2378 cap.
1115 2331 1138 2364 3
1158 2328 1338 2376 leguntur
1355 2339 1365 2363 ε
1394 2330 1558 2376 apparet
1575 2326 1678 2363 enim

252 2384 384 2437 τὸμὴ
413 2384 453 2435 ἐξ
481 2386 667 2441 ἀνάγκης
692 2388 895 2441 ὑπάρχειν
923 2391 1062 2429 eodem
1095 2391 1180 2428 iure
1216 2389 1290 2427 dici
1317 2386 1595 2438 ἀντιστρέφον
1621 2390 1679 2438 τῷ

254 2449 462 2499 πεφυκότι
500 2447 609 2492 εἶναι
646 2465 725 2502 quo
763 2453 838 2491 dici
875 2455 1002 2504 possit
1035 2448 1313 2502 ἀντιστρέφον
1339 2454 1396 2502 τῷ
1424 2448 1679 2503 ἐνδεχομένῳ

254 2511 452 2565 ἀορίστῳ,
481 2527 528 2552 eo
558 2516 641 2554 solo
670 2516 910 2563 discrimine,
950 2517 1054 2567 quod
1077 2517 1239 2554 alterum
1269 2513 1334 2560 (τὸ
1356 2513 1564 2565 πεφυκός)
1597 2515 1679 2553 veri

254 2576 418 2614 similius
446 2577 497 2615 sit
523 2582 753 2616 eventurum
787 2591 906 2628 quam·
937 2592 1014 2618 non
1045 2584 1270 2617 eventurum
1296 2590 1407 2625 esse,
1449 2590 1678 2627 quamquam

255 2651 330 2676 non
353 2641 574 2678 necessario
595 2641 676 2686 fiat,
706 2641 870 2679 alterum
888 2654 980 2680 vero
1010 2639 1076 2688 (rb
1095 2640 1311 2691 ἀόριστον)
1341 2643 1569 2678 eventurum
1590 2652 1679 2677 esse

254 2712 381 2750 neque
394 2703 515 2750 magis
528 2716 656 2753 neque
668 2704 793 2742 minus
817 2704 1018 2755 probabile
1036 2705 1088 2743 sit
1107 2717 1221 2754 quam
1233 2716 1308 2742 non
1320 2706 1550 2741 eventurum
1565 2715 1677 2740 esse:

255 2760 303 2800 τὸ
332 2759 388 2812 μὴ
417 2761 457 2811 ἐξ
492 2764 678 2816 ἀνάγκης
704 2763 907 2818 ὑπάρχειν
931 2773 1060 2807 autem
1088 2767 1243 2817 utrique
1271 2766 1386 2806 modo
1413 2767 1491 2805 τοῦ
1520 2763 1678 2816 ἐνδεχο-

255 2823 387 2874 μένου
416 2830 619 2867 commune
648 2833 720 2868 est.
