1884 3100
608 213 948 249 ΠΡΟΤΕΡΩΝ
976 216 1017 248 Α.
1465 213 1543 253 211

89 314 399 375 συλλογισμοῦ
435 312 701 375 δεδαγμένοι
731 313 863 371 εἰσίν,
905 310 1020 360 ἀλλὰ
1055 309 1130 360 διὰ
1158 310 1395 376 συνθήκης
1422 310 1544 373 ὦμο-

87 382 323 466 λογηιιένοι
348 379 519 438 πάντες.
559 378 655 428 οἶον
685 380 724 428 εἰ
739 378 1043 440 ὑποθέμενος,
1077 399 1132 428 αν
1161 379 1353 442 δύναμίς
1379 398 1446 438 τις
1465 381 1544 442 μία

87 447 149 513 μὴ
183 468 212 510 ῃ
240 453 331 495 τῶν
365 449 592 506 ἐναυτίων,
622 445 725 512 μηδ’
746 448 988 511 ἐπιστήμην
1015 449 1120 509 μίαν
1141 444 1264 511 εἶναι,
1279 453 1375 495 εἶτα
1393 451 1594 495 διαλε-εο

87 514 259 580 χθείη“
232 535 299 563 οτι
311 514 399 563 οὐκ
418 516 503 563 ἔστι
525 520 647 562 πᾶσα
669 513 855 576 δύναμις
864 519 951 562 τῶν
965 517 1182 573 ἐναντίων,
1196 517 1329 563 οἱονεὶ
1341 520 1428 563 τοῦ
1439 514 1542 579 ὑγι-

87 588 211 630 εινοῦ
220 585 294 629 καὶ
302 601 385 629 του
369 581 648 640 νοσώδους·
666 602 755 644 αμα
768 581 853 645 γάρ
863 583 982 629 ἔσται
993 582 1043 630 τὸ
1057 582 1168 631 αὐτὸ
1178 582 1372 647 ὑγιεινὸν
1380 585 1454 631 καὶ
1464 602 1543 632 νο-

87 654 242 707 σωδες.
269 647 336 696 ὅτι
356 651 437 710 μὲν
448 643 533 696 οὖν
546 648 635 696 οὐκ
649 651 736 697 ἔστι
746 652 823 711 μία
835 650 1012 698 πάντων
1023 655 1111 698 τῶν
1122 653 1327 699 ἐναντίων
1339 651 1541 713 δύναμις,

85 714 433 771 ἑπιδέδεικται,”
406 736 473 764 οτι
493 715 532 764 δ’
551 717 767 781 ἐπιστημη
788 717 875 765 οὐκ
899 719 1027 774 ἔστιν,
1048 717 1107 766 οὐ
1127 720 1354 766 δέδεικται.
1399 721 1544 766 καίτοι

85 784 314 846 ὁμολογεῖν
354 782 605 846 ἀναγκαῖον.
660 783 755 831 αλλ’
804 783 891 832 οὐκ
936 787 983 833 ἐκ
1014 790 1342 849 συλλογισμοῦ,
1373 785 1468 833 ἄλλ’
1499 785 1546 843 ἐξ
1557 806 1592 834 25

84 851 363 908 ὑποθέσεως.
393 857 556 899 τοῦτον
567 871 647 913 μεν
665 845 753 900 οὖν
765 871 852 900 ουκ
865 853 980 900 ἔστιν
993 852 1236 938 ἀναγαγεῖν,
1262 873 1329 901 οτι
1342 852 1381 900 δ’
1393 853 1453 902 οὐ
1464 855 1543 915 μία

86 919 288 980 δύναμις,
318 920 460 967 ἔστιν·
490 913 626 978 οὗτος
655 939 739 982 γαρ
762 922 871 978 ἴσως
888 923 964 968 καὶ
984 915 1042 986 ἦν
1058 921 1374 985 συλλογισμός,
1401 922 1541 969 ἐκεῖνο

85 985 126 1035 δ’
144 985 381 1043 υπόθεσις.

216 1051 408 1112 Ομοίως
420 1053 467 1099 δὲ
479 1053 552 1099 καὶ
573 1052 641 1099 ἐπὶ
655 1055 742 1098 τῶν
755 1050 828 1099 δια
842 1056 929 1099 τοῦ
943 1051 1175 1100 αδυνατου
1186 1055 1515 1115 περαινομένων
1530 1072 1540 1083 ’

84 1118 287 1182 οὐδὲγὰρ
299 1118 489 1177 τούτους
502 1118 589 1166 οὐκ
601 1120 716 1166 ἔστιν
727 1118 948 1176 ἀναλύειν,
969 1119 1081 1166 α’λλά
1102 1118 1185 1184 τήν
1195 1122 1275 1181 μὲν
1286 1123 1349 1180 εἰς
1360 1120 1411 1168 τὸ
1423 1121 1540 1169 οἷδύ-
1558 1137 1593 1165 so

83 1206 220 1236 νατον
243 1184 484 1250 ἀπαγωγήν
504 1187 590 1234 ἔστι
615 1187 929 1252 (συλλογισμῷ
949 1185 1034 1248 γιὶρ
1056 1189 1320 1250 δείκνυται),
1351 1188 1542 1251 θάτερον

84 1253 125 1302 δ’
154 1253 241 1302 οὐκ
262 1255 397 1302 ἔστιν·
432 1253 478 1311 ἐξ
496 1253 761 1311 ὑποθέσεως
788 1252 872 1316 γὰρ
896 1256 1157 1313 περαίνεται.
1190 1256 1460 1317 διαφέρουσι
1493 1257 1541 1303 δὲ

83 1326 172 1370 τῶν
197 1322 528 1386 προειρημένων
558 1319 625 1368 ὅτι
657 1322 704 1369 ἐν
732 1322 913 1380 ἐκείνοις
932 1323 1011 1383 μὲν
1031 1325 1099 1370 δεῖ
1117 1322 1540 1387 προδιομολογήσα-

84 1395 218 1445 σθαι,
261 1391 301 1447 εἰ
341 1391 485 1450 μέλλει
523 1389 800 1451 συμφήσειν,
835 1387 931 1436 οἷον
961 1387 1018 1437 ἂν
1052 1393 1210 1451 δειχθῇ
1237 1392 1317 1451 μία
1348 1390 1542 1452 δύναμις

83 1461 172 1505 τῶν
185 1458 403 1513 ἐναντίων,
424 1458 497 1503 καὶ
518 1457 765 1520 ἐπιστήμην
778 1454 884 1504 εἶναι
897 1455 979 1520 τὴν
1001 1456 1167 1521 αὐτήν·
1190 1459 1388 1506 ἐνταῦθα
1404 1460 1540 1506 δὲκαὶ
1557 1474 1592 1503 85

83 1523 146 1588 μή
179 1523 691 1587 προδιομολογησάμενοι
720 1529 1006 1586 συγχωροῦσι
1037 1524 1112 1571 διὰ
1133 1523 1185 1572 τὸ
1204 1524 1406 1587 φανερόν
1432 1523 1541 1574 εἶναι

82 1591 134 1639 τό
163 1595 346 1649 ψεῦδος,
376 1589 472 1638 οἷον
497 1593 700 1654 τεθείσης
729 1595 808 1654 τῆς
847 1593 1087 1654 διαμέτρου
1118 1594 1377 1656 συμμέτρου
1404 1592 1456 1641 τὸ
1487 1592 1543 1641 τὰ

82 1658 259 1722 περιττά
294 1661 368 1706 ἴσα
391 1656 501 1706 εἶναι
521 1665 614 1716 τοῖς
636 1658 816 1719 ιῖρτίοις

221 1728 394 1773 Πολλοὶ
420 1728 467 1773 δε
500 1728 574 1772 καὶ
607 1727 746 1787 ε’τεροι
775 1727 1058 1786 περαίνονται
1078 1724 1124 1782 ἒξ
1140 1724 1451 1812 ὑποθέσεως,
1455 1726 1543 1786 οὓς

83 1793 413 1848 ἐπισκέψασθαι
436 1797 504 1840 δεῖ
519 1795 594 1839 καὶ
616 1797 888 1856 διασημῆναι
906 1798 1139 1853 καθαρως.
1160 1795 1272 1852 τίνες
1292 1813 1371 1854 μεν
1392 1786 1478 1842 οὖν
1497 1796 1541 1842 αἱ
1558 1811 1595 1839 40

83 1862 299 1922 διαφοραὶ
327 1879 518 1917 τουτων,
559 1862 633 1907 καὶ
665 1865 878 1922 ποσαχῶς
909 1862 1071 1922 γίνεται
1107 1859 1159 1908 τὸ
1191 1860 1236 1918 ἐξ
1265 1860 1582 1921 ὑποθέσεωςᾼ)

82 1926 273 1989 ὕστερον
285 1929 472 1988 ἐροῦμεν
485 1946 495 1956 ·
520 1933 607 1975 νῦν
619 1930 666 1975 δὲ
679 1933 898 1975 τοσοῦτον
911 1926 1014 1992 ἡμῖν
1027 1929 1134 1975 ἔστω
1147 1927 1400 1990 φανερόν,”
1374 1948 1440 1976 οτι
1454 1929 1542 1977 οὐκ

85 1992 202 2042 ἔστιν
228 1994 441 2042 &vocantem
452 1996 513 2053 εἷς
526 1994 577 2042 τὰ
591 1995 790 2057 σχήματα
810 1994 919 2054 τοὺς
937 1995 1175 2054 τοιούτους
1197 1996 1540 2059 συλλογισμούς.

82 2064 157 2110 καὶ
177 2065 222 2110 δί
247 2061 301 2126 ἣν
323 2065 477 2119 αἰτίαν,
500 2064 745 2127 εἰρήκαμεν.

206 2128 326 2177 ι’Όσα
361 2129 401 2178 δ’
433 2131 479 2177 ἐν
511 2132 684 2178 πλείοσι
705 2130 897 2193 σχήμασι
918 2130 1142 2178 δείκνυται
1167 2149 1255 2178 των
1280 2131 1540 2194 προβλημά-
1559 2127 1625 2173 45

83 2214 184 2255 των,
219 2194 279 2259 ἢν
306 2199 352 2244 ἐν
378 2198 554 2263 θατέρω
589 2203 882 2261 συλλογισθῇ,
924 2199 1040 2250 εστιν
1069 2197 1303 2261 ἀναγαγεῖν
1326 2197 1407 2246 τὸν
1426 2202 1573 2246 συλ-6

85 2262 302 2326 λογισμὸν
313 2266 374 2322 εἰς
382 2265 590 2324 θατερον,
603 2263 701 2313 οἷον
712 2264 790 2313 τὸν
810 2267 856 2313 ἐν
874 2270 937 2332 τῷ
955 2265 1118 2350 πρώτω
1140 2264 1398 2329 στερητικὸν
1409 2267 1470 2324 εἰς
1489 2265 1542 2313 τό

83 2331 295 2394 δεύτερον
329 2334 404 2379 καὶ
433 2331 516 2380 τὸν
548 2333 593 2381 ἐν
621 2352 684 2400 τω
715 2334 835 2401 μέσω
862 2335 924 2392 εἰς
948 2333 1001 2381 τὸ
1022 2349 1212 2397 πρωτον,
1240 2352 1326 2396 ουχ
1348 2331 1545 2392 ἅπαντας

178 2534 260 2571 19”
236 2550 284 2571 αν
300 2545 383 2582 post
403 2549 509 2577 τιςιι.
536 2556 583 2561 ——
605 2535 655 2580 μὴ
676 2532 700 2583 ᾖ
721 2537 789 2579 μία
806 2549 840 2571 π.
854 2554 901 2563 -
923 2537 967 2570 20
984 2535 1034 2580 μὴ
1053 2548 1108 2570 om
1124 2549 1165 2581 pr
1185 2538 1222 2570 C.
1235 2555 1282 2561 —-
1305 2536 1410 2571 διαλε
1411 2536 1489 2582 χθῇ
1503 2537 1540 2570 C.

83 2599 129 2607 —
150 2583 189 2616 21
199 2585 280 2637 μία
300 2596 336 2616 rc
356 2585 475 2626 ABG,
510 2583 614 2616 πᾶσα
632 2595 671 2626 pr
690 2584 760 2625 Bc,
786 2581 938 2616 πάντων
957 2594 1037 2614 corr
1051 2584 1093 2616 A.
1121 2602 1162 2607 -—
1198 2580 1279 2616 οἷον
1299 2581 1335 2616 εἰ
1351 2595 1418 2617 του
1439 2582 1542 2622 ABd,

86 2625 208 2662 οἷον
186 2641 207 2669 η
228 2629 298 2663 τοῦ
319 2641 427 2662 cumn.
440 2647 483 2653 —-—
507 2629 574 2663 τοῦ
593 2626 817 2668 υγιαιᾛνεινκ
835 2641 868 2662 τ.
886 2630 1063 2668 νοσεῖνιη,
1073 2627 1135 2661 καὶ
1156 2625 1420 2668 νοσωδονςκαὶ
1435 2640 1493 2671 νγ.
1507 2628 1541 2661 d.

85 2674 182 2705 -22
201 2675 267 2709 τοῦ
286 2687 340 2707 om
355 2677 444 2717 f.—-
468 2676 513 2708 <24
524 2673 686 2727 ,ἐπιδέδει
677 2686 774 2708 ικται
793 2686 832 2716 pr
846 2675 903 2713 Ac,
929 2671 1191 2707 ἀποδέδεικται
1211 2674 1300 2716 dsm,
1325 2686 1405 2707 corr
1422 2674 1542 2707 Ac—

85 2717 129 2751 26
146 2719 259 2753 τοῦτο
283 2720 435 2763 01η-
461 2717 615 2776 ανάγειν
637 2720 692 2762 Cf.
714 2737 758 2745 -
783 2717 813 2753 δ’
833 2716 921 2753 ου’δε
938 2730 972 2751 n.
992 2735 1035 2742 -
1059 2719 1104 2752 30
1120 2731 1188 2753 ουκ
1206 2731 1307 2753 omn.
1319 2737 1365 2746 ·--
1388 2717 1542 2765 δῖοἷον]

84 2760 208 2798 otor*
186 2775 245 2798 οτι
267 2766 304 2798 C.
330 2786 371 2791 ——
396 2766 441 2800 40
460 2759 547 2810 ουν]
567 2764 711 2801 τούτων
731 2765 769 2799 C.
794 2783 842 2790 —
866 2763 907 2799 αἱ
926 2775 981 2796 om
1001 2775 1035 2797 n.

177 2807 332 2845 50b116
355 2823 522 2855 proma.
548 2830 592 2838 —
617 2808 840 2855 ez'v'pr13‚
873 2809 1067 2846 etcorrR.
1092 2828 1138 2836 —
1160 2809 1264 2845 Βκαὶ
1284 2807 1327 2845 τὸ
1346 2808 1437 2845 ἕνη.

1192 2864 1274 2899 14*
