1838 3086
631 205 1013 240 Hermoneutica.
1487 202 1569 243 325

104 306 204 357 μεῖα
241 308 284 344 et
321 301 596 356 ὁμοιώματα,
635 317 684 344 eo
722 307 854 344 tamen
883 302 1139 353 discrimine,
1179 305 1226 342 ut
1252 301 1320 341 iiia
1349 302 1431 342 sint
1456 299 1566 343 κατὰ

105 368 333 422 συνθήκην
369 368 568 421 (pendent
604 369 709 407 enim
747 368 796 406 ab
834 368 883 407 iis
921 368 971 407 de
1008 368 1148 420 quibus
1175 366 1359 406 homines
1386 366 1492 406 inter
1519 380 1566 407 se

105 436 412 483 convenerunt),
450 433 552 471 haec
587 445 682 471 vero
721 432 760 470 in
799 432 919 470 rebus
949 433 1044 485 ipsis
1074 431 1205 484 posita
1232 431 1312 470 sint
1340 431 1433 478 (das
1461 430 1565 482 σύμ-

103 499 236 551 βολον
264 499 317 537 ist
343 498 408 536 ein
436 497 678 549 subjectives
708 497 896 548 σημεῖον,
927 498 998 535 das
1028 494 1225 547 ὁμοίωμα
1252 497 1314 535 ein
1343 495 1565 548 objectives

102 562 314 616 μίμημα);
343 563 543 600 1340333
572 558 652 600 οὐκ
681 557 768 600 ἔστι
794 562 932 601 ταῦτα
970 558 1042 607 (τὰ
1070 560 1283 614 σχήματα)
1313 558 1565 611 ὁμοιώματα

101 628 190 668 τῶν
216 626 364 679 ἠθῶν,
405 622 511 664 ἀλλὰ
548 626 700 676 σημεῖα
735 626 900 676 μᾶλλον
934 623 986 665 τὰ
1006 625 1247 678 ,γιγνόμενα
1275 624 1468 678 σχήματα
1492 621 1566 664 καὶ

100 690 303 744 χρώματα
341 688 429 728 τῶν
467 687 603 741 ἠθῶν.
660 689 717 730 lb.
747 703 803 728 vs.
833 693 884 728 39
923 687 970 730 ἐν
1008 688 1055 730 δὲ
1090 692 1182 738 τοῖς
1209 688 1378 741 μέλεσιν
1416 688 1566 737 αὐτοῖς

99 753 188 798 ἐστὶ
213 753 435 806 μιμήματα
461 754 549 793 τῶν
575 752 711 806 ἠθῶν.
767 755 946 793 985b2⁷
975 752 1022 794 ἐν
1050 753 1098 794 δὲ
1123 756 1214 802 τοῖς
1241 753 1446 806 ἀριθμοῖς
1469 751 1565 794 ἐδό-

100 834 212 862 κουν
245 821 428 870 θεωρεῖν
464 816 714 871 ὁμοιώματα
750 817 887 859 πολλὰ
924 821 1016 867 τοῖς
1055 813 1155 860 οὖσι
1181 818 1254 860 καὶ
1277 815 1563 871 γιγνομένοις.

100 886 190 926 ΑΙίο
227 898 348 924 sensu
387 897 502 934 quam
541 890 679 923 nostro
719 885 807 923 ioco
846 883 1068 936 σύμβολον
1103 885 1238 937 posuit
1275 885 1449 923 331324
1483 880 1565 923 ὅσα

100 947 180 1002 μὲν
206 947 289 1001 γὰρ
318 946 399 999 ἔχει
426 946 623 999 σύμβολα
651 948 760 999 πρὸς
786 949 970 1002 ἄλληλα,
1009 950 1154 1002 ταχεῖα
1189 948 1357 989 τούτων
1382 945 1412 1000 ἦ
1439 945 1564 998 μετά-

102 1014 239 1066 βασις,
267 1011 347 1053 ὅσα
386 1011 431 1052 δὲ
459 1010 517 1064 μὴ
546 1010 626 1065 ἔχει
654 1012 854 1064 βραδεῖα,
884 1027 919 1052 v.
949 1014 1003 1052 ib.
1033 1027 1090 1052 vs.
1116 1015 1181 1061 34,
1212 1015 1403 1052 aeon-26:
1431 1013 1471 1052 in
1498 1012 1564 1052 his

104 1079 211 1118 enim
247 1076 443 1129 σύμβολα
480 1082 596 1116 vocat
632 1091 732 1129 quae
761 1080 938 1117 333319
967 1090 1079 1129 seqq.
1115 1075 1339 1130 συμβλητὰ
1366 1078 1563 1129 στοιχεῖα,

100 1155 202 1194 quae
231 1143 507 1192 cognationem
534 1143 730 1192 quandam
757 1143 906 1181 habent
935 1156 966 1181 s.
996 1155 1098 1193 quae
1125 1142 1180 1180 ita
1209 1143 1430 1195 composita
1457 1145 1564 1191 sunt,

100 1211 142 1246 ut
165 1206 312 1257 aliquid
343 1218 556 1245 commune
584 1206 680 1243 insit
707 1207 746 1244 in
773 1212 958 1257 utroque.

47 1273 170 1310 1634
197 1268 250 1310 τὰ
276 1268 542 1322 γραφόμενα.
598 1272 774 1308 895310
802 1267 889 1309 ἔστι
918 1267 963 1310 δὲ
992 1267 1016 1310 ὁ
1039 1268 1168 1321 λόγος
1195 1267 1250 1309 ού
1276 1266 1325 1309 τὸ
1351 1271 1405 1321 τῇ
1434 1270 1564 1321 φωνῇ

100 1333 343 1386 σημαίνειν,
373 1331 478 1373 ἀλλὰ
505 1335 594 1381 τοῖς
620 1333 806 1373 πάθεσιν
834 1333 966 1388 αὐτῆς
993 1332 1064 1375 καὶ
1093 1331 1151 1387 μὴ
1180 1331 1246 1374 ὅτι
1273 1332 1396 1385 ἀλγεῖ
1418 1331 1445 1386 ἢ
1473 1331 1563 1386 χαί-

100 1412 174 1451 ρει.
229 1398 281 1439 τὰ
310 1396 356 1439 δὲ
382 1398 611 1450 γράμματα
637 1398 757 1451 πάθη
788 1395 872 1439 ἐστὶ
901 1401 976 1452 τῆς
1005 1401 1167 1453 φωνῆς.
1207 1400 1321 1449 Quae
1347 1399 1471 1451 igitur
1490 1410 1563 1437 no-

102 1468 186 1503 stro
214 1464 304 1503 loco
334 1465 433 1502 dicit
460 1461 511 1503 τὰ
538 1462 795 1515 γραφόμενα
822 1478 898 1503 non
927 1466 1067 1503 eadem
1098 1468 1191 1503 sunt
1219 1467 1337 1514 atque
1355 1461 1408 1502 τὰ
1426 1460 1563 1514 γράμ-

98 1541 232 1579 ματα,
262 1540 350 1565 nam
379 1528 447 1584 inq
477 1528 697 1574 (elementa
726 1529 894 1580 scripta)
917 1533 1010 1567 sunt
1031 1527 1241 1579 σύμβολα,
1271 1540 1440 1578 quorum
1462 1527 1563 1565 haec

99 1592 321 1641 (elementa
349 1603 447 1629 voce
476 1593 689 1642 expressa)
718 1597 809 1630 sunt
835 1590 970 1642 πάθη.

47 1657 100 1695 16
111 1659 169 1695 36
195 1653 248 1695 τὰ
277 1653 495 1704 σύμβολα,
525 1660 570 1694 ut
598 1668 699 1706 quae
727 1657 808 1694 sint
836 1656 1067 1703 arbitraria,
1097 1669 1174 1693 non
1205 1655 1391 1693 omnibus
1419 1653 1562 1692 eadem

101 1723 217 1768 sunt,
257 1717 309 1758 τὰ
336 1718 573 1769 παθήματα
601 1731 722 1766 vero,
761 1731 930 1768 quorum
960 1723 1054 1758 sunt
1081 1719 1225 1757 indicia
1252 1719 1395 1769 prima,
1425 1721 1468 1755 et
1494 1729 1563 1756 res

98 1785 234 1836 ipsae,
274 1794 372 1833 quas
411 1785 716 1832 repraesentant
754 1787 794 1820 et
822 1795 987 1833 quarum
1019 1787 1112 1820 sunt
1147 1783 1366 1833 imagines,
1395 1781 1564 1819 eaedem

100 1852 206 1887 sunt.
259 1845 440 1896 πρώτως
467 1858 517 1884 ex
545 1858 621 1884 usu
652 1845 881 1884 Aristoteiis
910 1845 999 1884 fieri
1029 1845 1176 1884 dicitur
1204 1845 1246 1882 id
1270 1845 1377 1896 qnod
1396 1857 1446 1883 ex
1462 1844 1563 1895 ipsis

100 1916 144 1951 et
170 1910 266 1949 solis
295 1915 459 1949 naturae
500 1909 653 1960 legibus
682 1909 847 1948 alicuius
876 1910 935 1948 rei
965 1909 1166 1956 efficitur,
1195 1914 1242 1947 ut
1269 1908 1347 1947 alia
1374 1921 1433 1954 re,
1456 1920 1565 1958 *quae

99 1974 232 2015 media
254 1975 532 2025 interponatur
551 1973 658 2011 inter
679 1985 839 2011 causam
867 1973 1112 2012 efficientem
1136 1977 1176 2011 et
1188 1973 1227 2011 id
1241 1973 1347 2024 qnod
1371 1972 1563 2021 efficitur,

100 2051 178 2080 non
193 2038 389 2089 indigent:
417 2039 497 2075 414
511 2050 532 2075 a
545 2040 591 2076 13
607 2035 637 2089 ἦ
645 2034 761 2089 ψυχὴ
774 2035 820 2077 δὲ
835 2039 966 2077 τοῦτο
982 2027 1016 2089 ᾧ
1030 2037 1166 2086 ζῶμεν
1175 2033 1247 2076 καὶ
1262 2034 1565 2087 αἰσθανόμεθα

99 2100 173 2144 καὶ
187 2100 485 2153 διανοούμεθα
498 2099 687 2152 πρώτως.
727 2104 806 2140 413
819 2103 841 2140 b
861 2104 888 2141 2
905 2099 953 2141 τὸ
971 2097 1050 2152 μὲν
1062 2095 1143 2141 οὖν
1163 2101 1239 2154 ζῆν
1254 2099 1325 2140 διὰ
1335 2098 1415 2153 τὴν
1426 2097 1564 2152 ἀρχὴν

100 2166 260 2218 ταύτην
296 2164 474 2217 ὑπάρχει
513 2168 604 2212 τοῖς
642 2166 766 2216 ζῶσι,
808 2165 856 2206 τὸ
901 2164 947 2207 δὲ
986 2166 1096 2221 ζῷον
1134 2164 1204 2206 διὰ
1240 2163 1319 2218 τὴν
1357 2165 1564 2215 αἴσθησιν

101 2231 294 2283 πρώτως.
350 2231 526 2268 (561ὴῖ4
563 2229 612 2268 τὸ
650 2230 807 2280 μόριον
840 2229 888 2270 ἓν
917 2229 965 2271 τὸ
993 2230 1153 2283 ταύτην
1180 2228 1279 2282 (τὴν
1308 2225 1563 2280 αἰσθητικὴν

101 2294 265 2348 ψυχὴν)
295 2292 393 2346 ἔχον
420 2293 609 2344 πρώτως.
666 2294 732 2333 Sic
760 2296 879 2334 etiam
909 2296 1056 2334 dicitur
1084 2296 1279 2341 :324b12,
1310 2295 1485 2332 ’100320
1511 2291 1561 2332 τὸ

101 2360 278 2411 πρώτως
305 2361 460 2399 κινοῦν
487 2371 559 2410 pro
590 2371 637 2397 eo
666 2360 772 2409 qnod
798 2359 1047 2411 frequentius
1077 2362 1140 2398 est
1167 2358 1273 2409 apud
1301 2356 1561 2396 Aristotelem

101 2424 149 2466 τὸ
177 2425 351 2475 πρῶτον
378 2425 544 2464 κινοῦν.
602 2422 686 2461 Nos
714 2424 918 2462 reddimus
946 2422 1125 2474 πρώτως
1150 2421 1454 2470 „unmittelbar,
1490 2434 1560 2460 ur-

101 2489 333 2542 spriingiich
353 2519 362 2534 ,
392 2487 603 2539 primitiv''.
659 2487 771 2526 Fluit
797 2488 889 2527 inde
917 2489 1015 2527 alius
1044 2500 1140 2525 usus
1168 2486 1344 2525 adverbii
1369 2483 1560 2537 πρώτως,

102 2552 404 2606 quo-significat
442 2553 480 2590 id
515 2551 619 2602 quod
651 2565 740 2590 cum
769 2553 827 2590 rei
856 2557 994 2591 natura
1024 2552 1076 2589 ita
1105 2550 1359 2589 coniunctum
1389 2555 1472 2599 est,
1516 2554 1562 2590 ut

102 2618 141 2656 in
177 2618 261 2656 eins
290 2617 452 2655 notione
480 2616 642 2668 proprie
672 2620 835 2666 accepta
865 2616 1250 2667 comprehendatur}
1292 2626 1369 2664 qno
1399 2613 1560 2665 quidem

103 2694 225 2720 sensu
251 2680 429 2732 πρώτως
455 2680 562 2718 haud
590 2678 759 2718 muitum
793 2679 930 2718 differt
958 2693 978 2717 a
1007 2677 1188 2729 κυρίωςε
1235 2679 1338 2716 1045
1351 2679 1438 2716 b2'1
1464 2674 1562 2728 περὶ

105 2741 184 2796 μὲν
211 2740 291 2786 οὖν
325 2747 405 2785 τοῦ
433 2742 612 2795 πρώτως
640 2744 764 2789 ὄντος
785 2772 795 2783 .
815 2773 825 2783 .
847 2772 856 2781 .
889 2744 1092 2781 1049b13
1119 2746 1178 2793 τῷ
1205 2739 1288 2794 γὰρ
1315 2737 1562 2794 ἐνδέχεσθαι

107 2806 334 2863 ἐνεργῆσαι
369 2808 559 2850 δυνατόν
594 2804 682 2849 ἐστι
715 2805 764 2848 τὸ
791 2805 970 2859 πρώτως
998 2805 1198 2848 δυνατόν.
1236 2828 1288 2837 -
1326 2806 1560 2848 Lectionem
