1780 3100
197 197 276 236 344
765 201 1133 234 Hermeneutica.

253 307 337 346 μον
365 293 411 335 δὲ
437 294 634 348 τυγχάνει
661 295 725 336 ὄν.
767 296 914 335 644b5
943 294 982 335 εἲ
1005 308 1045 335 τι
1071 296 1172 336 ἄλλο
1199 293 1312 336 ἐστὶν
1338 297 1568 349 ἀνώνυμον
1591 296 1679 349 μέν,

251 357 311 412 τῷ
343 355 454 409 γένει
481 358 519 399 δ’
548 357 704 408 ὁμοίως
728 356 902 410 περιέχει
928 358 980 399 τὰ
1007 357 1053 399 ἐν
1073 359 1194 412 αὐτῷ
1220 359 1321 411 εἴδη.
1377 362 1576 410 Quaedam
1604 364 1680 400 vir-

251 426 358 460 tutes
398 422 567 461 medium
606 422 735 459 locum
771 422 873 460 inter
909 423 1105 462 contraria
1131 423 1221 462 vitia
1248 428 1427 463 tenentes
1463 423 1681 474 ἀνώνυμοι

252 489 357 533 sunt,
384 497 419 522 v.
451 486 551 521 1125
564 485 587 520 b
600 486 663 533 17,
691 486 763 531 263
793 486 1000 523 1121814.
1044 486 1171 524 Etiam
1201 488 1484 537 comparativus
1512 488 1683 526 occurrit

249 548 395 585 525116
423 544 465 585 οἱ
491 545 528 584 δ’
556 546 676 586 ἄλλοι
701 544 898 595 ἐλάττους
923 546 992 588 καὶ
1020 547 1357 599 α’νωνυμώτεροι,
1383 550 1422 587 h.
1451 563 1485 589 e.
1514 551 1682 588 minores

252 613 342 647 sunt
370 621 585 659 eorumque
611 610 766 648 nomina
793 611 922 650 minus
950 617 1061 650 nota:
1095 613 1171 649 nisi
1198 612 1337 651 meiius
1366 612 1440 651 hoc
1467 613 1684 663 explicatur

255 670 397 709 eodem
444 671 562 709 modo
599 677 715 722 atque
752 675 925 713 381b15
959 672 1294 726 α’νωνυμώτερον
1330 671 1375 714 δέ
1409 687 1480 725 pro
1519 673 1682 714 ἀνώνυ-

250 746 334 784 μον
361 731 407 773 δὲ
433 734 521 785 τάχ’
550 732 604 774 ἂν
624 734 697 787 εἴη.

198 796 283 836 19b
295 798 345 834 14
372 794 418 837 ἐκ
443 797 530 839 τῶν
554 796 770 849 κειμένων,
796 802 1010 840 secundum
1040 800 1306 839 definitionem
1324 800 1432 838 verbi
1453 812 1567 849 quam
1590 812 1682 849 pro-

249 860 475 912 posuimus:
512 860 706 913 κείμενον
743 863 846 902 enim
885 876 917 902 s.
951 862 1230 912 ὑποκείμενον
1258 863 1352 901 satis
1387 862 1583 912 frequenti
1608 874 1683 900 usu

250 924 356 974 apud
383 924 637 963 Aristotelem
674 926 778 963 idem
818 929 882 964 est
919 928 1024 976 quod
1061 923 1268 965 ὑποτεθέν
1303 937 1336 962 s.
1370 922 1593 972 ὑπόθεσις,
1630 924 1682 963 cf.

249 986 408 1033 43831,
436 988 520 1025 628
533 990 605 1024 2¹1:
634 1000 754 1036 qnare
767 988 872 1026 iuxta
889 989 997 1040 ponit
1016 986 1226 1028 τεθέντων
1245 993 1284 1027 et
1301 985 1504 1038 κειμένων
1523 988 1573 1024 24
1587 989 1608 1024 Ι)
1621 988 1682 1024 19.

247 1047 412 1087 τούτων
438 1046 484 1088 δὲ
509 1046 798 1099 ὑποκειμένων
825 1054 888 1088 est
924 1051 1107 1101 loquendi
1135 1052 1301 1090 formuia
1332 1050 1532 1089 Aristoteli
1560 1049 1682 1087 tritis-

249 1110 361 1157 sima,
389 1124 426 1148 v.
456 1112 672 1160 1317bl'1,
701 1115 888 1160 138183,
916 1116 1075 1162 21186,
1104 1115 1155 1155 cf.
1180 1113 1419 1154 ὑποκείσθω
1442 1114 1614 1151 219830
1634 1111 1682 1150 ai.

195 1172 281 1210 191)
294 1175 346 1211 22
382 1171 453 1213 διὰ
488 1175 615 1214 τοῦτο
657 1176 757 1214 bene
792 1177 962 1227 expiicat
990 1177 1218 1216 Ammonius
1259 1175 1328 1216 διὰ
1354 1175 1401 1216 τὸ
1428 1175 1551 1227 διχῶς
1576 1172 1684 1224 λέγε-

249 1237 354 1275 σθαι
379 1235 455 1284 τὰς
481 1235 734 1286 ἀντιθέσεις,
762 1251 861 1288 quae
890 1239 981 1289 quid
1010 1240 1082 1278 sibi
1112 1241 1233 1279 veiint
1259 1241 1408 1292 patebit
1435 1252 1484 1277 ex
1511 1249 1685 1287 sequen-

248 1299 367 1338 tibus.
423 1291 491 1340 Vs.
514 1303 565 1339 23
593 1305 633 1340 et
659 1303 711 1341 24
750 1306 936 1351 quantum
965 1304 1191 1341 vexaverint
1217 1304 1453 1352 interpretes
1481 1301 1615 1338 videre
1639 1300 1685 1337 li-

247 1366 312 1401 cet
338 1375 387 1401 ex
414 1364 621 1402 Ammonio
651 1364 796 1410 (schol.
825 1366 997 1403 122812
1021 1369 1145 1416 sqq),
1175 1366 1241 1415 qui
1270 1366 1310 1403 in
1331 1377 1376 1402 re
1399 1364 1608 1413 desperata
1629 1361 1683 1399 18-

246 1426 552 1475 mentationibus
581 1427 835 1466 Aristotelem
863 1428 1124 1478 persequitur.
1179 1428 1298 1466 Plana
1327 1431 1442 1464 erunt
1470 1426 1622 1471 omnia,
1651 1424 1685 1462 si

222 1486 376 1526 -locum
404 1488 698 1539 Anaiyticorum
726 1490 826 1527 bene
852 1491 1171 1540 perspexerimus
1199 1490 1579 1530 51b36—52a1·1‚
1617 1485 1685 1524 ubi

247 1549 347 1588 haee
373 1552 534 1589 uberius
562 1557 820 1601 exponuntur.
876 1552 956 1590 Res
978 1552 1036 1589 sic
1057 1564 1100 1590 se
1120 1553 1252 1590 habet.
1297 1549 1403 1591 κατὰ
1422 1548 1470 1589 τὸ
1490 1550 1686 1600 στοιχοῦν

248 1612 462 1658 secundum
492 1614 658 1659 seriem,
698 1626 812 1662 quam
840 1614 929 1649 inae
957 1614 1242 1650 enuntiationes
1269 1614 1431 1658 faciunt,
1458 1613 1498 1650 h.
1527 1625 1562 1651 e.
1592 1610 1683 1650 κατ’

251 1672 532 1723 ἀκολουθίαν,
561 1675 778 1713 secundum
805 1674 1007 1720 ordinem,
1036 1685 1112 1721 quo
1139 1673 1262 1710 altera
1290 1673 1404 1710 alteri
1433 1674 1686 1723 consequitur

251 1750 380 1788 eaque
407 1738 639 1775 continetur.
694 1736 774 1773 Iam
803 1735 841 1771 in
870 1734 1086 1784 Analyticis
1115 1734 1192 1772 hoc
1220 1734 1352 1772 tradit.
1402 1733 1460 1771 Sit
1487 1735 1530 1772 A
1556 1733 1603 1774 τὸ
1632 1729 1685 1773 εἷ-

236 1813 318 1840 ·ναι
344 1798 455 1848 ἴσον,
484 1799 520 1838 Β
547 1787 600 1837 τό
625 1795 683 1850 μὴ
712 1791 821 1836 εἶναι
847 1795 957 1842 ἰ’σον,
987 1797 1029 1835 Γ
1050 1795 1097 1835 τὸ
1126 1792 1234 1836 εἶναι
1262 1794 1319 1848 μὴ
1347 1795 1456 1846 ἴσον,
1484 1799 1526 1836 A
1555 1797 1603 1837 τὸ
1627 1795 1684 1850 μὴ

246 1857 358 1902 εἶναι
384 1860 441 1914 μὴ
470 1860 578 1900 ἴσον.
629 1860 670 1899 ln
709 1861 771 1899 his
799 1860 918 1910 igitur
947 1859 983 1898 Β
1011 1872 1256 1911 consequens
1284 1867 1344 1899 est
1370 1862 1449 1900 τοῦ
1479 1861 1536 1907 Γ,
1575 1866 1615 1899 et
1644 1863 1686 1899 A

243 1937 491 1976 consequens
519 1925 599 1963 τοῦ
627 1923 681 1964 Λ.
736 1922 888 1961 Deinde
916 1924 1033 1961 docet
1062 1927 1164 1967 (528
1181 1926 1273 1969 15),
1312 1924 1345 1961 si
1372 1936 1399 1974 γ
1427 1924 1477 1961 sit
1503 1922 1551 1962 τὸ
1579 1918 1686 1964 εἶναι

243 1989 397 2028 ἄνισον
426 1992 468 2025 et
496 1985 522 2025 6
548 1985 603 2025 τὸ.
624 1983 680 2037 μὴ
709 1980 818 2024 εἶναι
837 1985 1000 2034 ἄνισον,
1030 1986 1124 2023 item
1153 1998 1242 2023 esse
1270 1986 1306 2024 Β
1336 1999 1579 2036 consequens
1606 1989 1687 2027 τοῦ

242 2064 292 2103 γ,
329 2055 371 2090 et
395 2048 421 2089 6
449 2061 693 2099 consequens
722 2049 800 2087 τοῦ
830 2049 889 2086 A:
940 2052 1003 2086 est
1030 2048 1151 2097 igitur
1178 2049 1283 2097 quod
1311 2054 1446 2086 nostro
1476 2049 1562 2086 loco
1590 2050 1686 2089 dicit

243 2113 296 2154 τὰ
322 2111 399 2165 μὲν
425 2112 503 2153 δύο
533 2112 596 2158 (Γ
612 2117 654 2151 et
678 2113 740 2156 A)
776 2109 883 2162 πρὸς
919 2107 997 2161 τὴν
1035 2110 1275 2161 κατάφασιν
1305 2111 1384 2156 (Α)
1424 2108 1496 2150 καὶ
1522 2109 1686 2162 ἀπόφα-

245 2185 313 2218 σιν
343 2178 419 2224 (Β)
450 2175 528 2225 ἕξει
554 2172 662 2216 κατὰ
688 2173 736 2215 τὸ
765 2176 963 2225 στοιχοῦν
993 2178 1181 2224 (namque
1202 2174 1237 2212 Β
1262 2186 1505 2224 consequens
1528 2180 1589 2212 est
1606 2178 1686 2215 τοῦ

245 2241 308 2286 Γ,
348 2245 388 2279 et
414 2242 455 2278 A
484 2238 731 2290 consequens
759 2240 839 2277 τοῦ
867 2239 927 2282 A)
968 2234 1025 2283 ὡς
1065 2234 1110 2274 αἱ
1136 2236 1345 2288 στερήσεις
1373 2241 1419 2287 (γ
1442 2241 1482 2274 et
1510 2235 1560 2275 6:
1596 2251 1686 2277 nam

245 2305 361 2342 etiam
394 2303 427 2342 Β
456 2315 704 2352 consequens
733 2307 795 2340 ent
820 2302 899 2340 τοῦ
926 2313 978 2351 γ,
1018 2305 1058 2339 et
1086 2298 1111 2338 6
1139 2312 1381 2350 consequens
1406 2301 1484 2338 τοῦ
1501 2300 1573 2344 Α).
1628 2300 1686 2340 Ut

245 2366 368 2418 signis
403 2365 693 2404 mathematicis
733 2369 845 2412 utar,
891 2369 954 2402 est
1000 2363 1203 2414 proportio
1226 2363 1284 2410 χΓ
1299 2367 1311 2400 2'
1336 2362 1372 2400 Β
1396 2378 1456 2391 =
1482 2375 1510 2411 γ
1536 2375 1546 2399 :
1573 2362 1608 2400 Β
1624 2369 1626 2371 “
1645 2366 1685 2402 et

177 2439 179 2441 “
245 2426 583 2468 AzA-—--·6:A.
637 2428 736 2466 Nam
775 2431 820 2466 ut
858 2426 900 2465 Γ
936 2431 998 2464 est
1035 2427 1270 2464 antecedens
1310 2426 1388 2463 τοῦ
1418 2423 1453 2462 Β
1481 2425 1539 2462 sic
1566 2426 1683 2464 etiam

243 2506 272 2543 y
300 2491 348 2544 (ἦ
376 2487 585 2542 στέρησις)
614 2494 678 2528 est
704 2489 940 2528 antecedens
968 2491 1046 2528 τοῦ
1075 2489 1125 2538 Β,
1154 2493 1195 2527 et
1222 2492 1264 2526 ut
1283 2490 1326 2526 A
1353 2491 1415 2525 est
1443 2499 1684 2537 consequens

245 2557 323 2595 τοῦ
351 2556 405 2603 Α,
435 2555 492 2592 sic
519 2555 635 2592 etiam
667 2551 691 2592 6
721 2551 767 2605 (ἦ
796 2551 1004 2604 στέρησις)
1033 2557 1095 2591 est
1121 2563 1361 2602 consequens
1388 2550 1466 2589 τοῦ
1494 2550 1545 2587 Α.
1598 2549 1682 2588 Ad-

249 2619 310 2656 dit
334 2631 392 2658 vs.
421 2619 472 2655 24
499 2614 550 2656 τὰ
578 2614 623 2656 δὲ
651 2615 729 2656 δύο
758 2618 832 2656 οὔτ
869 2629 955 2654 nam
985 2617 1025 2654 A
1052 2619 1094 2654 et
1123 2615 1157 2654 B
1198 2627 1272 2653 non
1301 2614 1463 2652 eandem
1491 2613 1682 2650 rationem

248 2681 393 2719 habent
419 2681 469 2720 ad
496 2682 538 2720 A
565 2685 606 2720 et
634 2680 686 2726 Γ,
714 2692 830 2730 quam
855 2679 1003 2718 habeut
1030 2677 1056 2719 6
1084 2682 1123 2718 et
1149 2689 1176 2727 γ
1203 2677 1250 2716 ad
1279 2678 1321 2715 A
1347 2680 1388 2716 et
1416 2676 1479 2724 Γ,
1508 2675 1610 2726 quod
1639 2679 1683 2713 ut

246 2743 567 2784 demonstremus
599 2755 803 2795 nonopus
830 2747 903 2782 est.
1227 2748 1229 2751 '
