<?xml version="1.0" encoding="UTF-8"?>
<!DOCTYPE html PUBLIC "-//W3C//DTD XHTML 1.0 Transitional//EN"
    "http://www.w3.org/TR/xhtml1/DTD/xhtml1-transitional.dtd">
<html xmlns="http://www.w3.org/1999/xhtml" xml:lang="en" lang="en">
 <head>
  <title>
</title>
<meta http-equiv="Content-Type" content="text/html;charset=utf-8" />
  <meta name='ocr-system' content='tesseract 3.04.00' />
  <meta name='ocr-capabilities' content='ocr_page ocr_carea ocr_par ocr_line ocrx_word'/>
</head>
<body>
  <div class='ocr_page' id='page_1' title='image "aristotelisorgan01arisuoft_0357.png"; bbox 0 0 1838 3086; ppageno 0'>
   <div class='ocr_carea' id='block_1_1' title="bbox 0 0 28 1024">
    <p class='ocr_par' dir='ltr' id='par_1_1' title="bbox 0 0 28 1024">
     <span class='ocr_line' id='line_1_1' title="bbox 0 0 28 1024; baseline 0 0"><span class='ocrx_word' id='word_1_1' title='bbox 0 0 28 1024; x_wconf 95' lang='lat' dir='ltr'><strong> </strong></span> 
     </span>
    </p>
   </div>
   <div class='ocr_carea' id='block_1_2' title="bbox 436 785 1252 843">
    <p class='ocr_par' dir='ltr' id='par_1_2' title="bbox 436 785 1252 843">
     <span class='ocr_line' id='line_1_2' title="bbox 436 785 1252 843; baseline 0.001 -1"><span class='ocrx_word' id='word_1_2' title='bbox 436 785 1252 843; x_wconf 77' lang='lat' dir='ltr'><strong>HERMENEUTIGA.</strong></span> 
     </span>
    </p>
   </div>
   <div class='ocr_carea' id='block_1_3' title="bbox 87 1003 1618 2749">
    <p class='ocr_par' dir='ltr' id='par_1_3' title="bbox 87 1003 1618 2749">
     <span class='ocr_line' id='line_1_3' title="bbox 88 1003 1614 1084; baseline 0.001 -11"><span class='ocrx_word' id='word_1_3' title='bbox 88 1003 187 1073; x_wconf 80' lang='lat' dir='ltr'><strong>De</strong></span> <span class='ocrx_word' id='word_1_4' title='bbox 215 1043 314 1070; x_wconf 83' lang='lat' dir='ltr'><strong>voce</strong></span> <span class='ocrx_word' id='word_1_5' title='bbox 355 1027 557 1084; x_wconf 80' lang='grc' dir='ltr'><strong><em>ἑρμηνεία</em></strong></span> <span class='ocrx_word' id='word_1_6' title='bbox 585 1031 705 1071; x_wconf 81' lang='lat' dir='ltr'><strong>Biese</strong></span> <span class='ocrx_word' id='word_1_7' title='bbox 733 1032 762 1071; x_wconf 91' lang='lat' dir='ltr'><strong>I.</strong></span> <span class='ocrx_word' id='word_1_8' title='bbox 791 1045 831 1084; x_wconf 88' lang='lat' dir='ltr'><strong>p.</strong></span> <span class='ocrx_word' id='word_1_9' title='bbox 860 1034 914 1071; x_wconf 88' lang='grc'><strong>89</strong></span> <span class='ocrx_word' id='word_1_10' title='bbox 951 1033 1064 1080; x_wconf 77' lang='lat' dir='ltr'><strong>„Der</strong></span> <span class='ocrx_word' id='word_1_11' title='bbox 1093 1032 1187 1071; x_wconf 80' lang='lat' dir='ltr'><strong>Satz</strong></span> <span class='ocrx_word' id='word_1_12' title='bbox 1216 1032 1271 1071; x_wconf 83' lang='lat' dir='ltr'><strong>ist</strong></span> <span class='ocrx_word' id='word_1_13' title='bbox 1298 1032 1372 1071; x_wconf 84' lang='lat' dir='ltr'><strong>der</strong></span> <span class='ocrx_word' id='word_1_14' title='bbox 1398 1032 1614 1074; x_wconf 83' lang='lat' dir='ltr'><strong>Ausdruck</strong></span> 
     </span>
     <span class='ocr_line' id='line_1_4' title="bbox 90 1091 1612 1148; baseline 0.001 -13"><span class='ocrx_word' id='word_1_15' title='bbox 90 1092 331 1148; x_wconf 78' lang='grc' dir='ltr'><strong><em>(ἑρμηνεία)</em></strong></span> <span class='ocrx_word' id='word_1_16' title='bbox 364 1097 436 1135; x_wconf 85' lang='lat' dir='ltr'><strong>des</strong></span> <span class='ocrx_word' id='word_1_17' title='bbox 463 1095 772 1135; x_wconf 78' lang='lat' dir='ltr'><strong>reflectirenden</strong></span> <span class='ocrx_word' id='word_1_18' title='bbox 802 1096 1011 1143; x_wconf 84' lang='lat' dir='ltr'><strong>Denkens,</strong></span> <span class='ocrx_word' id='word_1_19' title='bbox 1043 1096 1217 1134; x_wconf 84' lang='lat' dir='ltr'>welches</span> <span class='ocrx_word' id='word_1_20' title='bbox 1247 1100 1383 1136; x_wconf 80' lang='lat' dir='ltr'><strong>trennt</strong></span> <span class='ocrx_word' id='word_1_21' title='bbox 1410 1096 1492 1136; x_wconf 87' lang='lat' dir='ltr'><strong>und</strong></span> <span class='ocrx_word' id='word_1_22' title='bbox 1521 1091 1612 1136; x_wconf 77' lang='lat' dir='ltr'><strong>ver-</strong></span> 
     </span>
     <span class='ocr_line' id='line_1_5' title="bbox 89 1159 1613 1212; baseline 0 -12"><span class='ocrx_word' id='word_1_23' title='bbox 89 1159 270 1200; x_wconf 79' lang='lat' dir='ltr'><strong>bindet”.</strong></span> <span class='ocrx_word' id='word_1_24' title='bbox 314 1160 507 1199; x_wconf 79' lang='lat' dir='ltr'>Boethius</span> <span class='ocrx_word' id='word_1_25' title='bbox 536 1172 680 1198; x_wconf 86' lang='lat' dir='ltr'><strong>comm.</strong></span> <span class='ocrx_word' id='word_1_26' title='bbox 710 1160 749 1197; x_wconf 86' lang='lat' dir='ltr'><strong>in</strong></span> <span class='ocrx_word' id='word_1_27' title='bbox 779 1159 845 1197; x_wconf 84' lang='lat' dir='ltr'>lib.</span> <span class='ocrx_word' id='word_1_28' title='bbox 879 1159 930 1199; x_wconf 89' lang='lat' dir='ltr'><strong>de</strong></span> <span class='ocrx_word' id='word_1_29' title='bbox 958 1160 1055 1211; x_wconf 77' lang='lat' dir='ltr'><strong>intp.</strong></span> <span class='ocrx_word' id='word_1_30' title='bbox 1088 1172 1266 1211; x_wconf 86' lang='lat' dir='ltr'><strong>prooem.</strong></span> <span class='ocrx_word' id='word_1_31' title='bbox 1297 1159 1613 1212; x_wconf 74' lang='lat' dir='ltr'><strong>„Interpretatio</strong></span> 
     </span>
     <span class='ocr_line' id='line_1_6' title="bbox 90 1219 1611 1276; baseline 0 -13"><span class='ocrx_word' id='word_1_32' title='bbox 90 1219 332 1276; x_wconf 78' lang='grc' dir='ltr'>(ἑρμηνεία)</span> <span class='ocrx_word' id='word_1_33' title='bbox 361 1230 425 1263; x_wconf 82' lang='lat' dir='ltr'><strong>est</strong></span> <span class='ocrx_word' id='word_1_34' title='bbox 453 1236 527 1262; x_wconf 87' lang='lat' dir='ltr'><strong>vox</strong></span> <span class='ocrx_word' id='word_1_35' title='bbox 556 1223 815 1275; x_wconf 76' lang='lat' dir='ltr'><strong>significativa</strong></span> <span class='ocrx_word' id='word_1_36' title='bbox 846 1236 920 1275; x_wconf 87' lang='lat' dir='ltr'><strong>per</strong></span> <span class='ocrx_word' id='word_1_37' title='bbox 942 1237 988 1262; x_wconf 87' lang='lat' dir='ltr'><strong>se</strong></span> <span class='ocrx_word' id='word_1_38' title='bbox 1012 1224 1139 1275; x_wconf 79' lang='lat' dir='ltr'>ipsam</span> <span class='ocrx_word' id='word_1_39' title='bbox 1162 1223 1313 1275; x_wconf 81' lang='lat' dir='ltr'><strong>aliquid</strong></span> <span class='ocrx_word' id='word_1_40' title='bbox 1334 1223 1611 1274; x_wconf 78' lang='lat' dir='ltr'><strong>significans&#39;&#39;:</strong></span> 
     </span>
     <span class='ocr_line' id='line_1_7' title="bbox 91 1286 1612 1338; baseline 0.001 -12"><span class='ocrx_word' id='word_1_41' title='bbox 91 1289 141 1326; x_wconf 85' lang='lat' dir='ltr'><strong>ad</strong></span> <span class='ocrx_word' id='word_1_42' title='bbox 169 1301 272 1338; x_wconf 84' lang='lat' dir='ltr'><strong>quae</strong></span> <span class='ocrx_word' id='word_1_43' title='bbox 309 1292 422 1327; x_wconf 88' lang='lat' dir='ltr'><strong>recte</strong></span> <span class='ocrx_word' id='word_1_44' title='bbox 450 1287 629 1326; x_wconf 83' lang='lat' dir='ltr'><strong>Thomas</strong></span> <span class='ocrx_word' id='word_1_45' title='bbox 656 1287 836 1338; x_wconf 75' lang='lat' dir='ltr'><strong>Aquinas</strong></span> <span class='ocrx_word' id='word_1_46' title='bbox 878 1290 993 1338; x_wconf 84' lang='lat' dir='ltr'><strong>(opp.</strong></span> <span class='ocrx_word' id='word_1_47' title='bbox 1024 1288 1088 1326; x_wconf 85' lang='lat' dir='ltr'><strong>ed.</strong></span> <span class='ocrx_word' id='word_1_48' title='bbox 1119 1286 1220 1326; x_wconf 89' lang='lat' dir='ltr'><strong>Ven.</strong></span> <span class='ocrx_word' id='word_1_49' title='bbox 1252 1289 1377 1333; x_wconf 83' lang='lat'>1495)</span> <span class='ocrx_word' id='word_1_50' title='bbox 1405 1287 1534 1336; x_wconf 76' lang='lat' dir='ltr'><strong>f01.2,</strong></span> <span class='ocrx_word' id='word_1_51' title='bbox 1565 1302 1612 1327; x_wconf 79' lang='lat' dir='ltr'><strong>a:</strong></span> 
     </span>
     <span class='ocr_line' id='line_1_8' title="bbox 91 1351 1615 1402; baseline 0.001 -13"><span class='ocrx_word' id='word_1_52' title='bbox 91 1351 273 1399; x_wconf 82' lang='lat' dir='ltr'>„Nomen</span> <span class='ocrx_word' id='word_1_53' title='bbox 302 1356 346 1390; x_wconf 86' lang='lat' dir='ltr'><strong>et</strong></span> <span class='ocrx_word' id='word_1_54' title='bbox 375 1351 537 1390; x_wconf 86' lang='lat' dir='ltr'><strong>verbum</strong></span> <span class='ocrx_word' id='word_1_55' title='bbox 568 1352 695 1401; x_wconf 78' lang='lat' dir='ltr'>magis</span> <span class='ocrx_word' id='word_1_56' title='bbox 724 1351 1068 1401; x_wconf 79' lang='lat' dir='ltr'><strong>interpretationis</strong></span> <span class='ocrx_word' id='word_1_57' title='bbox 1097 1352 1294 1402; x_wconf 74' lang='lat' dir='ltr'><strong>principia</strong></span> <span class='ocrx_word' id='word_1_58' title='bbox 1319 1364 1411 1390; x_wconf 78' lang='lat' dir='ltr'><strong>esse</strong></span> <span class='ocrx_word' id='word_1_59' title='bbox 1432 1353 1615 1392; x_wconf 78' lang='lat' dir='ltr'><strong>videntur</strong></span> 
     </span>
     <span class='ocr_line' id='line_1_9' title="bbox 90 1411 1616 1467; baseline 0.001 -14"><span class='ocrx_word' id='word_1_60' title='bbox 90 1428 206 1467; x_wconf 81' lang='lat' dir='ltr'><strong>quam</strong></span> <span class='ocrx_word' id='word_1_61' title='bbox 236 1412 559 1466; x_wconf 75' lang='lat' dir='ltr'><strong>interpretatio’&#39;.</strong></span> <span class='ocrx_word' id='word_1_62' title='bbox 616 1414 754 1452; x_wconf 80' lang='lat' dir='ltr'><strong>Latius</strong></span> <span class='ocrx_word' id='word_1_63' title='bbox 796 1420 908 1466; x_wconf 79' lang='lat' dir='ltr'><strong>patet</strong></span> <span class='ocrx_word' id='word_1_64' title='bbox 946 1411 1146 1467; x_wconf 79' lang='grc' dir='ltr'><em>ἑρμηνεία</em></span> <span class='ocrx_word' id='word_1_65' title='bbox 1182 1428 1299 1466; x_wconf 88' lang='lat' dir='ltr'><strong>quam</strong></span> <span class='ocrx_word' id='word_1_66' title='bbox 1338 1412 1466 1464; x_wconf 75' lang='grc' dir='ltr'><strong><em>λέξιςτ</em></strong></span> <span class='ocrx_word' id='word_1_67' title='bbox 1517 1416 1616 1455; x_wconf 78' lang='lat' dir='ltr'><strong>dicit</strong></span> 
     </span>
     <span class='ocr_line' id='line_1_10' title="bbox 90 1473 1614 1532; baseline 0.001 -16"><span class='ocrx_word' id='word_1_68' title='bbox 90 1479 194 1517; x_wconf 85' lang='lat' dir='ltr'><strong>enim</strong></span> <span class='ocrx_word' id='word_1_69' title='bbox 225 1480 430 1518; x_wconf 81' lang='lat' dir='ltr'>1450b14</span> <span class='ocrx_word' id='word_1_70' title='bbox 467 1475 580 1527; x_wconf 80' lang='grc' dir='ltr'><strong><em>λέξιν</em></strong></span> <span class='ocrx_word' id='word_1_71' title='bbox 622 1473 732 1518; x_wconf 81' lang='grc' dir='ltr'><strong><em>εἶναι</em></strong></span> <span class='ocrx_word' id='word_1_72' title='bbox 769 1475 849 1530; x_wconf 77' lang='grc' dir='ltr'><strong>τὴν</strong></span> <span class='ocrx_word' id='word_1_73' title='bbox 887 1476 958 1519; x_wconf 83' lang='grc' dir='ltr'><strong>διὰ</strong></span> <span class='ocrx_word' id='word_1_74' title='bbox 994 1481 1071 1532; x_wconf 79' lang='grc' dir='ltr'><strong>τῆς</strong></span> <span class='ocrx_word' id='word_1_75' title='bbox 1108 1478 1345 1531; x_wconf 81' lang='grc' dir='ltr'><strong><em>ὀνομασίας</em></strong></span> <span class='ocrx_word' id='word_1_76' title='bbox 1373 1476 1614 1532; x_wconf 77' lang='grc' dir='ltr'><strong><em>ἑρμηνείαν.</em></strong></span> 
     </span>
     <span class='ocr_line' id='line_1_11' title="bbox 91 1540 1618 1596; baseline 0.003 -15"><span class='ocrx_word' id='word_1_77' title='bbox 91 1541 203 1587; x_wconf 83' lang='lat' dir='ltr'><strong>(Vox</strong></span> <span class='ocrx_word' id='word_1_78' title='bbox 233 1543 494 1593; x_wconf 77' lang='lat' dir='ltr'><strong>explanabilis</strong></span> <span class='ocrx_word' id='word_1_79' title='bbox 533 1555 795 1593; x_wconf 83' lang='lat' dir='ltr'><strong>quaecunque</strong></span> <span class='ocrx_word' id='word_1_80' title='bbox 833 1540 941 1592; x_wconf 79' lang='grc' dir='ltr'><strong><em>λέξις</em></strong></span> <span class='ocrx_word' id='word_1_81' title='bbox 981 1549 1071 1592; x_wconf 70' lang='lat' dir='ltr'><strong>est,</strong></span> <span class='ocrx_word' id='word_1_82' title='bbox 1111 1557 1146 1583; x_wconf 79' lang='lat' dir='ltr'><strong>v.</strong></span> <span class='ocrx_word' id='word_1_83' title='bbox 1176 1545 1356 1582; x_wconf 78' lang='lat' dir='ltr'>875b21</span> <span class='ocrx_word' id='word_1_84' title='bbox 1396 1542 1425 1596; x_wconf 82' lang='grc' dir='ltr'><em>ἦ</em></span> <span class='ocrx_word' id='word_1_85' title='bbox 1452 1545 1618 1595; x_wconf 82' lang='grc' dir='ltr'><strong><em>γλῶττα</em></strong></span> 
     </span>
     <span class='ocr_line' id='line_1_12' title="bbox 91 1603 1617 1659; baseline 0.003 -15"><span class='ocrx_word' id='word_1_86' title='bbox 91 1603 367 1658; x_wconf 78' lang='grc' dir='ltr'><strong><em>σφαλλομένη</em></strong></span> <span class='ocrx_word' id='word_1_87' title='bbox 396 1605 535 1646; x_wconf 84' lang='grc' dir='ltr'><strong><em>πταίει</em></strong></span> <span class='ocrx_word' id='word_1_88' title='bbox 563 1605 635 1646; x_wconf 84' lang='grc' dir='ltr'><strong><em>καὶ</em></strong></span> <span class='ocrx_word' id='word_1_89' title='bbox 663 1605 716 1646; x_wconf 88' lang='grc' dir='ltr'><strong>οὐ</strong></span> <span class='ocrx_word' id='word_1_90' title='bbox 745 1606 925 1646; x_wconf 81' lang='grc' dir='ltr'><strong><em>δύναται</em></strong></span> <span class='ocrx_word' id='word_1_91' title='bbox 956 1604 1035 1659; x_wconf 80' lang='grc' dir='ltr'><strong>τὴν</strong></span> <span class='ocrx_word' id='word_1_92' title='bbox 1061 1606 1171 1655; x_wconf 80' lang='grc' dir='ltr'><strong><em>λέξιν</em></strong></span> <span class='ocrx_word' id='word_1_93' title='bbox 1202 1606 1475 1658; x_wconf 75' lang='grc' dir='ltr'><strong><em>διαρθροῦνε</em></strong></span> <span class='ocrx_word' id='word_1_94' title='bbox 1509 1610 1617 1648; x_wconf 87' lang='lat' dir='ltr'><strong>uude</strong></span> 
     </span>
     <span class='ocr_line' id='line_1_13' title="bbox 89 1667 1616 1724; baseline 0.003 -16"><span class='ocrx_word' id='word_1_95' title='bbox 89 1670 149 1717; x_wconf 77' lang='lat' dir='ltr'><strong>fit,</strong></span> <span class='ocrx_word' id='word_1_96' title='bbox 178 1677 224 1709; x_wconf 81' lang='lat' dir='ltr'><strong>ut</strong></span> <span class='ocrx_word' id='word_1_97' title='bbox 250 1673 301 1708; x_wconf 78' lang='grc'><strong>63</strong></span> <span class='ocrx_word' id='word_1_98' title='bbox 317 1671 403 1708; x_wconf 69' lang='lat'><strong>2124</strong></span> <span class='ocrx_word' id='word_1_99' title='bbox 430 1668 537 1710; x_wconf 83' lang='grc' dir='ltr'><strong><em>κατὰ</em></strong></span> <span class='ocrx_word' id='word_1_100' title='bbox 565 1668 643 1721; x_wconf 74' lang='grc' dir='ltr'><strong><em>μὲν</em></strong></span> <span class='ocrx_word' id='word_1_101' title='bbox 668 1667 748 1721; x_wconf 79' lang='grc' dir='ltr'><strong>τὴν</strong></span> <span class='ocrx_word' id='word_1_102' title='bbox 775 1669 887 1718; x_wconf 81' lang='grc' dir='ltr'><strong><em>λέξιν</em></strong></span> <span class='ocrx_word' id='word_1_103' title='bbox 916 1676 959 1710; x_wconf 87' lang='lat' dir='ltr'><strong>et</strong></span> <span class='ocrx_word' id='word_1_104' title='bbox 987 1669 1081 1710; x_wconf 83' lang='grc' dir='ltr'><strong><em>κατ’</em></strong></span> <span class='ocrx_word' id='word_1_105' title='bbox 1103 1670 1314 1723; x_wconf 75' lang='grc' dir='ltr'><strong><em>ἀλήθειαν</em></strong></span> <span class='ocrx_word' id='word_1_106' title='bbox 1339 1670 1384 1712; x_wconf 85' lang='grc' dir='ltr'><strong>δέ</strong></span> <span class='ocrx_word' id='word_1_107' title='bbox 1409 1686 1616 1724; x_wconf 78' lang='lat' dir='ltr'><strong>opponan-</strong></span> 
     </span>
     <span class='ocr_line' id='line_1_14' title="bbox 89 1733 1616 1785; baseline 0.003 -14"><span class='ocrx_word' id='word_1_108' title='bbox 89 1740 175 1781; x_wconf 75' lang='lat' dir='ltr'><strong>tur,</strong></span> <span class='ocrx_word' id='word_1_109' title='bbox 216 1733 357 1772; x_wconf 88' lang='lat' dir='ltr'><strong>eodem</strong></span> <span class='ocrx_word' id='word_1_110' title='bbox 398 1748 517 1772; x_wconf 80' lang='lat' dir='ltr'><strong>sensu</strong></span> <span class='ocrx_word' id='word_1_111' title='bbox 559 1747 638 1784; x_wconf 91' lang='lat' dir='ltr'><strong>quo</strong></span> <span class='ocrx_word' id='word_1_112' title='bbox 676 1742 932 1785; x_wconf 82' lang='lat' dir='ltr'><strong>opponuntur</strong></span> <span class='ocrx_word' id='word_1_113' title='bbox 969 1733 1078 1774; x_wconf 82' lang='grc' dir='ltr'><strong><em>κατὰ</em></strong></span> <span class='ocrx_word' id='word_1_114' title='bbox 1114 1737 1308 1785; x_wconf 86' lang='grc' dir='ltr'><strong><em>τοῦνομα</em></strong></span> <span class='ocrx_word' id='word_1_115' title='bbox 1336 1741 1376 1774; x_wconf 89' lang='lat' dir='ltr'><strong>et</strong></span> <span class='ocrx_word' id='word_1_116' title='bbox 1403 1733 1511 1776; x_wconf 81' lang='grc' dir='ltr'><strong><em>κατὰ</em></strong></span> <span class='ocrx_word' id='word_1_117' title='bbox 1538 1735 1616 1776; x_wconf 86' lang='grc' dir='ltr'><strong>τὸν</strong></span> 
     </span>
     <span class='ocr_line' id='line_1_15' title="bbox 87 1796 1616 1849; baseline 0.002 -13"><span class='ocrx_word' id='word_1_118' title='bbox 87 1796 244 1848; x_wconf 88' lang='grc' dir='ltr'><strong><em>λόγον,</em></strong></span> <span class='ocrx_word' id='word_1_119' title='bbox 287 1797 327 1836; x_wconf 90' lang='lat' dir='ltr'><strong>in</strong></span> <span class='ocrx_word' id='word_1_120' title='bbox 365 1799 539 1848; x_wconf 80' lang='lat' dir='ltr'><strong>speciem</strong></span> <span class='ocrx_word' id='word_1_121' title='bbox 581 1801 625 1842; x_wconf 85' lang='lat' dir='ltr'><strong>(e</strong></span> <span class='ocrx_word' id='word_1_122' title='bbox 666 1798 796 1836; x_wconf 76' lang='lat' dir='ltr'><strong>verbis</strong></span> <span class='ocrx_word' id='word_1_123' title='bbox 826 1798 953 1849; x_wconf 78' lang='lat' dir='ltr'>magis</span> <span class='ocrx_word' id='word_1_124' title='bbox 982 1811 1102 1848; x_wconf 85' lang='lat' dir='ltr'><strong>quam</strong></span> <span class='ocrx_word' id='word_1_125' title='bbox 1132 1812 1155 1837; x_wconf 92' lang='lat' dir='ltr'><strong>e</strong></span> <span class='ocrx_word' id='word_1_126' title='bbox 1183 1813 1230 1838; x_wconf 86' lang='lat' dir='ltr'><strong>re</strong></span> <span class='ocrx_word' id='word_1_127' title='bbox 1257 1800 1469 1844; x_wconf 80' lang='lat' dir='ltr'><strong>iudicanti)</strong></span> <span class='ocrx_word' id='word_1_128' title='bbox 1501 1804 1542 1838; x_wconf 83' lang='lat' dir='ltr'><strong>et</strong></span> <span class='ocrx_word' id='word_1_129' title='bbox 1570 1813 1616 1839; x_wconf 86' lang='lat' dir='ltr'><strong>re</strong></span> 
     </span>
     <span class='ocr_line' id='line_1_16' title="bbox 88 1857 1614 1914; baseline 0.001 -14"><span class='ocrx_word' id='word_1_130' title='bbox 88 1874 192 1900; x_wconf 80' lang='lat' dir='ltr'><strong>vera.</strong></span> <span class='ocrx_word' id='word_1_131' title='bbox 223 1862 343 1900; x_wconf 80' lang='lat' dir='ltr'><strong>Biese</strong></span> <span class='ocrx_word' id='word_1_132' title='bbox 372 1861 418 1899; x_wconf 88' lang='lat' dir='ltr'><strong>ll.</strong></span> <span class='ocrx_word' id='word_1_133' title='bbox 448 1874 486 1911; x_wconf 91' lang='lat' dir='ltr'><strong>p.</strong></span> <span class='ocrx_word' id='word_1_134' title='bbox 516 1862 594 1899; x_wconf 83' lang='grc'><strong>628</strong></span> <span class='ocrx_word' id='word_1_135' title='bbox 621 1857 734 1909; x_wconf 83' lang='grc' dir='ltr'><strong><em>λέξιν</em></strong></span> <span class='ocrx_word' id='word_1_136' title='bbox 763 1866 877 1900; x_wconf 87' lang='lat' dir='ltr'><strong>recte</strong></span> <span class='ocrx_word' id='word_1_137' title='bbox 906 1862 1090 1914; x_wconf 71' lang='lat' dir='ltr'><strong>iutelligit</strong></span> <span class='ocrx_word' id='word_1_138' title='bbox 1118 1862 1170 1901; x_wconf 85' lang='lat' dir='ltr'><strong>de</strong></span> <span class='ocrx_word' id='word_1_139' title='bbox 1198 1863 1427 1902; x_wconf 79' lang='lat' dir='ltr'><strong>elocutione</strong></span> <span class='ocrx_word' id='word_1_140' title='bbox 1454 1868 1614 1902; x_wconf 78' lang='lat' dir='ltr'><strong>vertens</strong></span> 
     </span>
     <span class='ocr_line' id='line_1_17' title="bbox 87 1924 1615 1979; baseline 0.001 -15"><span class='ocrx_word' id='word_1_141' title='bbox 87 1925 405 1973; x_wconf 81' lang='lat' dir='ltr'><strong>„reduerischer</strong></span> <span class='ocrx_word' id='word_1_142' title='bbox 432 1924 550 1974; x_wconf 72' lang='lat' dir='ltr'>Sti1,’&#39;</span> <span class='ocrx_word' id='word_1_143' title='bbox 581 1925 632 1963; x_wconf 90' lang='lat' dir='ltr'><strong>ib.</strong></span> <span class='ocrx_word' id='word_1_144' title='bbox 662 1938 700 1976; x_wconf 84' lang='lat' dir='ltr'><strong>p.</strong></span> <span class='ocrx_word' id='word_1_145' title='bbox 723 1927 802 1962; x_wconf 87' lang='grc'><strong>686</strong></span> <span class='ocrx_word' id='word_1_146' title='bbox 833 1924 1060 1974; x_wconf 79' lang='lat' dir='ltr'><strong>„Dicu0n”.</strong></span> <span class='ocrx_word' id='word_1_147' title='bbox 1115 1926 1246 1965; x_wconf 77' lang='lat' dir='ltr'>Etiam</span> <span class='ocrx_word' id='word_1_148' title='bbox 1276 1924 1615 1979; x_wconf 80' lang='grc' dir='ltr'><strong><em>ὀρχηστικωτέρᾳ</em></strong></span> 
     </span>
     <span class='ocr_line' id='line_1_18' title="bbox 87 1986 1614 2043; baseline 0.002 -15"><span class='ocrx_word' id='word_1_149' title='bbox 87 1990 199 2041; x_wconf 79' lang='lat' dir='ltr'><strong>poesi</strong></span> <span class='ocrx_word' id='word_1_150' title='bbox 228 1986 334 2038; x_wconf 80' lang='grc' dir='ltr'><strong><em>λέξις</em></strong></span> <span class='ocrx_word' id='word_1_151' title='bbox 361 1989 580 2040; x_wconf 84' lang='lat' dir='ltr'><strong>opponitur</strong></span> <span class='ocrx_word' id='word_1_152' title='bbox 611 1989 812 2026; x_wconf 82' lang='lat' dir='ltr'>1449a23</span> <span class='ocrx_word' id='word_1_153' title='bbox 840 1987 989 2037; x_wconf 83' lang='grc' dir='ltr'><strong><em>λέξεως</em></strong></span> <span class='ocrx_word' id='word_1_154' title='bbox 1017 1987 1063 2029; x_wconf 79' lang='grc' dir='ltr'><strong>δὲ</strong></span> <span class='ocrx_word' id='word_1_155' title='bbox 1091 1987 1326 2042; x_wconf 78' lang='grc' dir='ltr'><strong><em>γενομένης</em></strong></span> <span class='ocrx_word' id='word_1_156' title='bbox 1348 1989 1457 2043; x_wconf 82' lang='grc' dir='ltr'><strong><em>αὐτὴ</em></strong></span> <span class='ocrx_word' id='word_1_157' title='bbox 1477 1989 1506 2043; x_wconf 78' lang='grc' dir='ltr'><strong><em>ἡ</em></strong></span> <span class='ocrx_word' id='word_1_158' title='bbox 1530 1990 1614 2041; x_wconf 84' lang='grc' dir='ltr'><strong>φύ-</strong></span> 
     </span>
     <span class='ocr_line' id='line_1_19' title="bbox 88 2044 1613 2106; baseline 0.002 -14"><span class='ocrx_word' id='word_1_159' title='bbox 88 2060 154 2100; x_wconf 85' lang='grc' dir='ltr'><strong>σις</strong></span> <span class='ocrx_word' id='word_1_160' title='bbox 176 2052 225 2093; x_wconf 89' lang='grc' dir='ltr'><strong>τὸ</strong></span> <span class='ocrx_word' id='word_1_161' title='bbox 248 2052 409 2093; x_wconf 83' lang='grc' dir='ltr'><strong><em>οἰκεῖον</em></strong></span> <span class='ocrx_word' id='word_1_162' title='bbox 431 2051 588 2104; x_wconf 82' lang='grc' dir='ltr'><strong><em>μέτρον</em></strong></span> <span class='ocrx_word' id='word_1_163' title='bbox 616 2044 758 2104; x_wconf 80' lang='grc' dir='ltr'><strong><em>εὗρεν·</em></strong></span> <span class='ocrx_word' id='word_1_164' title='bbox 789 2051 971 2103; x_wconf 79' lang='grc' dir='ltr'><strong><em>μάλιστα</em></strong></span> <span class='ocrx_word' id='word_1_165' title='bbox 997 2051 1080 2105; x_wconf 85' lang='grc' dir='ltr'><strong>γὰρ</strong></span> <span class='ocrx_word' id='word_1_166' title='bbox 1108 2053 1303 2094; x_wconf 81' lang='grc' dir='ltr'><strong><em>λεκτικὸν</em></strong></span> <span class='ocrx_word' id='word_1_167' title='bbox 1330 2055 1417 2095; x_wconf 81' lang='grc' dir='ltr'><strong>τῶν</strong></span> <span class='ocrx_word' id='word_1_168' title='bbox 1444 2053 1613 2106; x_wconf 83' lang='grc' dir='ltr'><strong><em>μέτρων</em></strong></span> 
     </span>
     <span class='ocr_line' id='line_1_20' title="bbox 88 2114 1613 2171; baseline 0.001 -14"><span class='ocrx_word' id='word_1_169' title='bbox 88 2115 138 2157; x_wconf 89' lang='grc' dir='ltr'><strong>τὸ</strong></span> <span class='ocrx_word' id='word_1_170' title='bbox 168 2115 366 2167; x_wconf 80' lang='grc' dir='ltr'><strong><em>ἰαμβεῖόν</em></strong></span> <span class='ocrx_word' id='word_1_171' title='bbox 394 2114 543 2162; x_wconf 78' lang='grc' dir='ltr'><strong><em>ἐστιν.)</em></strong></span> <span class='ocrx_word' id='word_1_172' title='bbox 600 2117 680 2156; x_wconf 80' lang='lat' dir='ltr'><strong>Ubi</strong></span> <span class='ocrx_word' id='word_1_173' title='bbox 710 2117 839 2155; x_wconf 81' lang='lat' dir='ltr'><strong>miuus</strong></span> <span class='ocrx_word' id='word_1_174' title='bbox 869 2119 1067 2168; x_wconf 70' lang='lat' dir='ltr'><strong>premitur</strong></span> <span class='ocrx_word' id='word_1_175' title='bbox 1096 2119 1331 2169; x_wconf 78' lang='lat' dir='ltr'><strong>significatio</strong></span> <span class='ocrx_word' id='word_1_176' title='bbox 1361 2120 1469 2158; x_wconf 80' lang='lat' dir='ltr'><strong>vocis</strong></span> <span class='ocrx_word' id='word_1_177' title='bbox 1489 2116 1613 2171; x_wconf 79' lang='grc' dir='ltr'><strong><em>ἑρμη-</em></strong></span> 
     </span>
     <span class='ocr_line' id='line_1_21' title="bbox 87 2178 1613 2234; baseline 0.002 -14"><span class='ocrx_word' id='word_1_178' title='bbox 87 2178 181 2220; x_wconf 85' lang='grc' dir='ltr'><strong><em>νεία</em></strong></span> <span class='ocrx_word' id='word_1_179' title='bbox 222 2181 327 2218; x_wconf 83' lang='lat' dir='ltr'><strong>idem</strong></span> <span class='ocrx_word' id='word_1_180' title='bbox 355 2180 445 2218; x_wconf 85' lang='lat' dir='ltr'><strong>fere</strong></span> <span class='ocrx_word' id='word_1_181' title='bbox 473 2183 537 2218; x_wconf 85' lang='lat' dir='ltr'><strong>est</strong></span> <span class='ocrx_word' id='word_1_182' title='bbox 565 2180 670 2229; x_wconf 87' lang='lat' dir='ltr'><strong>quod</strong></span> <span class='ocrx_word' id='word_1_183' title='bbox 701 2178 939 2228; x_wconf 73' lang='grc' dir='ltr'><strong><em>διάλεκτοςε</em></strong></span> <span class='ocrx_word' id='word_1_184' title='bbox 980 2183 1164 2221; x_wconf 84' lang='lat' dir='ltr'>420b19</span> <span class='ocrx_word' id='word_1_185' title='bbox 1192 2186 1244 2234; x_wconf 77' lang='grc' dir='ltr'><strong>τῇ</strong></span> <span class='ocrx_word' id='word_1_186' title='bbox 1272 2181 1436 2234; x_wconf 88' lang='grc' dir='ltr'><strong><em>γλώττῃ</em></strong></span> <span class='ocrx_word' id='word_1_187' title='bbox 1466 2188 1613 2228; x_wconf 87' lang='grc' dir='ltr'><strong><em>(κατα-</em></strong></span> 
     </span>
     <span class='ocr_line' id='line_1_22' title="bbox 96 2238 1614 2300; baseline 0.004 -18"><span class='ocrx_word' id='word_1_188' title='bbox 96 2246 248 2297; x_wconf 80' lang='grc' dir='ltr'><strong><em>χρῆται</em></strong></span> <span class='ocrx_word' id='word_1_189' title='bbox 273 2242 304 2296; x_wconf 64' lang='lat' dir='ltr'><strong>’f</strong></span> <span class='ocrx_word' id='word_1_190' title='bbox 332 2242 481 2294; x_wconf 85' lang='grc' dir='ltr'><strong><em>φύσις)</em></strong></span> <span class='ocrx_word' id='word_1_191' title='bbox 513 2240 582 2282; x_wconf 77' lang='grc' dir='ltr'><strong>ἐπί</strong></span> <span class='ocrx_word' id='word_1_192' title='bbox 607 2254 651 2281; x_wconf 89' lang='grc' dir='ltr'><strong>τε</strong></span> <span class='ocrx_word' id='word_1_193' title='bbox 672 2240 755 2295; x_wconf 82' lang='grc' dir='ltr'><strong>τὴν</strong></span> <span class='ocrx_word' id='word_1_194' title='bbox 775 2247 924 2294; x_wconf 80' lang='grc' dir='ltr'><strong><em>γεῦσιν</em></strong></span> <span class='ocrx_word' id='word_1_195' title='bbox 946 2243 1019 2285; x_wconf 79' lang='grc' dir='ltr'><strong><em>καὶ</em></strong></span> <span class='ocrx_word' id='word_1_196' title='bbox 1039 2243 1119 2297; x_wconf 85' lang='grc' dir='ltr'><strong>τὴν</strong></span> <span class='ocrx_word' id='word_1_197' title='bbox 1142 2244 1376 2297; x_wconf 81' lang='grc' dir='ltr'><strong><em>διάλεκτον,</em></strong></span> <span class='ocrx_word' id='word_1_198' title='bbox 1406 2238 1468 2286; x_wconf 76' lang='grc' dir='ltr'><strong>ὧν</strong></span> <span class='ocrx_word' id='word_1_199' title='bbox 1485 2246 1514 2300; x_wconf 82' lang='grc' dir='ltr'><em>ἦ</em></span> <span class='ocrx_word' id='word_1_200' title='bbox 1535 2245 1614 2298; x_wconf 81' lang='grc' dir='ltr'><strong><em>μὲν</em></strong></span> 
     </span>
     <span class='ocr_line' id='line_1_23' title="bbox 91 2302 1614 2365; baseline 0.002 -17"><span class='ocrx_word' id='word_1_201' title='bbox 91 2310 236 2361; x_wconf 85' lang='grc' dir='ltr'><strong><em>γεῦσις</em></strong></span> <span class='ocrx_word' id='word_1_202' title='bbox 246 2307 499 2359; x_wconf 78' lang='grc' dir='ltr'><strong><em>ἀναγκαῖον,</em></strong></span> <span class='ocrx_word' id='word_1_203' title='bbox 512 2305 541 2360; x_wconf 79' lang='grc' dir='ltr'><em>ἦ</em></span> <span class='ocrx_word' id='word_1_204' title='bbox 562 2305 601 2346; x_wconf 86' lang='grc' dir='ltr'><strong>δ’</strong></span> <span class='ocrx_word' id='word_1_205' title='bbox 623 2302 824 2359; x_wconf 78' lang='grc' dir='ltr'><strong><em>ἑρμηνεία</em></strong></span> <span class='ocrx_word' id='word_1_206' title='bbox 844 2305 969 2350; x_wconf 77' lang='grc' dir='ltr'><strong><em>ἕνεκα</em></strong></span> <span class='ocrx_word' id='word_1_207' title='bbox 987 2312 1068 2350; x_wconf 82' lang='grc' dir='ltr'><strong>τοῦ</strong></span> <span class='ocrx_word' id='word_1_208' title='bbox 1089 2304 1150 2349; x_wconf 80' lang='grc' dir='ltr'><strong>εὖ.</strong></span> <span class='ocrx_word' id='word_1_209' title='bbox 1180 2313 1293 2350; x_wconf 75' lang='lat' dir='ltr'><strong>476a</strong></span> <span class='ocrx_word' id='word_1_210' title='bbox 1306 2314 1356 2349; x_wconf 88' lang='grc'><strong>19</strong></span> <span class='ocrx_word' id='word_1_211' title='bbox 1377 2315 1429 2363; x_wconf 79' lang='grc' dir='ltr'><strong>τῇ</strong></span> <span class='ocrx_word' id='word_1_212' title='bbox 1450 2311 1614 2365; x_wconf 84' lang='grc' dir='ltr'><strong><em>γλώττῃ</em></strong></span> 
     </span>
     <span class='ocr_line' id='line_1_24' title="bbox 92 2366 1613 2427; baseline 0.003 -15"><span class='ocrx_word' id='word_1_213' title='bbox 92 2374 268 2426; x_wconf 81' lang='grc' dir='ltr'><strong><em>(χρῆται</em></strong></span> <span class='ocrx_word' id='word_1_214' title='bbox 294 2371 324 2425; x_wconf 78' lang='grc' dir='ltr'><em>ἦ</em></span> <span class='ocrx_word' id='word_1_215' title='bbox 351 2371 499 2424; x_wconf 84' lang='grc' dir='ltr'><strong><em>φύσις)</em></strong></span> <span class='ocrx_word' id='word_1_216' title='bbox 530 2370 639 2422; x_wconf 86' lang='grc' dir='ltr'><strong><em>πρός</em></strong></span> <span class='ocrx_word' id='word_1_217' title='bbox 666 2384 711 2411; x_wconf 86' lang='grc' dir='ltr'><strong>τε</strong></span> <span class='ocrx_word' id='word_1_218' title='bbox 737 2366 840 2420; x_wconf 82' lang='grc' dir='ltr'><strong><em>τοὺς</em></strong></span> <span class='ocrx_word' id='word_1_219' title='bbox 866 2367 1033 2426; x_wconf 81' lang='grc' dir='ltr'><strong><em>χυμοὺς</em></strong></span> <span class='ocrx_word' id='word_1_220' title='bbox 1059 2372 1132 2414; x_wconf 84' lang='grc' dir='ltr'><strong><em>καὶ</em></strong></span> <span class='ocrx_word' id='word_1_221' title='bbox 1153 2373 1259 2426; x_wconf 87' lang='grc' dir='ltr'><strong><em>πρὸς</em></strong></span> <span class='ocrx_word' id='word_1_222' title='bbox 1276 2373 1355 2427; x_wconf 84' lang='grc' dir='ltr'><strong>τὴν</strong></span> <span class='ocrx_word' id='word_1_223' title='bbox 1373 2371 1613 2427; x_wconf 80' lang='grc' dir='ltr'><strong><em>ἑρμηνείαν.</em></strong></span> 
     </span>
     <span class='ocr_line' id='line_1_25' title="bbox 91 2433 1616 2492; baseline 0.002 -16"><span class='ocrx_word' id='word_1_224' title='bbox 91 2437 192 2477; x_wconf 79' lang='lat' dir='ltr'><strong>Nam</strong></span> <span class='ocrx_word' id='word_1_225' title='bbox 233 2450 353 2476; x_wconf 84' lang='lat' dir='ltr'><strong>sensu</strong></span> <span class='ocrx_word' id='word_1_226' title='bbox 389 2437 552 2488; x_wconf 82' lang='lat' dir='ltr'><strong>proprio</strong></span> <span class='ocrx_word' id='word_1_227' title='bbox 590 2434 619 2488; x_wconf 81' lang='grc' dir='ltr'><em>ἦ</em></span> <span class='ocrx_word' id='word_1_228' title='bbox 647 2433 849 2489; x_wconf 75' lang='grc' dir='ltr'><strong><em>ἑρμηνεία</em></strong></span> <span class='ocrx_word' id='word_1_229' title='bbox 891 2439 1171 2490; x_wconf 71' lang='grc' dir='ltr'><strong><em>οοῐηρΙοοῑίῐυι·</em></strong></span> <span class='ocrx_word' id='word_1_230' title='bbox 1209 2440 1321 2491; x_wconf 80' lang='lat' dir='ltr'><strong>signa</strong></span> <span class='ocrx_word' id='word_1_231' title='bbox 1351 2446 1516 2479; x_wconf 76' lang='lat' dir='ltr'><strong>externa</strong></span> <span class='ocrx_word' id='word_1_232' title='bbox 1543 2453 1616 2492; x_wconf 85' lang='lat' dir='ltr'><strong>per</strong></span> 
     </span>
     <span class='ocr_line' id='line_1_26' title="bbox 91 2502 1617 2554; baseline 0.003 -14"><span class='ocrx_word' id='word_1_233' title='bbox 91 2513 352 2553; x_wconf 85' lang='lat' dir='ltr'><strong>quaecunque</strong></span> <span class='ocrx_word' id='word_1_234' title='bbox 389 2502 666 2552; x_wconf 80' lang='lat' dir='ltr'><strong>exprimuntur</strong></span> <span class='ocrx_word' id='word_1_235' title='bbox 705 2507 748 2541; x_wconf 83' lang='lat' dir='ltr'><strong>et</strong></span> <span class='ocrx_word' id='word_1_236' title='bbox 785 2516 875 2542; x_wconf 90' lang='lat' dir='ltr'><strong>cum</strong></span> <span class='ocrx_word' id='word_1_237' title='bbox 913 2503 999 2541; x_wconf 78' lang='lat' dir='ltr'>aliis</span> <span class='ocrx_word' id='word_1_238' title='bbox 1030 2503 1370 2541; x_wconf 86' lang='lat' dir='ltr'><strong>communicantur</strong></span> <span class='ocrx_word' id='word_1_239' title='bbox 1398 2516 1501 2554; x_wconf 76' lang='lat' dir='ltr'><strong>quae</strong></span> <span class='ocrx_word' id='word_1_240' title='bbox 1529 2505 1617 2543; x_wconf 80' lang='lat' dir='ltr'><strong>ani-</strong></span> 
     </span>
     <span class='ocr_line' id='line_1_27' title="bbox 91 2564 1617 2620; baseline 0.003 -17"><span class='ocrx_word' id='word_1_241' title='bbox 91 2576 198 2603; x_wconf 87' lang='lat' dir='ltr'><strong>mum</strong></span> <span class='ocrx_word' id='word_1_242' title='bbox 228 2565 434 2604; x_wconf 80' lang='lat' dir='ltr'><strong>afficiunt:</strong></span> <span class='ocrx_word' id='word_1_243' title='bbox 477 2577 600 2615; x_wconf 83' lang='lat' dir='ltr'><strong>quare</strong></span> <span class='ocrx_word' id='word_1_244' title='bbox 630 2565 728 2604; x_wconf 80' lang='lat' dir='ltr'><strong>dicit</strong></span> <span class='ocrx_word' id='word_1_245' title='bbox 755 2568 866 2605; x_wconf 64' lang='grc'><strong>6603</strong></span> <span class='ocrx_word' id='word_1_246' title='bbox 879 2569 929 2606; x_wconf 84' lang='grc'><strong>35</strong></span> <span class='ocrx_word' id='word_1_247' title='bbox 959 2565 1145 2618; x_wconf 87' lang='grc' dir='ltr'><strong><em>χρῶνται</em></strong></span> <span class='ocrx_word' id='word_1_248' title='bbox 1171 2569 1224 2617; x_wconf 79' lang='grc' dir='ltr'><strong>τῇ</strong></span> <span class='ocrx_word' id='word_1_249' title='bbox 1253 2564 1417 2620; x_wconf 85' lang='grc' dir='ltr'><strong><em>γλώττῃ</em></strong></span> <span class='ocrx_word' id='word_1_250' title='bbox 1447 2566 1512 2613; x_wconf 81' lang='grc' dir='ltr'><strong>(οἱ</strong></span> <span class='ocrx_word' id='word_1_251' title='bbox 1538 2568 1617 2618; x_wconf 88' lang='grc' dir='ltr'><strong>ὄρ-</strong></span> 
     </span>
     <span class='ocr_line' id='line_1_28' title="bbox 90 2625 1614 2683; baseline 0.004 -16"><span class='ocrx_word' id='word_1_252' title='bbox 90 2629 232 2675; x_wconf 79' lang='grc' dir='ltr'><strong><em>νιθες)</em></strong></span> <span class='ocrx_word' id='word_1_253' title='bbox 259 2626 332 2668; x_wconf 84' lang='grc' dir='ltr'><strong><em>καὶ</em></strong></span> <span class='ocrx_word' id='word_1_254' title='bbox 358 2627 468 2679; x_wconf 85' lang='grc' dir='ltr'><strong><em>πρὸς</em></strong></span> <span class='ocrx_word' id='word_1_255' title='bbox 497 2625 725 2680; x_wconf 80' lang='grc' dir='ltr'><strong><em>ἑρμηνείαν</em></strong></span> <span class='ocrx_word' id='word_1_256' title='bbox 753 2628 951 2683; x_wconf 80' lang='grc' dir='ltr'><strong><em>ἀλλήλοις</em></strong></span> <span class='ocrx_word' id='word_1_257' title='bbox 978 2630 1134 2677; x_wconf 80' lang='grc' dir='ltr'><strong><em>πάντες</em></strong></span> <span class='ocrx_word' id='word_1_258' title='bbox 1159 2629 1259 2682; x_wconf 88' lang='grc' dir='ltr'><strong><em>μέν,</em></strong></span> <span class='ocrx_word' id='word_1_259' title='bbox 1289 2626 1426 2683; x_wconf 79' lang='grc' dir='ltr'><strong><em>ἕτεροι</em></strong></span> <span class='ocrx_word' id='word_1_260' title='bbox 1453 2630 1498 2673; x_wconf 84' lang='grc' dir='ltr'><strong>δὲ</strong></span> <span class='ocrx_word' id='word_1_261' title='bbox 1525 2632 1614 2672; x_wconf 81' lang='grc' dir='ltr'><strong>τῶν</strong></span> 
     </span>
     <span class='ocr_line' id='line_1_29' title="bbox 92 2688 1615 2749; baseline 0.003 -17"><span class='ocrx_word' id='word_1_262' title='bbox 92 2688 250 2743; x_wconf 80' lang='grc' dir='ltr'><strong><em>ἑτέρων</em></strong></span> <span class='ocrx_word' id='word_1_263' title='bbox 276 2695 451 2745; x_wconf 81' lang='grc' dir='ltr'><strong><em>μᾶλλον.</em></strong></span> <span class='ocrx_word' id='word_1_264' title='bbox 507 2694 595 2733; x_wconf 84' lang='grc' dir='ltr'><strong>Νοῃ</strong></span> <span class='ocrx_word' id='word_1_265' title='bbox 635 2694 683 2732; x_wconf 83' lang='lat' dir='ltr'><strong>ab</strong></span> <span class='ocrx_word' id='word_1_266' title='bbox 722 2695 828 2733; x_wconf 85' lang='lat' dir='ltr'><strong>omni</strong></span> <span class='ocrx_word' id='word_1_267' title='bbox 865 2695 987 2744; x_wconf 80' lang='lat' dir='ltr'><strong>igitur</strong></span> <span class='ocrx_word' id='word_1_268' title='bbox 1013 2698 1130 2746; x_wconf 85' lang='lat' dir='ltr'><strong>parte</strong></span> <span class='ocrx_word' id='word_1_269' title='bbox 1158 2708 1296 2735; x_wconf 87' lang='lat' dir='ltr'><strong>verum</strong></span> <span class='ocrx_word' id='word_1_270' title='bbox 1326 2701 1391 2736; x_wconf 79' lang='lat' dir='ltr'><strong>est</strong></span> <span class='ocrx_word' id='word_1_271' title='bbox 1418 2697 1524 2749; x_wconf 83' lang='lat' dir='ltr'><strong>quod</strong></span> <span class='ocrx_word' id='word_1_272' title='bbox 1554 2697 1615 2736; x_wconf 82' lang='lat' dir='ltr'><strong>di-</strong></span> 
     </span>
    </p>
   </div>
   <div class='ocr_carea' id='block_1_4' title="bbox 92 2756 1615 2856">
    <p class='ocr_par' dir='ltr' id='par_1_4' title="bbox 92 2756 1615 2856">
     <span class='ocr_line' id='line_1_30' title="bbox 92 2756 1615 2813; baseline 0.003 -18"><span class='ocrx_word' id='word_1_273' title='bbox 92 2756 200 2797; x_wconf 86' lang='lat' dir='ltr'><strong>citur</strong></span> <span class='ocrx_word' id='word_1_274' title='bbox 228 2757 355 2798; x_wconf 80' lang='lat' dir='ltr'><strong>schol.</strong></span> <span class='ocrx_word' id='word_1_275' title='bbox 384 2761 504 2799; x_wconf 66' lang='lat'>9401</span> <span class='ocrx_word' id='word_1_276' title='bbox 534 2758 609 2805; x_wconf 81' lang='lat' dir='ltr'><strong>[cf.</strong></span> <span class='ocrx_word' id='word_1_277' title='bbox 639 2758 691 2798; x_wconf 90' lang='lat' dir='ltr'><strong>ib.</strong></span> <span class='ocrx_word' id='word_1_278' title='bbox 720 2759 785 2807; x_wconf 88' lang='grc'><strong>10,</strong></span> <span class='ocrx_word' id='word_1_279' title='bbox 815 2759 868 2797; x_wconf 90' lang='grc'><strong>19</strong></span> <span class='ocrx_word' id='word_1_280' title='bbox 895 2762 935 2798; x_wconf 82' lang='lat' dir='ltr'><strong>et</strong></span> <span class='ocrx_word' id='word_1_281' title='bbox 962 2760 1084 2798; x_wconf 70' lang='lat'><strong>9723</strong></span> <span class='ocrx_word' id='word_1_282' title='bbox 1105 2780 1157 2788; x_wconf 92' lang='lat'>-</span> <span class='ocrx_word' id='word_1_283' title='bbox 1176 2761 1224 2806; x_wconf 87' lang='grc'><strong>9)</strong></span> <span class='ocrx_word' id='word_1_284' title='bbox 1264 2757 1395 2803; x_wconf 81' lang='grc' dir='ltr'><strong><em>οὐδὲν</em></strong></span> <span class='ocrx_word' id='word_1_285' title='bbox 1422 2758 1615 2813; x_wconf 81' lang='grc' dir='ltr'><strong><em>διαφέρει</em></strong></span> 
     </span>
     <span class='ocr_line' id='line_1_31' title="bbox 1265 2821 1343 2856; baseline 0 0"><span class='ocrx_word' id='word_1_286' title='bbox 1265 2821 1343 2856; x_wconf 79' lang='grc'><strong>21*</strong></span> 
     </span>
    </p>
   </div>
  </div>
 </body>
</html>
