1780 3100
225 223 305 263 810
822 225 1115 270 categoriae.

281 321 631 368 (subcontrariae),
660 333 759 372 quas
786 322 1023 361 Aristoteles
1051 323 1246 373 significat
1274 324 1426 363 17b29
1453 321 1548 363 ὅσαι
1575 322 1622 364 δὲ
1646 323 1712 365 ἐπὶ

278 383 366 424 τῶν
384 384 576 426 καθόλου
592 383 682 435 μέν,
698 382 754 436 μὴ
772 384 964 425 καθόλου
985 383 1042 433 δέ,
1059 398 1126 424 eas
1151 382 1342 433 ἐναντίας
1363 387 1533 438 appellat
1551 388 1636 426 59¹1)
1650 391 1711 436 10,

279 448 362 486 60³
377 451 424 498 5,
463 449 634 496 61b17,
675 461 907 499 quamquam
948 449 1109 487 easdem
1160 462 1235 488 non
1281 451 1440 500 proprie
1476 450 1553 487 dici
1591 446 1711 490 ἐναν-

281 507 373 557 τίας
411 511 528 549 docet
567 512 740 550 63b2‘1:
767 507 815 551 τὸ
852 510 933 563 γὰρ
967 509 1050 551 τινὶ
1092 514 1149 563 τῷ
1189 510 1242 550 οὐ
1277 509 1360 551 τινὶ
1396 509 1502 551 κατὰ
1536 510 1614 564 τὴν
1649 512 1712 553 λέ-

284 570 349 620 ξιν
375 571 600 612 ἀντίκειται
627 572 786 623 μόνοντ
814 576 1002 614 vocabula
1029 573 1306 622 ὑπεναντίον,
1344 573 1647 622 ὑπεναντίωσις
1673 582 1715 615 et

283 633 582 687 ὑπεναντίωμα
620 642 748 675 autem
777 641 863 676 'non
902 639 976 676 nisi
1007 640 1056 676 de
1084 638 1133 676 iis
1161 638 1343 688 intelligit
1370 651 1468 687 quae
1495 651 1714 690 repugnan-

283 698 378 737 tiam
399 700 436 738 in
456 712 500 738 se
519 700 736 749 continent,
764 713 800 740 v.
819 701 936 739 Biese
955 701 983 739 Ι.
1014 714 1051 751 p.
1076 703 1153 738 100
1180 706 1258 739 not.
1283 703 1318 738 2.
1340 702 1500 740 Aristot,
1525 702 1710 748 685313,

287 761 338 799 de
367 762 466 801 coel.
495 764 636 802 29984
665 763 714 803 al.
742 784 795 791 —-—
830 763 890 803 Ad
929 775 976 801 ea
1014 776 1115 813 quae
1143 763 1399 813 disputaverIt
1427 764 1476 800 de
1506 764 1712 802 contrariis

282 823 371 874 ipse
410 827 575 876 respicit
610 828 806 864 1004222:
841 825 1122 877 τεθεωρήσθω
1168 824 1206 864 δ’
1248 824 1349 876 ἡμῖν
1393 827 1526 864 ταῦτα
1571 822 1616 864 ἐν
1662 829 1714 877 τῇ

286 883 439 938 ἐκλογῇ
475 889 561 928 τῶν
597 886 813 928 ἐναντίων.
870 890 1066 926 1054830
1102 885 1239 938 ὥσπερ
1267 885 1338 927 καὶ
1365 885 1411 927 ἐν
1436 891 1488 939 τῇ
1517 885 1714 938 διαιρέσει

284 949 371 988 τῶν
398 947 602 991 ἐναντίων
631 950 927 1002 διεγράψαμεν.

232 1013 283 1050 12
297 1015 365 1051 ³2.
394 1013 505 1060 Quae
538 1015 577 1053 in
615 1014 678 1052 hin
715 1017 828 1053 vocat
865 1011 947 1053 ἀνὰ
973 1010 1115 1065 μέσον,
1145 1026 1191 1052 ea
1204 1013 1390 1065 'appellat
1418 1014 1589 1051 24:32115
1617 1011 1716 1053 ἀνα-

284 1072 453 1124 μεταξύ,
478 1076 710 1127 plerumque
738 1075 903 1126 μεταξύ,
933 1077 983 1114 de
1011 1077 1152 1128 quibus
1181 1090 1215 1116 v.
1237 1078 1433 1114 10572121
1461 1070 1612 1124 μεταξὺ
1639 1074 1717 1126 μὲν

285 1135 367 1188 γὰρ
394 1139 528 1178 ταῦτα
560 1137 735 1190 λέγομεν
763 1138 819 1186 εἰς
846 1137 925 1179 ὅσα
951 1139 1222 1189 μεταβάλλειν
1248 1137 1409 1190 ἀνάγκη
1435 1138 1641 1189 πρότερον
1667 1138 1716 1179 τὸ

285 1200 559 1251 μεταβάλλον.
601 1203 655 1240 lb.
683 1205 735 1240 26
762 1202 1032 1253 μεταβάλλειν
1060 1201 1096 1241 δ’
1127 1200 1167 1250 ἐξ
1194 1202 1325 1240 ἄλλου
1352 1199 1505 1252 γένους
1531 1201 1588 1249 είς
1614 1203 1716 1242 ἄλλο

284 1261 407 1314 γένος
443 1264 524 1304 οὐκ
557 1261 669 1304 ἔστιν
696 1263 784 1304 ἀλλ’
812 1265 838 1317 ἢ
867 1264 972 1305 κατὰ
1001 1264 1267 1315 συμβεβηκός
1287 1292 1319 1303 ..
1335 1293 1343 1302 .
1365 1263 1528 1316 ἀνάγκη
1556 1266 1639 1316 ἄρα
1666 1264 1717 1306 τὰ

284 1321 439 1377 μεταξὺ
476 1326 548 1367 καὶ
585 1327 730 1375 αὐτοῖς
763 1327 834 1368 καὶ
872 1320 932 1367 ὧν
968 1326 1119 1379 μεταξύ
1157 1327 1260 1366 εἰσιν
1299 1325 1344 1366 ἐν
1383 1331 1440 1378 τῷ
1469 1327 1581 1378 αὐτῷ
1607 1326 1718 1379 γένει

289 1384 408 1431 εἶναι.
448 1391 503 1431 lb.
535 1393 622 1430 b29
649 1389 734 1430 ἐπεὶ
762 1390 800 1430 δ’
829 1391 908 1431 οὐκ
936 1388 1047 1431 ἔστιν
1073 1388 1192 1439 ἕτερα
1216 1389 1397 1441 πρότερα
1426 1389 1605 1443 ὁμογενῆ
1632 1392 1718 1431 τῶν

288 1448 517 1502 ἐναντίων,
557 1453 707 1493 ἅπαντ’
737 1452 790 1493 ἂν
818 1451 863 1494 ἐκ
888 1456 975 1494 τῶν
1001 1452 1206 1494 ἐναντίων
1233 1453 1303 1504 εἴηχ
1320 1451 1372 1493 τὰ
1398 1453 1571 1504 μεταξύι
1598 1467 1718 1504 quare

287 1517 384 1555 dicit
420 1519 601 1555 224h32
641 1515 727 1557 ἔστι
752 1517 834 1569 γάρ
862 1531 952 1564 πως
978 1517 1025 1557 τὸ
1052 1511 1204 1567 μεταξὺ
1230 1515 1281 1556 τὰ
1309 1517 1444 1566 ἀκραε
1473 1530 1574 1566 quae
1602 1530 1716 1566 quam

288 1579 365 1617 vim
398 1580 569 1618 habeant
600 1580 638 1617 in
662 1581 840 1619 doctrina
869 1581 1092 1619 Aristotelis
1121 1581 1284 1630 physica
1310 1580 1488 1617 videmus
1516 1581 1617 1617 inter
1643 1580 1719 1618 alia

290 1643 364 1679 661
380 1644 465 1680 alo
491 1641 679 1692 ὁρίζουσι
715 1642 752 1682 δ’
792 1640 1016 1693 ἑκατέρους
1044 1642 1162 1689 (τούς
1187 1655 1231 1681 τε
1258 1640 1497 1691 προσθίους
1523 1639 1594 1681 καὶ
1617 1637 1719 1689 τοὺς

287 1703 521 1756 γομφίους)
546 1704 588 1744 οἷ
604 1705 874 1755 κυνόδοντες,
896 1702 1016 1756 μέσοι
1036 1702 1113 1756 τὴν
1141 1705 1272 1756 φύσιν
1299 1702 1550 1756 ἀμφοτέρων
1578 1706 1716 1752 ὄντες·

286 1765 334 1806 τό
374 1779 417 1806 τε
457 1765 539 1819 γὰρ
576 1766 707 1818 μέσον
743 1767 997 1819 ἀμφοτέρων
1033 1767 1186 1821 μετέχει
1217 1769 1302 1807 τῶν
1339 1769 1496 1817 ἄκρων.
1543 1769 1718 1807 2261)·23

286 1825 440 1880 μεταξὺ
478 1829 524 1870 δὲ
563 1830 620 1878 είς
647 1828 670 1871 ὃ
698 1830 862 1883 πέφυκε
889 1833 1061 1882 πρῶτον
1086 1831 1358 1883 ἀφικνεῖσθαι
1385 1828 1433 1870 τὸ
1460 1830 1720 1882 μεταβάλλον

285 1891 313 1945 ἢ
342 1893 399 1941 εἰς
427 1890 450 1934 ὃ
479 1892 655 1946 ἔσχατον
687 1895 934 1946 μεταβάλλει
959 1894 1065 1936 κατὰ
1093 1895 1224 1947 φύσιν
1251 1894 1434 1946 συνεχῶς
1459 1893 1720 1945 μεταβάλλον

285 1957 346 2002 (ἰη
383 1958 523 2006 quibus
553 1959 772 1997 delevimus
801 1972 953 1997 comma
981 1965 1070 1998 ante
1095 1960 1148 2010 ἥ,
1177 1961 1266 2010 quia
1294 1958 1464 2008 πρῶτον
1491 1958 1529 1995 h.
1561 1958 1585 1995 Ι.
1614 1959 1719 1996 idem

287 2024 349 2057 ent
386 2020 490 2069 quod
525 2019 754 2070 πρότερονι
795 2021 1033 2071 iungendum
1073 2027 1133 2060 est
1170 2022 1273 2060 enim
1308 2021 1479 2070 πρῶτον
1515 2020 1719 2071 ῆ.1ιθω

285 2083 339 2120 69
351 2083 433 2119 ²122
462 2079 582 2134 ὀλίγα
607 2084 859 2134 comparativi
888 2085 1082 2122 notionem
1111 2085 1252 2122 habet:
1280 2085 1342 2131 „si
1370 2096 1556 2122 numerus
1582 2084 1718 2122 termi-

286 2157 424 2184 norum
450 2146 686 2196 mediorum,
708 2147 850 2195 quibus
872 2148 1068 2184 secundus
1096 2160 1184 2185 cum
1212 2148 1329 2184 tertio
1358 2147 1618 2197 coniungitur,
1646 2146 1719 2184 mi-

287 2220 361 2247 nor
393 2211 457 2245 est·
485 2221 601 2258 quam
632 2222 818 2248 numerus
840 2222 974 2246 eorum
996 2209 1137 2259 quibus
1159 2210 1307 2260 primus
1326 2222 1415 2247 cum
1438 2210 1609 2247 secundo
1628 2219 1721 2246 con·

286 2269 513 2317 nectitur”).
547 2268 592 2309 ἐν
613 2267 840 2322 ἐλαχίστοις
859 2270 895 2312 δ’
921 2269 1005 2311 ἐστὶ
1025 2270 1072 2310 τὸ
1095 2266 1248 2321 μεταξὺ
1268 2272 1426 2322 τρισίν·
1454 2269 1626 2323 ἔσχατον
1643 2269 1721 2321 μὲν

287 2332 369 2386 γάρ
391 2330 475 2371 ἐστι
498 2335 572 2385 τῆς
594 2335 827 2387 μεταβολῆς
853 2334 901 2374 τὸ
930 2331 1134 2374 ἐναντίον.
1163 2337 1342 2374 2341119
1370 2334 1421 2374 οὐ
1447 2333 1528 2386 γὰρ
1556 2332 1720 2385 ἀνάγκη

286 2395 335 2437 τὸ
354 2395 616 2447 μεταβάλλον
637 2397 682 2438 ἐν
707 2397 980 2451 ὁποτερῳοῦν
1011 2394 1119 2438 εἶναι
1149 2399 1234 2438 τῶν
1262 2400 1418 2448 ἄκρων.
1467 2400 1611 2437 32438
1638 2410 1717 2448 φα-

287 2458 416 2512 νερὸν
439 2455 503 2501 ὅτι
524 2461 740 2513 παθητικὰ
761 2461 836 2502 καὶ·
861 2460 1055 2514 ποιητικὰ
1082 2461 1272 2514 ἀλλήλων
1301 2459 1383 2501 ἐστὶ
1409 2460 1460 2500 τά
1485 2461 1520 2500 τ’
1551 2458 1720 2500 ἐναντία

287 2524 359 2566 καὶ
389 2526 441 2568 τὰ
467 2525 643 2577 μεταξύ·
679 2524 750 2567 καὶ
775 2525 856 2578 γὰρ
885 2522 994 2573 ὅλως
1021 2525 1168 2577 φθορὰ
1193 2523 1263 2565 καὶ
1286 2523 1444 2576 γένεσις
1471 2522 1516 2563 ἐν
1542 2523 1719 2570 τούτοις.

286 2593 431 2630 23οιἵ
452 2586 569 2637 ὅσοις
589 2589 635 2630 &ts
652 2590 710 2642 μή
732 2588 844 2631 ἐστιν
871 2588 1053 2638 ἐναντία,
1080 2589 1244 2629 τούτων
1270 2585 1479 2641 μεταβολὴ
1506 2585 1583 2638 μέν
1609 2584 1721 2626 ἐστιν

285 2652 547 2707 ἀντικειμένη
583 2652 612 2706 ἦ
649 2652 690 2704 ἐξ
727 2655 862 2695 αὐτοῦ
895 2658 947 2706 τῇ
986 2653 1043 2702 εἰς
1080 2653 1182 2694 αὐτό
1195 2658 1213 2702 ,χ
1233 2651 1394 2704 κίνησις
1421 2650 1460 2691 δ’
1489 2650 1568 2690 οὐκ
1595 2649 1719 2698 ἔστιν,

287 2711 383 2757 οἷον
418 2717 447 2771 ἦ
484 2715 525 2767 ἐξ
553 2717 678 2766 ὄντος
703 2722 756 2771 τῇ
785 2717 843 2766 εἰς
869 2719 932 2759 ὄν.
959 2716 1030 2758 καὶ
1056 2714 1165 2769 μονὴ
1193 2714 1269 2768 μὲν
1295 2714 1460 2756 τούτων
1488 2714 1573 2755 οὐκ
1594 2712 1718 2761 ἔστιν,

286 2778 571 2832 ἀμεταβλησία
599 2778 656 2822 δέ.
696 2783 871 2822 440b18
906 2782 956 2822 τὸ
990 2775 1141 2833 μεταξὺ
1175 2782 1251 2833 τῆς
1279 2778 1516 2831 αἰσθήσεως
1541 2784 1654 2819 vocat
1678 2777 1728 2815 idr
