1780 3100
215 188 297 229 894
735 192 990 238 Analytica
1022 192 1188 237 priora.

269 287 619 339 propositionibus,
647 287 686 326 in
715 289 854 338 quibus
882 289 1116 341 simpliciter
1143 290 1286 341 aliquid
1312 295 1509 330 asseratur
1528 292 1613 336 (die
1631 306 1694 332 as-

271 352 581 397 sertorischen),
622 355 746 389 restat
785 355 828 389 ut
866 351 972 390 dicat
1007 353 1058 391 de
1094 353 1164 400 iis,
1206 366 1372 404 quorum
1408 355 1694 406 propositiones

270 413 386 452 uliam
416 414 586 451 habeant
611 414 866 464 praedicandi
893 416 1093 455 rationem.
1133 416 1243 464 Quae
1260 417 1413 466 quidem
1438 419 1539 456 ratio
1556 422 1621 456 aut
1643 419 1695 456 ita

269 481 490 527 comparata
519 479 593 524 est,
622 480 664 513 ut
691 476 727 514 in
755 481 918 526 utraque
946 479 1216 528 propositione
1244 481 1463 518 necessario
1490 481 1694 532 praedice-

268 542 332 577 tur
360 539 524 576 alterum
555 539 605 576 de
632 538 754 576 altero
783 540 1107 591 (apodiktiscbe),
1137 546 1202 579 aut
1223 541 1290 587 ita,
1321 548 1363 580 ut
1383 543 1605 593 inutraque
1623 544 1694 581 du-

267 602 372 641 bium
412 601 484 649 sit,
523 605 652 638 utrum
681 601 846 640 alterum
875 604 926 640 de
953 603 1076 641 altero
1105 603 1377 643 affirmandum
1405 606 1456 643 sit
1482 618 1528 643 an
1555 617 1694 655 negan-

267 665 359 702 dum
388 663 782 714 (problematische),
810 671 875 703 out
901 666 973 713 ita,
1002 671 1045 704 ut
1073 678 1147 704 non
1178 667 1314 705 eadem
1342 668 1380 704 in
1410 671 1575 718 utraque
1604 681 1694 719 pro-

267 726 460 777 positione
487 727 739 777 praedicandi
768 728 868 765 ratio
898 729 1073 766 obtineat
1102 727 1262 779 (μῖξις).
1314 729 1354 766 ln
1383 730 1431 767 iis
1459 736 1587 768 autem
1618 731 1694 782 syl-

265 788 454 839 logismis,
483 789 532 826 dc
560 790 698 840 quibus
727 789 959 828 Aristotcles
984 791 1021 828 in
1050 792 1298 840 sequentibus
1323 791 1507 841 disputat,
1533 799 1696 843 apparet

266 863 343 890 non
370 863 469 901 opus
497 864 608 898 esse,
643 857 689 890 ut
725 852 844 890 etiam
885 865 950 890 eas
978 854 1286 903 propositionum
1315 854 1604 904 coniugationes
1630 869 1694 894 re-

265 916 425 960 tractet,
454 926 501 951 ex
531 915 673 964 quibus
702 914 933 964 simpliciter
960 916 1097 953 sumtis
1125 928 1199 953 non
1227 915 1314 953 fieri
1337 915 1603 966 syllogismum
1624 918 1693 956 de-

268 976 510 1014 monstravit.
566 975 666 1014 Nam
701 989 724 1014 e
761 977 913 1014 ratione
947 978 1198 1027 praedicandi
1227 991 1326 1028 quae
1353 979 1390 1016 in
1419 980 1692 1029 propositioni-

267 1038 340 1076 bus
368 1038 546 1086 obtiuet,
586 1051 661 1077 non
690 1039 859 1090 pendet,
885 1052 975 1078 num
1005 1040 1075 1078 fiat
1101 1041 1299 1079 conclusio
1327 1054 1373 1079 an
1402 1053 1476 1080 non
1504 1042 1594 1090 fiat,
1623 1043 1695 1082 sed

266 1100 364 1141 nihil
392 1113 440 1139 ex
469 1114 514 1139 ea
542 1101 689 1151 pendet
715 1102 789 1140 nisi
809 1102 922 1149 ratio,
951 1116 1024 1153 qua
1048 1103 1351 1154 praedicandum
1372 1109 1434 1142 est
1456 1105 1558 1154 quod
1578 1118 1692 1155 prae-

265 1164 420 1203 dicatur
445 1164 484 1202 in
513 1164 776 1211 conclusione,
805 1164 844 1202 b.
868 1178 903 1202 e.
933 1166 1076 1215 pendet
1104 1178 1151 1204 ex
1179 1178 1226 1203 ea
1247 1166 1371 1215 qualis
1391 1167 1461 1205 fiat
1482 1168 1692 1216 conclusio,

263 1224 312 1266 τὸ
347 1224 374 1278 ἢ
401 1224 592 1279 ὑπάρχον
628 1221 737 1268 εἶναι
772 1225 798 1279 ἢ
826 1225 1061 1278 ἀναγκαῖον
1096 1226 1122 1280 ἢ
1151 1225 1423 1280 ἐνδεχόμενον
1455 1227 1502 1268 τὸ
1531 1227 1692 1279 συμπέ-

265 1297 417 1342 ρασμα.

212 1354 363 1393 29δ33
391 1350 462 1392 καὶ
489 1351 566 1404 οὐχ
592 1350 748 1403 ὁμοίως
767 1380 778 1392 .
801 1379 811 1390 .
836 1380 847 1391 .
887 1366 1005 1404 quum
1045 1366 1173 1403 neque
1208 1354 1366 1393 termini
1402 1355 1566 1393 eandem
1593 1356 1694 1395 inter

267 1429 312 1456 se
341 1417 530 1455 rationem
557 1416 727 1468 habeant
753 1421 872 1467 atque
898 1417 938 1454 in
967 1417 1015 1454 iis
1043 1417 1292 1468 syllogismis,
1321 1418 1371 1455 de
1398 1419 1536 1468 quibus
1563 1419 1693 1458 adhuc

264 1479 449 1519 diximus,

212 1544 332 1582 30³8
359 1540 437 1592 οὐχ
463 1539 618 1592 ὁμοίως
638 1568 648 1579 .
670 1571 679 1581 .
703 1567 714 1578 .
744 1541 969 1591 Syllogismi
992 1541 1025 1579 ll
1048 1534 1086 1580 δ’
1112 1547 1153 1579 et
1179 1540 1230 1579 ΙΙΙ
1250 1535 1280 1579 ε’
1306 1553 1381 1580 non
1412 1546 1452 1580 ut
1480 1542 1518 1580 in
1541 1543 1692 1593 simpli-

266 1606 378 1644 cibus
407 1605 726 1642 demonstrantur
763 1604 997 1642 deductione
1033 1603 1137 1641 facta
1165 1605 1212 1641 ad
1242 1604 1467 1645 absurdum.
1522 1605 1620 1644 Nam
1648 1611 1693 1645 ut

265 1668 335 1706 fiat
371 1667 578 1713 deductio,
626 1667 666 1704 id
714 1668 934 1717 ponendum
973 1669 1035 1703 est
1072 1666 1176 1715 quod
1213 1666 1454 1704 conclusioni
1491 1674 1691 1718 repugnat.

266 1730 519 1769 Conclusioni
546 1734 692 1775 autem,
725 1741 825 1778 quae
852 1730 988 1767 statuit
1017 1729 1047 1766 B
1076 1729 1126 1767 de
1152 1728 1281 1778 aliquo
1311 1728 1342 1765 C
1368 1732 1588 1768 necessario
1616 1744 1692 1770 non

264 1793 483 1845 praedicari
512 1792 798 1843 (syllogismum
823 1791 856 1828 11
873 1786 909 1830 δ’
934 1791 1221 1842 intelligimus),
1250 1792 1571 1840 contradicimus,
1600 1794 1634 1832 si
1661 1794 1692 1832 Β

265 1856 317 1895 de
343 1856 448 1894 omni
478 1854 510 1893 C
539 1854 758 1904 praedicari
786 1867 903 1905 posse
930 1855 1187 1894 affirmamus.
1244 1854 1357 1902 Quod
1387 1855 1468 1893 sive
1495 1868 1581 1894 cum
1609 1870 1692 1895 ma-

264 1919 348 1957 iore
385 1919 466 1955 sive
503 1930 589 1954 cum
612 1917 761 1955 minore
783 1917 1053 1967 propositione
1075 1916 1336 1965 coniungitur,
1365 1917 1564 1956 conclusio
1584 1924 1692 1958 certe

264 1993 340 2019 non
369 1980 444 2019 erit
472 1980 694 2016 necessaria
723 1991 771 2016 ex
800 1978 921 2016 altera
946 1979 1214 2028 propositione
1233 1980 1465 2026 necessaria,
1493 1981 1614 2019 altera
1633 1983 1691 2020 in-

267 2047 388 2083 certa.
424 2041 714 2080 Demonstratio
728 2042 849 2092 igitur
868 2053 938 2091 per
959 2037 1125 2080 ἔκθεσιν
1145 2041 1245 2080 haec
1264 2041 1351 2079 erit.
1389 2043 1422 2080 A
1442 2043 1492 2080 de
1513 2043 1643 2093 aliquo
1659 2044 1691 2082 C

265 2106 490 2147 necessario
513 2117 588 2144 non
610 2104 883 2155 praedicatur:
912 2104 963 2142 de
982 2118 1055 2154 qua
1077 2105 1193 2154 igitur
1215 2109 1328 2154 parte
1347 2105 1691 2144 terminiCneces-

266 2169 370 2208 sario
397 2174 563 2219 negatur
589 2168 643 2214 A,
671 2179 719 2204 ea
746 2166 967 2216 appellatur
995 2167 1038 2214 D,
1070 2173 1113 2205 ut
1140 2168 1173 2206 A
1201 2167 1250 2205 de
1278 2168 1382 2205 omni
1410 2167 1441 2204 D
1468 2169 1692 2208 necessario

264 2236 443 2283 negetur.
485 2230 613 2278 Quum
641 2233 772 2267 autem
794 2230 825 2266 A
856 2230 905 2267 de
932 2230 1037 2267 omni
1064 2230 1094 2267 B
1122 2231 1342 2268 necessario
1369 2230 1600 2280 affirmetur,
1629 2244 1691 2270 se-

265 2296 397 2345 quitur
425 2293 477 2339 (ll
499 2287 556 2343 β’)
585 2293 615 2330 Β
645 2293 694 2330 de
721 2292 838 2330 nullov
855 2291 887 2329 D
915 2305 1033 2343 posse
1060 2293 1298 2344 praedicari,
1339 2293 1369 2330 B
1397 2293 1518 2343 igitur
1544 2294 1594 2331 de
1621 2294 1690 2332 ali-

266 2368 343 2407 quo
368 2355 400 2394 C
428 2355 650 2393 necessario
678 2367 752 2392 non
781 2356 1081 2406 praedicabitur.
1123 2356 1183 2393 Ex
1211 2356 1257 2393 iis
1285 2368 1383 2405 quae
1411 2355 1578 2393 diximus
1597 2369 1690 2406 per-

266 2420 446 2471 spicuum
476 2422 549 2466 est,
578 2417 774 2467 quomodo
801 2418 916 2455 etiam
945 2418 1195 2468 syllogismus
1210 2418 1259 2456 lll
1281 2411 1310 2456 ε’
1337 2430 1409 2468 per
1428 2415 1592 2455 ἔκθεσιν
1619 2418 1690 2457 de-
1754 2441 1756 2443 >

266 2481 542 2521 monstrandus
571 2481 640 2518 sit:
673 2492 788 2529 quam
818 2480 1188 2520 demonstrationem
1217 2482 1281 2530 qui
1310 2479 1525 2518 confecerit
1545 2481 1691 2520 videbit

267 2545 386 2584 verba
416 2534 448 2595 ᾧ
475 2539 558 2582 τινὶ
585 2538 783 2592 ἑκάτερον
809 2539 866 2594 μὴ
886 2541 1062 2595 ὑπάρχει
1087 2557 1162 2582 non
1182 2545 1232 2582 de
1249 2543 1294 2581 lll
1316 2537 1345 2582 ε’
1364 2543 1468 2580 dicta
1488 2556 1591 2592 esse,
1619 2544 1689 2582 sed

266 2608 318 2646 de
345 2607 571 2658 syllogismo
601 2605 629 2643 ll
653 2599 687 2645 δ’
715 2606 823 2651 solo,
850 2608 995 2658 quippe
1023 2609 1061 2645 in
1091 2618 1166 2656 quo
1194 2607 1380 2644 terminus
1409 2605 1440 2643 C
1467 2605 1501 2643 is
1530 2610 1612 2653 est,
1641 2606 1689 2644 ad

267 2682 385 2720 quem
412 2671 530 2708 verba
557 2659 590 2720 ᾧ
611 2696 620 2707 .
641 2699 650 2708 .
672 2696 681 2707 .
698 2666 873 2720 ὑπάρχει
899 2670 1134 2720 respiciunt:
1161 2680 1249 2707 nam
1278 2668 1315 2706 ei
1342 2669 1444 2718 parti
1471 2668 1625 2706 termini
1642 2668 1688 2717 C,

269 2744 388 2783 quam
406 2731 439 2770 D
459 2732 757 2784 appellavimus,
782 2737 964 2773 neutrum
987 2732 1177 2780 convenit,
1206 2731 1246 2770 h.
1266 2744 1300 2770 e.
1317 2728 1447 2781 neque
1465 2731 1498 2771 A
1516 2743 1643 2782 neque
1657 2731 1688 2769 Β
