1826 3112
860 244 1224 279 ΚΑΤΗΓΟΡΙΑΙ.

337 347 485 405 ρεῖται,
502 340 554 389 τὸ
575 342 622 388 δὲ
642 340 765 404 γένος
783 341 857 387 καὶ
877 339 986 388 κατὰ
1010 345 1093 388 τοῦ
1115 342 1259 399 εἴδους
1266 339 1458 388 καὶκατὰ
1471 345 1555 387 τοῦ
1566 339 1747 400 ιέτόμου.

298 421 323 454 b
340 408 553 465 ὡσαύτως
572 409 618 455 δὲ
637 409 712 454 καὶ
733 408 778 454 αἱ
798 409 1010 469 διαφοραὶ
1029 409 1102 455 καὶ
1121 406 1230 454 κατὰ
1261 412 1351 454 τῶν
1376 408 1506 454 εἰδῶν
1534 407 1609 453 καὶ
1639 405 1747 452 κατὰ

335 481 425 524 τῶν
445 474 618 535 οἷτόμων
635 478 990 536 κατηγοροῦνται.
1053 475 1126 521 καὶ
1155 473 1236 521 τὸν
1266 473 1403 535 λόγον
1422 475 1468 520 δὲ
1490 473 1751 533 ἐπιδέχονται

337 543 382 589 αἱ
400 544 570 603 πρῶται
589 539 738 586 οὐσίαι
755 538 836 587 τὸν
853 545 942 588 τῶν
963 541 1092 587 εἰδῶν
1111 542 1185 587 καὶ
1203 538 1284 587 τὸν
1304 544 1393 586 τῶν
1419 545 1566 601 γενῶν,
1604 540 1678 585 καὶ
1697 536 1749 584 τὸ

337 605 451 664 εἶδος
468 608 515 653 δὲ
535 604 615 653 τὸν
631 610 714 653 τοῦ
730 606 885 668 γένους
896 624 906 634 ·
942 604 1028 653 ὅσα
1045 605 1128 669 γὰρ
1149 604 1257 653 κατὰ
1274 610 1357 652 τοῦ
1367 604 1752 669 κατηγορουμένου

304 675 499 736 ὃλέγεται
536 674 609 719 καὶ
651 671 761 718 κατὰ
791 677 876 719 τοῦ
900 671 1197 733 ὑποκειμένου
1231 671 1482 734 ῥηθήσεται.
1543 670 1754 726 ὡσαύτως

337 741 384 787 δὲ
413 740 487 786 καὶ
514 737 591 785 τὸν
618 743 707 785 τοῖν
728 742 958 801 διαφορῶν
988 739 1122 801 λόγον
1148 740 1379 800 ἐπιδέχεται
1404 738 1457 784 τά
1484 756 1527 784 τε
1557 739 1649 799 εἴδη
1680 737 1754 782 καὶ

336 805 389 852 τοὶ
418 804 571 865 ἄτομα.
636 804 878 866 συνώνυμα
910 805 959 852 δέ
996 823 1042 867 γε
1081 799 1136 868 ἦν
1176 799 1240 852 οἷν
1268 806 1342 850 καὶ
1371 802 1567 864 τοῦνομα
1602 800 1754 849 κοινὸν

336 873 412 918 καὶ
435 870 460 918 ὁ
482 870 615 932 λόγος
638 869 664 918 ὁ
687 870 842 928 αὐτός,
881 869 990 918 ὥστε
1021 870 1163 917 πάντα
1191 869 1245 917 τὰ
1264 868 1352 916 οἷπὸ
1371 874 1459 917 τῶν
1478 868 1647 916 οὐσιῶν
1679 868 1755 914 καὶ

293 972 305 990 ἡ,
336 936 390 984 τὰ
413 936 502 984 α’πό
521 941 612 983 τοῖν
631 941 861 998 διαφορῶν
882 935 1152 997 συνωνύμως
1169 937 1346 998 λέγεται.
1728 955 1730 957 ·

290 1019 323 1047 ιο
474 1006 614 1049 Πᾶσα
632 1005 679 1049 δὲ
699 1002 834 1050 οὐσία
854 1006 975 1049 δοκεῖ
986 1002 1087 1049 τόδε
1113 1021 1155 1048 τι
1181 1002 1417 1065 σημαίνειν.
1480 1000 1549 1047 ἐπὶ
1578 999 1655 1060 μὲν
1671 992 1757 1046 οὖν

337 1072 426 1115 τῶν
445 1068 629 1129 πρώτων
652 1067 821 1115 οὐσιῶν
850 1067 1233 1132 ἀναμφισβήτητον
1254 1069 1327 1115 καὶ
1357 1066 1521 1128 ἀληθές
1551 1066 1665 1112 ἐστιν
1690 1062 1756 1111 ὅτι

337 1134 435 1182 τόδε
465 1152 505 1180 τι
536 1135 735 1196 σημαίνει
762 1133 954 1195 (ἄτομον
978 1133 1062 1196 γὰρ
1088 1136 1163 1181 καὶ
1179 1135 1227 1181 ἓν
1254 1132 1428 1198 ἀριθμῷ
1454 1131 1508 1178 τὸ
1540 1130 1756 1195 δηλούμε-

340 1200 420 1247 νόν
448 1200 606 1261 ἐστιν),
644 1204 733 1247 τῶν
754 1202 800 1246 δὲ
821 1201 1033 1261 δευτέρων
1058 1199 1226 1247 οὐσιῶν
1257 1201 1455 1261 φαίνεται
1488 1199 1566 1258 μὲν
1597 1196 1758 1258 ὁμοίως

337 1270 399 1347 τῷ
415 1265 598 1328 σχήματι
626 1270 707 1328 τῆς
736 1268 1031 1329 προσηγορίας
1057 1266 1158 1313 τόδε
1178 1285 1218 1313 τι
1244 1266 1488 1328 σημαίνειν,
1524 1261 1631 1310 ὅταν
1660 1265 1758 1323 εἴπῃ

290 1347 324 1375 15
341 1330 579 1392 ἄνθρωπον
596 1328 627 1394 ἢ
653 1335 786 1397 ζῷον,
830 1331 889 1379 οὐ
906 1331 996 1395 μὴν
1013 1331 1178 1395 ἀληθές
1196 1350 1242 1394 γε
1258 1367 1270 1390 ,
1307 1329 1417 1377 ἄλλα
1446 1333 1612 1389 μᾶλλον
1631 1329 1759 1376 ποιόν

337 1415 378 1445 τι
400 1399 620 1460 σημαίνει·
656 1397 715 1444 οὐ
732 1396 815 1458 γὰρ
837 1399 882 1444 ἕν
903 1399 990 1445 ἐστι
1009 1397 1061 1444 τὸ
1081 1397 1369 1458 ὑποκείμενον
1389 1394 1535 1456 ὥσπερ
1555 1394 1584 1458 ἡ
1605 1394 1760 1457 πρώτη

338 1463 497 1523 οὐσία,
551 1461 660 1509 ἀλλὰ
703 1462 812 1509 κατὰ
854 1468 1031 1511 πολλῶν
1073 1463 1098 1511 ὁ
1139 1462 1374 1524 ἅνθρωπος
1404 1462 1567 1523 λέγεται
1594 1463 1668 1508 καὶ
1706 1459 1758 1507 τὰ

339 1533 465 1594 ζῷον.
534 1530 621 1590 οὐχ
641 1527 788 1586 ἅπλῶς
809 1531 856 1576 δὲ
877 1530 1011 1576 ποιόν
1035 1548 1075 1576 τι
1094 1531 1312 1593 σημαίνει,
1345 1527 1491 1589 ὥσπερ
1509 1526 1561 1574 τὸ
1585 1526 1759 1574 λευκόν.

338 1595 471 1643 οὐδὲν
498 1594 581 1656 γὰρ
609 1593 718 1641 ἄλλο
750 1597 948 1659 σημαίνει
964 1594 1015 1642 τὰ
1048 1595 1208 1643 λευκὸν
1243 1594 1338 1641 ἄλλ’
1363 1593 1395 1657 ἢ
1423 1593 1567 1641 ποιόν.
1634 1591 1685 1639 τὸ
1713 1593 1761 1639 δὲ

287 1680 324 1708 20
340 1659 455 1719 εἶδος
488 1663 561 1707 καὶ
590 1659 643 1707 τὸ
674 1662 798 1722 γένος
826 1663 924 1723 περὶ
946 1660 1106 1709 οὐσίαν
1124 1661 1177 1708 τὸ
1212 1659 1341 1708 ποιὸν
1374 1659 1595 1721 ἀφορίζει·
1628 1656 1762 1705 ποιοὶν

337 1728 430 1791 γάρ’
445 1745 541 1774 τινα
563 1725 724 1774 ου’σίαν
740 1729 950 1790 σημαίνει.
1004 1728 1072 1774 ἐπὶ
1094 1732 1242 1774 πλεῖον
1264 1728 1311 1774 δὲ
1330 1731 1391 1791 τῷ
1407 1727 1517 1786 γένει
1536 1722 1642 1789 ἢτῷ
1661 1726 1763 1770 εἴδει

338 1793 420 1841 τὸν
438 1791 688 1855 οἷφορισμὸν
707 1799 910 1840 ποιεῖται*
946 1791 971 1839 ὃ
995 1792 1077 1856 γὰρ
1101 1797 1213 1859 ζῷον
1241 1791 1376 1840 εἰπών
1395 1792 1463 1838 ἐπὶ
1481 1794 1630 1838 πλεῖον
1640 1802 1762 1852 περι-

340 1859 549 1921 λαμβάνει
573 1857 604 1923 ἢ
628 1857 654 1905 ὁ
675 1857 755 1907 τὸν
773 1858 1023 1921 ἄνθρωπον.

427 2051 470 2085 39
489 2049 552 2087 καὶ
567 2060 622 2083 om
637 2060 671 2082 η.
697 2067 738 2075 -—
778 2049 854 2084 τῶν
877 2050 985 2085 εἰδῶν
1004 2062 1036 2084 κ.
1055 2063 1087 2085 κ.
1111 2051 1184 2085 τῶν
1210 2047 1359 2094 ἀτόμων
1381 2060 1415 2082 u.
1437 2065 1483 2074 —
1524 2045 1665 2091 ἀτόμου
1681 2058 1713 2080 κ.
1731 2058 1764 2080 κ.

341 2096 410 2131 τοῦ
428 2096 552 2132 εἴδους
572 2106 603 2129 e.

427 2140 494 2174 3121
514 2139 553 2173 δὲ
569 2150 625 2172 om
647 2148 676 2171 e.
699 2156 744 2163 —
787 2150 844 2171 sec
860 2137 922 2173 καὶ
942 2150 998 2172 om
1021 2139 1128 2181 ABcs.
1155 2157 1196 2164 —
1237 2140 1257 2172 3
1278 2134 1400 2172 ου’σίαι
1416 2132 1482 2170 τὸν
1500 2147 1554 2168 om
1572 2146 1611 2180 g.
1636 2155 1677 2161 -
1715 2134 1765 2170 εἰ-

338 2186 415 2220 ὃῶν
432 2192 467 2217 et
481 2184 598 2228 γενῶν
621 2183 677 2215 loo
698 2189 772 2214 mut
790 2194 846 2217 nu.
871 2202 916 2208 —
937 2180 1004 2217 τὸν
1021 2184 1074 2215 bis
1093 2195 1148 2216 om
1165 2195 1199 2216 u.
1224 2202 1265 2208 —
1290 2184 1311 2216 5
1330 2180 1467 2224 λέγεται
1486 2192 1541 2213 om
1563 2192 1590 2214 e.
1617 2199 1662 2205 —
1684 2179 1763 2223 καὶ]

337 2228 464 2264 πάντα
478 2228 541 2263 καὶ
562 2228 682 2272 ACgh‚
704 2228 867 2262 τοσαῦτα
885 2227 946 2261 καὶ
968 2228 1065 2270 dnus.
1088 2246 1134 2253 —
1155 2225 1499 2272 κατηγορηθήσεται
1516 2237 1549 2257 ιι.
1573 2243 1619 2250 —-
1653 2226 1673 2259 6
1690 2222 1765 2258 ἐπι-

340 2273 508 2317 δέχονται
528 2284 589 2318 ga·
614 2291 657 2297 —
692 2270 740 2306 τά
754 2284 792 2306 τε
811 2272 887 2314 εἴδη
908 2273 971 2315 Βη,
995 2273 1067 2305 fort
1082 2284 1124 2316 pr
1143 2273 1178 2305 d.
1201 2290 1247 2298 -
1285 2271 1331 2306 τὰ
1352 2271 1430 2315 εἴδη
1446 2270 1522 2313 καὶ]
1539 2268 1602 2303 καὶ
1620 2268 1665 2303 τὰ
1685 2268 1766 2303 ὄνό-

338 2331 438 2363 ματα
456 2331 484 2362 e,
508 2330 564 2352 om
584 2328 616 2349 a.
641 2333 687 2340 —
724 2317 747 2349 7
773 2329 812 2359 γε
840 2329 895 2349 om
920 2318 957 2349 A.
982 2335 1027 2342 —
1061 2317 1189 2351 κοινὸν
1216 2329 1271 2350 om
1297 2327 1326 2350 e.
1350 2335 1395 2341 —-
1431 2315 1453 2348 8
1473 2326 1515 2357 pr
1537 2312 1557 2348 ὁ
1581 2325 1635 2346 om
1661 2325 1693 2347 a.
1719 2331 1765 2339 -

340 2361 433 2398 ὥστε
458 2362 522 2398 καὶ
545 2359 669 2396 πάντα
695 2360 753 2393 dh.
777 2379 821 2385 --
855 2362 875 2394 9
901 2359 948 2394 τὰ
967 2358 1041 2394 ἀπὸ
1066 2374 1121 2394 om
1140 2373 1225 2406 nga.
1251 2379 1292 2386 —
1329 2361 1402 2394 τῶν
1431 2370 1486 2391 om
1502 2370 1540 2403 g.
1564 2376 1608 2384 —
1645 2356 1766 2392 συνώ-

339 2421 438 2453 νυμα
454 2411 487 2451 f.
513 2426 556 2432 —-
582 2407 622 2439 10
639 2417 675 2438 τι
695 2416 749 2437 om
768 2417 800 2438 u.
825 2423 869 2430 —
895 2406 933 2438 11
955 2404 1207 2449 ἀληθέστατον
1220 2401 1278 2439 ὅτι
1294 2416 1321 2438 e.
1345 2422 1390 2430 —
1415 2404 1456 2437 12
1474 2403 1663 2446 σημαίνειν
1675 2413 1764 2446 prg.

339 2473 383 2478 —-
411 2453 450 2486 13
474 2452 548 2486 τῶν
565 2449 620 2492 δὲ]
641 2447 701 2483 ἐπὶ
719 2448 758 2483 δὲ
775 2450 849 2484 τῶν
866 2451 1048 2494 ACcsnug.
1073 2469 1118 2475 -
1151 2452 1192 2484 14
1210 2449 1310 2492 τόδε]
1330 2444 1386 2482 ὅτι
1407 2442 1494 2485 τόδε
1506 2459 1534 2481 e.
1556 2464 1603 2473 —-
1633 2448 1766 2490 σημαί-

340 2509 397 2532 νει
414 2508 443 2530 ε.
466 2513 513 2522 —-
550 2495 655 2538 εἴπῃς
670 2505 698 2528 e.
725 2512 766 2518 —
805 2495 846 2527 15
862 2505 900 2534 γε
918 2493 1055 2538 ἀληθὲς
1073 2506 1111 2539 g.
1135 2514 1178 2520 —
1216 2495 1257 2528 17
1272 2494 1410 2536 λέγεται
1427 2504 1482 2525 om
1502 2492 1562 2525 Cu.
1585 2508 1627 2517 -
1670 2492 1713 2525 18
1731 2503 1766 2524 τι

341 2554 396 2575 om
412 2553 469 2574 nu.
493 2559 534 2565 -
564 2540 603 2573 19
627 2535 742 2572 οὐθὲν
757 2549 792 2580 u,
812 2536 898 2572 ου’δὲ
908 2541 942 2581 f.
971 2558 1011 2565 —
1047 2536 1150 2584 ἄλλο]
1168 2535 1255 2573 ἄλλο
1272 2550 1308 2572 τι
1323 2539 1369 2580 ef.
1393 2555 1437 2562 --
1475 2535 1619 2576 λευκὸν]
1638 2536 1766 2580 συμβε-

339 2586 451 2631 βηκὸς
465 2597 493 2619 e.
519 2603 562 2609 —
586 2579 610 2625 ἢ
627 2580 668 2617 τὸ
689 2579 798 2616 ποιόν
815 2594 844 2617 e.
869 2601 913 2607 -—
937 2582 1068 2619 οὐδὲν.
1082 2580 1251 2619 ..λευκὸν
1266 2594 1304 2616 rc
1314 2594 1369 2624 mg
1389 2583 1423 2615 h.
1447 2599 1490 2607 -
1521 2582 1565 2615 20
1585 2580 1688 2623 γένος
1704 2578 1767 2613 καὶ

339 2629 381 2664 τὸ
403 2628 499 2669 εἶδος
520 2629 575 2661 Ge.
599 2644 645 2650 —
682 2628 724 2660 21
745 2627 852 2670 δηλοῖ
866 2625 995 2663 οὐσίαν
1013 2640 1042 2663 e.
1066 2645 1113 2655 —-·
1149 2630 1194 2662 22
1209 2626 1383 2669 ποιεῖται]
1411 2622 1525 2660 εἰπών
1548 2627 1708 2660 ποιεῖται
1730 2624 1764 2665 Ιι,

340 2686 385 2751 {2
405 2675 438 2729 (Ξ.
462 2693 508 2699 -—
541 2670 562 2706 ὁ
582 2682 637 2705 om
655 2681 694 2715 g.
719 2689 760 2696 —
784 2669 852 2717 γὰρ
875 2684 929 2706 om
950 2685 977 2708 e.
1003 2692 1046 2700 —
1074 2671 1186 2709 πλέον
1200 2685 1235 2706 ιι.
1257 2690 1300 2698 —-
1331 2668 1608 2717 παραλαμβάνει
1625 2670 1694 2713 Ag·
1722 2687 1764 2694 —

403 2731 422 2752 ο
441 2731 496 2752 om
514 2731 542 2752 e.
