<?xml version="1.0" encoding="UTF-8"?>
<!DOCTYPE html PUBLIC "-//W3C//DTD XHTML 1.0 Transitional//EN"
    "http://www.w3.org/TR/xhtml1/DTD/xhtml1-transitional.dtd">
<html xmlns="http://www.w3.org/1999/xhtml" xml:lang="en" lang="en">
 <head>
  <title>
</title>
<meta http-equiv="Content-Type" content="text/html;charset=utf-8" />
  <meta name='ocr-system' content='tesseract 3.04.00' />
  <meta name='ocr-capabilities' content='ocr_page ocr_carea ocr_par ocr_line ocrx_word'/>
</head>
<body>
  <div class='ocr_page' id='page_1' title='image "aristotelisorgan01arisuoft_0366.png"; bbox 0 0 1780 3100; ppageno 0'>
   <div class='ocr_carea' id='block_1_1' title="bbox 208 205 1136 244">
    <p class='ocr_par' dir='ltr' id='par_1_1' title="bbox 208 205 1136 244">
     <span class='ocr_line' id='line_1_1' title="bbox 208 205 1136 244; baseline -0.003 0"><span class='ocrx_word' id='word_1_1' title='bbox 208 205 287 244; x_wconf 73' lang='lat'><strong>832</strong></span> <span class='ocrx_word' id='word_1_2' title='bbox 762 207 1136 243; x_wconf 77' lang='lat' dir='ltr'><strong>Hermeneutica.</strong></span> 
     </span>
    </p>
   </div>
   <div class='ocr_carea' id='block_1_2' title="bbox 208 301 1690 782">
    <p class='ocr_par' dir='ltr' id='par_1_2' title="bbox 261 301 1689 416">
     <span class='ocr_line' id='line_1_2' title="bbox 261 301 1689 356; baseline 0.003 -14"><span class='ocrx_word' id='word_1_3' title='bbox 261 301 490 353; x_wconf 76' lang='grc' dir='ltr'><em>ἄνθρωπος</em></span> <span class='ocrx_word' id='word_1_4' title='bbox 516 302 636 342; x_wconf 86' lang='lat' dir='ltr'><strong>dictio</strong></span> <span class='ocrx_word' id='word_1_5' title='bbox 664 308 738 353; x_wconf 86' lang='lat' dir='ltr'><strong>est,</strong></span> <span class='ocrx_word' id='word_1_6' title='bbox 766 306 857 353; x_wconf 80' lang='lat' dir='ltr'><strong>sed,</strong></span> <span class='ocrx_word' id='word_1_7' title='bbox 892 307 937 343; x_wconf 91' lang='lat' dir='ltr'><strong>ut</strong></span> <span class='ocrx_word' id='word_1_8' title='bbox 965 305 1114 354; x_wconf 79' lang='lat' dir='ltr'><strong>syllaba</strong></span> <span class='ocrx_word' id='word_1_9' title='bbox 1140 318 1192 352; x_wconf 85' lang='grc' dir='ltr'><strong>υς</strong></span> <span class='ocrx_word' id='word_1_10' title='bbox 1218 305 1256 344; x_wconf 83' lang='grc' dir='ltr'><strong>ἰη</strong></span> <span class='ocrx_word' id='word_1_11' title='bbox 1280 307 1383 356; x_wconf 79' lang='grc' dir='ltr'><em>μῦς,</em></span> <span class='ocrx_word' id='word_1_12' title='bbox 1411 316 1486 345; x_wconf 81' lang='lat' dir='ltr'><strong>vox</strong></span> <span class='ocrx_word' id='word_1_13' title='bbox 1512 308 1588 352; x_wconf 87' lang='lat' dir='ltr'><strong>est,</strong></span> <span class='ocrx_word' id='word_1_14' title='bbox 1615 319 1689 347; x_wconf 92' lang='lat' dir='ltr'><strong>non</strong></span> 
     </span>
     <span class='ocr_line' id='line_1_3' title="bbox 262 364 593 416; baseline 0 -12"><span class='ocrx_word' id='word_1_15' title='bbox 262 365 384 405; x_wconf 85' lang='lat' dir='ltr'><strong>dictio</strong></span> <span class='ocrx_word' id='word_1_16' title='bbox 414 364 593 416; x_wconf 77' lang='grc' dir='ltr'><strong>(φάσις).</strong></span> 
     </span>
    </p>

    <p class='ocr_par' dir='ltr' id='par_1_3' title="bbox 209 427 1690 732">
     <span class='ocr_line' id='line_1_4' title="bbox 209 427 1688 482; baseline 0.001 -16"><span class='ocrx_word' id='word_1_17' title='bbox 209 429 261 468; x_wconf 90' lang='grc'><strong>17</strong></span> <span class='ocrx_word' id='word_1_18' title='bbox 274 430 329 467; x_wconf 84' lang='lat' dir='ltr'><strong>al</strong></span> <span class='ocrx_word' id='word_1_19' title='bbox 359 427 415 475; x_wconf 85' lang='grc' dir='ltr'><strong>ὠς</strong></span> <span class='ocrx_word' id='word_1_20' title='bbox 443 430 652 479; x_wconf 82' lang='grc' dir='ltr'><em>ὄργανον,</em></span> <span class='ocrx_word' id='word_1_21' title='bbox 696 429 760 467; x_wconf 91' lang='lat' dir='ltr'><strong>cui</strong></span> <span class='ocrx_word' id='word_1_22' title='bbox 787 430 997 479; x_wconf 84' lang='lat' dir='ltr'><strong>opponitur</strong></span> <span class='ocrx_word' id='word_1_23' title='bbox 1023 428 1130 469; x_wconf 80' lang='grc' dir='ltr'><em>κατὰ</em></span> <span class='ocrx_word' id='word_1_24' title='bbox 1157 429 1391 482; x_wconf 80' lang='grc' dir='ltr'><em>συνθήκην,</em></span> <span class='ocrx_word' id='word_1_25' title='bbox 1421 444 1469 469; x_wconf 87' lang='lat' dir='ltr'><strong>ex</strong></span> <span class='ocrx_word' id='word_1_26' title='bbox 1497 433 1688 469; x_wconf 86' lang='lat' dir='ltr'><strong>convento</strong></span> 
     </span>
     <span class='ocr_line' id='line_1_5' title="bbox 262 491 1689 545; baseline 0.003 -17"><span class='ocrx_word' id='word_1_27' title='bbox 262 493 477 539; x_wconf 67' lang='lat'>11332129,</span> <span class='ocrx_word' id='word_1_28' title='bbox 506 492 719 530; x_wconf 79' lang='lat' dir='ltr'><strong>1134b35.</strong></span> <span class='ocrx_word' id='word_1_29' title='bbox 757 491 869 540; x_wconf 78' lang='lat' dir='ltr'><strong>Quod</strong></span> <span class='ocrx_word' id='word_1_30' title='bbox 899 505 921 530; x_wconf 88' lang='lat' dir='ltr'><strong>e</strong></span> <span class='ocrx_word' id='word_1_31' title='bbox 948 496 1111 531; x_wconf 86' lang='lat' dir='ltr'><strong>naturae</strong></span> <span class='ocrx_word' id='word_1_32' title='bbox 1138 493 1290 545; x_wconf 87' lang='lat' dir='ltr'><strong>legibus</strong></span> <span class='ocrx_word' id='word_1_33' title='bbox 1318 495 1462 545; x_wconf 81' lang='lat' dir='ltr'><strong>pendet</strong></span> <span class='ocrx_word' id='word_1_34' title='bbox 1484 494 1689 543; x_wconf 80' lang='grc' dir='ltr'><em>(ὄργανον</em></span> 
     </span>
     <span class='ocr_line' id='line_1_6' title="bbox 262 553 1688 606; baseline 0.001 -14"><span class='ocrx_word' id='word_1_35' title='bbox 262 553 466 604; x_wconf 86' lang='grc' dir='ltr'><strong>φυσικόν)</strong></span> <span class='ocrx_word' id='word_1_36' title='bbox 510 555 546 591; x_wconf 90' lang='lat' dir='ltr'><strong>ei</strong></span> <span class='ocrx_word' id='word_1_37' title='bbox 575 554 787 604; x_wconf 87' lang='lat' dir='ltr'><strong>opponitur</strong></span> <span class='ocrx_word' id='word_1_38' title='bbox 814 555 917 605; x_wconf 90' lang='lat' dir='ltr'><strong>quod</strong></span> <span class='ocrx_word' id='word_1_39' title='bbox 947 556 985 594; x_wconf 90' lang='lat' dir='ltr'><strong>in</strong></span> <span class='ocrx_word' id='word_1_40' title='bbox 1015 557 1269 594; x_wconf 81' lang='lat' dir='ltr'><strong>conventione</strong></span> <span class='ocrx_word' id='word_1_41' title='bbox 1296 557 1466 606; x_wconf 82' lang='lat' dir='ltr'><strong>positum</strong></span> <span class='ocrx_word' id='word_1_42' title='bbox 1495 561 1576 593; x_wconf 87' lang='lat' dir='ltr'><strong>est:</strong></span> <span class='ocrx_word' id='word_1_43' title='bbox 1615 568 1688 606; x_wconf 82' lang='lat' dir='ltr'><strong>qua</strong></span> 
     </span>
     <span class='ocr_line' id='line_1_7' title="bbox 260 617 1690 669; baseline 0.001 -15"><span class='ocrx_word' id='word_1_44' title='bbox 260 629 306 655; x_wconf 86' lang='lat' dir='ltr'><strong>re</strong></span> <span class='ocrx_word' id='word_1_45' title='bbox 331 617 503 654; x_wconf 84' lang='lat' dir='ltr'>maxime</span> <span class='ocrx_word' id='word_1_46' title='bbox 536 618 756 655; x_wconf 80' lang='lat' dir='ltr'>continetur</span> <span class='ocrx_word' id='word_1_47' title='bbox 797 617 1010 656; x_wconf 71' lang='lat' dir='ltr'><strong>discrimen</strong></span> <span class='ocrx_word' id='word_1_48' title='bbox 1049 631 1182 656; x_wconf 87' lang='lat' dir='ltr'><strong>eorum</strong></span> <span class='ocrx_word' id='word_1_49' title='bbox 1225 631 1325 669; x_wconf 89' lang='lat' dir='ltr'><strong>quae</strong></span> <span class='ocrx_word' id='word_1_50' title='bbox 1363 619 1474 657; x_wconf 88' lang='lat' dir='ltr'><strong>Plato</strong></span> <span class='ocrx_word' id='word_1_51' title='bbox 1512 623 1552 656; x_wconf 91' lang='lat' dir='ltr'><strong>et</strong></span> <span class='ocrx_word' id='word_1_52' title='bbox 1590 631 1690 667; x_wconf 83' lang='lat' dir='ltr'><strong>quae</strong></span> 
     </span>
     <span class='ocr_line' id='line_1_8' title="bbox 261 679 1686 732; baseline 0 -14"><span class='ocrx_word' id='word_1_53' title='bbox 261 679 497 718; x_wconf 81' lang='lat' dir='ltr'><strong>Aristoteles</strong></span> <span class='ocrx_word' id='word_1_54' title='bbox 525 680 575 718; x_wconf 86' lang='lat' dir='ltr'><strong>de</strong></span> <span class='ocrx_word' id='word_1_55' title='bbox 603 680 794 718; x_wconf 85' lang='lat' dir='ltr'><strong>sermonis</strong></span> <span class='ocrx_word' id='word_1_56' title='bbox 822 680 970 731; x_wconf 80' lang='lat' dir='ltr'>origine</span> <span class='ocrx_word' id='word_1_57' title='bbox 999 681 1226 732; x_wconf 82' lang='lat' dir='ltr'><strong>disputavit,</strong></span> <span class='ocrx_word' id='word_1_58' title='bbox 1252 695 1285 719; x_wconf 78' lang='lat' dir='ltr'><strong>v.</strong></span> <span class='ocrx_word' id='word_1_59' title='bbox 1313 682 1426 719; x_wconf 80' lang='lat' dir='ltr'><strong>Riese</strong></span> <span class='ocrx_word' id='word_1_60' title='bbox 1441 681 1468 721; x_wconf 91' lang='grc' dir='ltr'><strong>Ι.</strong></span> <span class='ocrx_word' id='word_1_61' title='bbox 1501 694 1537 731; x_wconf 91' lang='lat' dir='ltr'><strong>p.</strong></span> <span class='ocrx_word' id='word_1_62' title='bbox 1559 682 1611 718; x_wconf 82' lang='lat'><strong>92</strong></span> <span class='ocrx_word' id='word_1_63' title='bbox 1629 693 1686 730; x_wconf 91' lang='lat' dir='ltr'><strong>sq.</strong></span> 
     </span>
    </p>

    <p class='ocr_par' dir='ltr' id='par_1_4' title="bbox 208 741 1473 782">
     <span class='ocr_line' id='line_1_9' title="bbox 208 741 1473 782; baseline 0.002 -3"><span class='ocrx_word' id='word_1_64' title='bbox 208 743 326 780; x_wconf 66' lang='lat'><strong>17³2</strong></span> <span class='ocrx_word' id='word_1_65' title='bbox 354 741 535 780; x_wconf 80' lang='lat' dir='ltr'><strong>Priorum</strong></span> <span class='ocrx_word' id='word_1_66' title='bbox 565 742 653 780; x_wconf 90' lang='lat' dir='ltr'><strong>edd.</strong></span> <span class='ocrx_word' id='word_1_67' title='bbox 684 742 891 781; x_wconf 88' lang='lat' dir='ltr'><strong>lectionem</strong></span> <span class='ocrx_word' id='word_1_68' title='bbox 921 756 943 781; x_wconf 86' lang='lat' dir='ltr'><strong>e</strong></span> <span class='ocrx_word' id='word_1_69' title='bbox 971 743 1170 782; x_wconf 83' lang='lat' dir='ltr'><strong>codicibus</strong></span> <span class='ocrx_word' id='word_1_70' title='bbox 1198 745 1473 782; x_wconf 70' lang='lat' dir='ltr'><strong>revocavimus.</strong></span> 
     </span>
    </p>
   </div>
   <div class='ocr_carea' id='block_1_3' title="bbox 208 851 1690 966">
    <p class='ocr_par' dir='ltr' id='par_1_5' title="bbox 208 851 1690 966">
     <span class='ocr_line' id='line_1_10' title="bbox 318 851 1690 906; baseline -0.001 -14"><span class='ocrx_word' id='word_1_71' title='bbox 318 853 414 906; x_wconf 84' lang='lat' dir='ltr'><strong>Gap.</strong></span> <span class='ocrx_word' id='word_1_72' title='bbox 441 851 480 892; x_wconf 83' lang='lat'><strong>5.</strong></span> <span class='ocrx_word' id='word_1_73' title='bbox 507 852 761 891; x_wconf 81' lang='lat' dir='ltr'><strong>Emmtiatio</strong></span> <span class='ocrx_word' id='word_1_74' title='bbox 800 857 873 891; x_wconf 82' lang='lat' dir='ltr'><strong>aut</strong></span> <span class='ocrx_word' id='word_1_75' title='bbox 907 854 1082 905; x_wconf 69' lang='lat' dir='ltr'><strong>simplex·</strong></span> <span class='ocrx_word' id='word_1_76' title='bbox 1120 859 1179 891; x_wconf 80' lang='lat' dir='ltr'><strong>est</strong></span> <span class='ocrx_word' id='word_1_77' title='bbox 1208 859 1281 892; x_wconf 82' lang='lat' dir='ltr'><strong>aut</strong></span> <span class='ocrx_word' id='word_1_78' title='bbox 1319 854 1566 905; x_wconf 82' lang='lat' dir='ltr'><strong>composita:</strong></span> <span class='ocrx_word' id='word_1_79' title='bbox 1602 853 1690 891; x_wconf 78' lang='lat' dir='ltr'><strong>sine</strong></span> 
     </span>
     <span class='ocr_line' id='line_1_11' title="bbox 208 917 727 966; baseline -0.008 -9"><span class='ocrx_word' id='word_1_80' title='bbox 208 917 328 957; x_wconf 82' lang='lat' dir='ltr'><strong>verbo</strong></span> <span class='ocrx_word' id='word_1_81' title='bbox 356 929 443 955; x_wconf 83' lang='lat' dir='ltr'><strong>esse</strong></span> <span class='ocrx_word' id='word_1_82' title='bbox 474 929 555 954; x_wconf 78' lang='lat' dir='ltr'><strong>non</strong></span> <span class='ocrx_word' id='word_1_83' title='bbox 580 920 727 966; x_wconf 81' lang='lat' dir='ltr'><strong>potest.</strong></span> 
     </span>
    </p>
   </div>
   <div class='ocr_carea' id='block_1_4' title="bbox 208 998 1691 2807">
    <p class='ocr_par' dir='ltr' id='par_1_6' title="bbox 208 998 1691 1430">
     <span class='ocr_line' id='line_1_12' title="bbox 208 998 1690 1049; baseline -0.001 -10"><span class='ocrx_word' id='word_1_84' title='bbox 208 1002 326 1040; x_wconf 69' lang='lat'><strong>1708</strong></span> <span class='ocrx_word' id='word_1_85' title='bbox 353 998 542 1047; x_wconf 82' lang='grc' dir='ltr'><em>πρῶτος;</em></span> <span class='ocrx_word' id='word_1_86' title='bbox 580 998 718 1047; x_wconf 79' lang='lat' dir='ltr'><strong>reliqui</strong></span> <span class='ocrx_word' id='word_1_87' title='bbox 757 998 860 1036; x_wconf 90' lang='lat' dir='ltr'><strong>enim</strong></span> <span class='ocrx_word' id='word_1_88' title='bbox 899 1010 1035 1036; x_wconf 72' lang='lat' dir='ltr'><strong>omnes</strong></span> <span class='ocrx_word' id='word_1_89' title='bbox 1072 1011 1120 1036; x_wconf 88' lang='lat' dir='ltr'><strong>ex</strong></span> <span class='ocrx_word' id='word_1_90' title='bbox 1144 998 1222 1036; x_wconf 89' lang='lat' dir='ltr'><strong>hoc</strong></span> <span class='ocrx_word' id='word_1_91' title='bbox 1250 1000 1436 1049; x_wconf 81' lang='lat' dir='ltr'><strong>originem</strong></span> <span class='ocrx_word' id='word_1_92' title='bbox 1462 1000 1620 1047; x_wconf 83' lang='lat' dir='ltr'><strong>habent,</strong></span> <span class='ocrx_word' id='word_1_93' title='bbox 1648 1004 1690 1038; x_wconf 88' lang='lat' dir='ltr'><strong>ut</strong></span> 
     </span>
     <span class='ocr_line' id='line_1_13' title="bbox 262 1060 1690 1113; baseline 0 -12"><span class='ocrx_word' id='word_1_94' title='bbox 262 1075 313 1101; x_wconf 84' lang='lat' dir='ltr'><strong>ex</strong></span> <span class='ocrx_word' id='word_1_95' title='bbox 340 1061 508 1111; x_wconf 82' lang='lat' dir='ltr'><strong>simplici</strong></span> <span class='ocrx_word' id='word_1_96' title='bbox 536 1060 574 1098; x_wconf 92' lang='lat' dir='ltr'><strong>id</strong></span> <span class='ocrx_word' id='word_1_97' title='bbox 603 1060 705 1111; x_wconf 92' lang='lat' dir='ltr'><strong>quod</strong></span> <span class='ocrx_word' id='word_1_98' title='bbox 745 1061 1003 1110; x_wconf 87' lang='lat' dir='ltr'><strong>compositum</strong></span> <span class='ocrx_word' id='word_1_99' title='bbox 1042 1064 1126 1099; x_wconf 89' lang='lat' dir='ltr'><strong>est:</strong></span> <span class='ocrx_word' id='word_1_100' title='bbox 1167 1061 1376 1100; x_wconf 85' lang='lat' dir='ltr'><strong>affirmatio</strong></span> <span class='ocrx_word' id='word_1_101' title='bbox 1409 1067 1542 1101; x_wconf 88' lang='lat' dir='ltr'><strong>autem</strong></span> <span class='ocrx_word' id='word_1_102' title='bbox 1581 1063 1690 1113; x_wconf 87' lang='lat' dir='ltr'><strong>prior</strong></span> 
     </span>
     <span class='ocr_line' id='line_1_14' title="bbox 261 1121 1690 1178; baseline 0.001 -15"><span class='ocrx_word' id='word_1_103' title='bbox 261 1128 325 1164; x_wconf 83' lang='lat' dir='ltr'><strong>est</strong></span> <span class='ocrx_word' id='word_1_104' title='bbox 359 1125 588 1174; x_wconf 77' lang='lat' dir='ltr'><strong>negatione,</strong></span> <span class='ocrx_word' id='word_1_105' title='bbox 629 1135 664 1160; x_wconf 89' lang='lat' dir='ltr'><strong>v.</strong></span> <span class='ocrx_word' id='word_1_106' title='bbox 692 1124 841 1161; x_wconf 78' lang='lat' dir='ltr'><strong>86b33</strong></span> <span class='ocrx_word' id='word_1_107' title='bbox 878 1121 906 1175; x_wconf 80' lang='grc' dir='ltr'><em>ἦ</em></span> <span class='ocrx_word' id='word_1_108' title='bbox 942 1121 987 1163; x_wconf 82' lang='grc' dir='ltr'><strong>δὲ</strong></span> <span class='ocrx_word' id='word_1_109' title='bbox 1020 1122 1283 1176; x_wconf 84' lang='grc' dir='ltr'><em>καταφατικὴ</em></span> <span class='ocrx_word' id='word_1_110' title='bbox 1319 1126 1392 1177; x_wconf 77' lang='grc' dir='ltr'><strong>τῆς</strong></span> <span class='ocrx_word' id='word_1_111' title='bbox 1425 1124 1690 1178; x_wconf 73' lang='grc' dir='ltr'><em>ἀποφατικῆς</em></span> 
     </span>
     <span class='ocr_line' id='line_1_15' title="bbox 264 1183 1688 1240; baseline 0.001 -13"><span class='ocrx_word' id='word_1_112' title='bbox 264 1185 450 1237; x_wconf 76' lang='grc' dir='ltr'><em>προτέρα</em></span> <span class='ocrx_word' id='word_1_113' title='bbox 486 1183 556 1225; x_wconf 84' lang='grc' dir='ltr'><em>καὶ</em></span> <span class='ocrx_word' id='word_1_114' title='bbox 596 1184 914 1237; x_wconf 77' lang='grc' dir='ltr'><em>γνωριμωτέρα·</em></span> <span class='ocrx_word' id='word_1_115' title='bbox 953 1185 1023 1226; x_wconf 80' lang='grc' dir='ltr'><strong>διὰ</strong></span> <span class='ocrx_word' id='word_1_116' title='bbox 1058 1184 1139 1238; x_wconf 76' lang='grc' dir='ltr'><strong>γὰρ</strong></span> <span class='ocrx_word' id='word_1_117' title='bbox 1165 1184 1244 1238; x_wconf 79' lang='grc' dir='ltr'><strong>τὴν</strong></span> <span class='ocrx_word' id='word_1_118' title='bbox 1269 1188 1507 1238; x_wconf 79' lang='grc' dir='ltr'><em>κατάφασιν</em></span> <span class='ocrx_word' id='word_1_119' title='bbox 1531 1188 1559 1240; x_wconf 81' lang='grc' dir='ltr'><em>ἦ</em></span> <span class='ocrx_word' id='word_1_120' title='bbox 1586 1187 1688 1228; x_wconf 69' lang='grc' dir='ltr'><em>από-</em></span> 
     </span>
     <span class='ocr_line' id='line_1_16' title="bbox 264 1247 1689 1303; baseline 0.001 -13"><span class='ocrx_word' id='word_1_121' title='bbox 264 1259 395 1303; x_wconf 86' lang='grc' dir='ltr'><em>φασις</em></span> <span class='ocrx_word' id='word_1_122' title='bbox 423 1249 655 1301; x_wconf 78' lang='grc' dir='ltr'><em>γνώριμος,</em></span> <span class='ocrx_word' id='word_1_123' title='bbox 683 1247 753 1288; x_wconf 83' lang='grc' dir='ltr'><em>καὶ</em></span> <span class='ocrx_word' id='word_1_124' title='bbox 778 1247 960 1301; x_wconf 80' lang='grc' dir='ltr'><em>προτέρα</em></span> <span class='ocrx_word' id='word_1_125' title='bbox 986 1249 1014 1301; x_wconf 77' lang='grc' dir='ltr'><em>ἦ</em></span> <span class='ocrx_word' id='word_1_126' title='bbox 1041 1250 1274 1299; x_wconf 80' lang='grc' dir='ltr'><em>κατάφασις</em></span> <span class='ocrx_word' id='word_1_127' title='bbox 1303 1248 1439 1301; x_wconf 80' lang='grc' dir='ltr'><em>ὥσπερ</em></span> <span class='ocrx_word' id='word_1_128' title='bbox 1466 1249 1536 1291; x_wconf 84' lang='grc' dir='ltr'><em>καὶ</em></span> <span class='ocrx_word' id='word_1_129' title='bbox 1562 1251 1609 1291; x_wconf 90' lang='grc' dir='ltr'><strong>τὸ</strong></span> <span class='ocrx_word' id='word_1_130' title='bbox 1637 1247 1689 1291; x_wconf 81' lang='grc' dir='ltr'><strong>εἶ-</strong></span> 
     </span>
     <span class='ocr_line' id='line_1_17' title="bbox 262 1306 1691 1366; baseline 0.001 -12"><span class='ocrx_word' id='word_1_131' title='bbox 262 1327 336 1354; x_wconf 86' lang='grc' dir='ltr'><strong>ναι</strong></span> <span class='ocrx_word' id='word_1_132' title='bbox 362 1315 441 1352; x_wconf 79' lang='grc' dir='ltr'><strong>τοῦ</strong></span> <span class='ocrx_word' id='word_1_133' title='bbox 468 1309 525 1363; x_wconf 78' lang='grc' dir='ltr'><strong>μὴ</strong></span> <span class='ocrx_word' id='word_1_134' title='bbox 554 1306 673 1351; x_wconf 82' lang='grc' dir='ltr'><em>εἶναι.</em></span> <span class='ocrx_word' id='word_1_135' title='bbox 717 1312 775 1351; x_wconf 86' lang='lat' dir='ltr'><strong>De</strong></span> <span class='ocrx_word' id='word_1_136' title='bbox 803 1313 901 1352; x_wconf 90' lang='lat' dir='ltr'><strong>coel.</strong></span> <span class='ocrx_word' id='word_1_137' title='bbox 929 1314 1102 1351; x_wconf 83' lang='lat' dir='ltr'><strong>286b25</strong></span> <span class='ocrx_word' id='word_1_138' title='bbox 1130 1314 1204 1364; x_wconf 82' lang='grc' dir='ltr'><strong>τῆς</strong></span> <span class='ocrx_word' id='word_1_139' title='bbox 1231 1314 1460 1366; x_wconf 81' lang='grc' dir='ltr'><em>στερήσεως</em></span> <span class='ocrx_word' id='word_1_140' title='bbox 1485 1314 1691 1366; x_wconf 79' lang='grc' dir='ltr'><em>πρότερον</em></span> 
     </span>
     <span class='ocr_line' id='line_1_18' title="bbox 262 1375 561 1430; baseline -0.01 -13"><span class='ocrx_word' id='word_1_141' title='bbox 262 1376 291 1430; x_wconf 80' lang='grc' dir='ltr'><em>ἠ</em></span> <span class='ocrx_word' id='word_1_142' title='bbox 316 1375 561 1427; x_wconf 76' lang='grc' dir='ltr'><em>κατάφασις.</em></span> 
     </span>
    </p>

    <p class='ocr_par' dir='ltr' id='par_1_7' title="bbox 210 1431 1690 1542">
     <span class='ocr_line' id='line_1_19' title="bbox 210 1431 1690 1492; baseline 0.001 -13"><span class='ocrx_word' id='word_1_143' title='bbox 210 1443 354 1480; x_wconf 72' lang='lat' dir='ltr'><strong>Halo</strong></span> <span class='ocrx_word' id='word_1_144' title='bbox 379 1437 426 1480; x_wconf 85' lang='grc' dir='ltr'><strong>ἐκ</strong></span> <span class='ocrx_word' id='word_1_145' title='bbox 453 1437 639 1491; x_wconf 84' lang='grc' dir='ltr'><em>ῥήματος</em></span> <span class='ocrx_word' id='word_1_146' title='bbox 666 1431 795 1487; x_wconf 80' lang='grc' dir='ltr'><em>εἶναι,</em></span> <span class='ocrx_word' id='word_1_147' title='bbox 837 1439 941 1489; x_wconf 87' lang='lat' dir='ltr'><strong>quod</strong></span> <span class='ocrx_word' id='word_1_148' title='bbox 969 1439 1056 1490; x_wconf 88' lang='lat' dir='ltr'><strong>ipse</strong></span> <span class='ocrx_word' id='word_1_149' title='bbox 1084 1442 1125 1478; x_wconf 86' lang='lat' dir='ltr'><strong>et</strong></span> <span class='ocrx_word' id='word_1_150' title='bbox 1148 1439 1429 1492; x_wconf 77' lang='lat' dir='ltr'><strong>interpretatur</strong></span> <span class='ocrx_word' id='word_1_151' title='bbox 1455 1445 1495 1480; x_wconf 87' lang='lat' dir='ltr'><strong>et</strong></span> <span class='ocrx_word' id='word_1_152' title='bbox 1523 1441 1690 1481; x_wconf 90' lang='lat' dir='ltr'><strong>demon-</strong></span> 
     </span>
     <span class='ocr_line' id='line_1_20' title="bbox 261 1503 541 1542; baseline -0.011 0"><span class='ocrx_word' id='word_1_153' title='bbox 261 1507 361 1542; x_wconf 77' lang='lat' dir='ltr'><strong>strat</strong></span> <span class='ocrx_word' id='word_1_154' title='bbox 385 1503 541 1540; x_wconf 76' lang='lat' dir='ltr'><strong>19b12.</strong></span> 
     </span>
    </p>

    <p class='ocr_par' dir='ltr' id='par_1_8' title="bbox 212 1563 1690 2366">
     <span class='ocr_line' id='line_1_21' title="bbox 212 1563 1689 1615; baseline 0 -10"><span class='ocrx_word' id='word_1_155' title='bbox 212 1567 353 1605; x_wconf 76' lang='lat' dir='ltr'><strong>nan</strong></span> <span class='ocrx_word' id='word_1_156' title='bbox 385 1565 574 1603; x_wconf 83' lang='lat' dir='ltr'><strong>Boethius</strong></span> <span class='ocrx_word' id='word_1_157' title='bbox 608 1565 646 1601; x_wconf 90' lang='lat' dir='ltr'><strong>in</strong></span> <span class='ocrx_word' id='word_1_158' title='bbox 680 1563 802 1614; x_wconf 86' lang='lat' dir='ltr'><strong>priori</strong></span> <span class='ocrx_word' id='word_1_159' title='bbox 831 1563 894 1601; x_wconf 91' lang='lat' dir='ltr'><strong>ed.</strong></span> <span class='ocrx_word' id='word_1_160' title='bbox 928 1576 1066 1602; x_wconf 91' lang='lat' dir='ltr'><strong>comm.</strong></span> <span class='ocrx_word' id='word_1_161' title='bbox 1094 1577 1133 1615; x_wconf 90' lang='lat' dir='ltr'><strong>p.</strong></span> <span class='ocrx_word' id='word_1_162' title='bbox 1165 1566 1242 1602; x_wconf 86' lang='lat'><strong>219</strong></span> <span class='ocrx_word' id='word_1_163' title='bbox 1271 1565 1408 1609; x_wconf 86' lang='lat' dir='ltr'><strong>(Basil.</strong></span> <span class='ocrx_word' id='word_1_164' title='bbox 1437 1567 1559 1610; x_wconf 73' lang='lat'>1570)</span> <span class='ocrx_word' id='word_1_165' title='bbox 1586 1566 1689 1614; x_wconf 77' lang='lat' dir='ltr'><strong>„Et-</strong></span> 
     </span>
     <span class='ocr_line' id='line_1_22' title="bbox 261 1627 1689 1667; baseline 0 0"><span class='ocrx_word' id='word_1_166' title='bbox 261 1629 365 1667; x_wconf 85' lang='lat' dir='ltr'><strong>enim</strong></span> <span class='ocrx_word' id='word_1_167' title='bbox 405 1628 574 1666; x_wconf 85' lang='lat' dir='ltr'><strong>hominis</strong></span> <span class='ocrx_word' id='word_1_168' title='bbox 612 1627 711 1664; x_wconf 87' lang='lat' dir='ltr'><strong>ratio</strong></span> <span class='ocrx_word' id='word_1_169' title='bbox 739 1627 773 1664; x_wconf 93' lang='lat' dir='ltr'><strong>si</strong></span> <span class='ocrx_word' id='word_1_170' title='bbox 801 1639 875 1665; x_wconf 93' lang='lat' dir='ltr'><strong>non</strong></span> <span class='ocrx_word' id='word_1_171' title='bbox 904 1631 1038 1666; x_wconf 89' lang='lat' dir='ltr'><strong>est...</strong></span> <span class='ocrx_word' id='word_1_172' title='bbox 1065 1628 1283 1666; x_wconf 86' lang='lat' dir='ltr'><strong>Aristotelis</strong></span> <span class='ocrx_word' id='word_1_173' title='bbox 1312 1629 1351 1666; x_wconf 91' lang='lat' dir='ltr'><strong>in</strong></span> <span class='ocrx_word' id='word_1_174' title='bbox 1380 1629 1532 1666; x_wconf 87' lang='lat' dir='ltr'><strong>Graeco</strong></span> <span class='ocrx_word' id='word_1_175' title='bbox 1560 1633 1689 1667; x_wconf 88' lang='lat' dir='ltr'><strong>textus</strong></span> 
     </span>
     <span class='ocr_line' id='line_1_23' title="bbox 261 1689 1689 1739; baseline -0.001 -9"><span class='ocrx_word' id='word_1_176' title='bbox 261 1704 336 1730; x_wconf 92' lang='lat' dir='ltr'><strong>non</strong></span> <span class='ocrx_word' id='word_1_177' title='bbox 364 1691 486 1729; x_wconf 84' lang='lat' dir='ltr'><strong>habet</strong></span> <span class='ocrx_word' id='word_1_178' title='bbox 512 1690 566 1727; x_wconf 88' lang='lat' dir='ltr'><strong>ita</strong></span> <span class='ocrx_word' id='word_1_179' title='bbox 594 1693 636 1726; x_wconf 91' lang='lat' dir='ltr'><strong>ut</strong></span> <span class='ocrx_word' id='word_1_180' title='bbox 662 1701 734 1727; x_wconf 91' lang='lat' dir='ltr'><strong>nos</strong></span> <span class='ocrx_word' id='word_1_181' title='bbox 763 1701 881 1739; x_wconf 80' lang='lat' dir='ltr'><strong>supra</strong></span> <span class='ocrx_word' id='word_1_182' title='bbox 907 1689 1122 1739; x_wconf 82' lang='lat' dir='ltr'><strong>posuimus,</strong></span> <span class='ocrx_word' id='word_1_183' title='bbox 1148 1691 1218 1727; x_wconf 89' lang='lat' dir='ltr'><strong>sed</strong></span> <span class='ocrx_word' id='word_1_184' title='bbox 1246 1690 1322 1727; x_wconf 92' lang='lat' dir='ltr'><strong>hoc</strong></span> <span class='ocrx_word' id='word_1_185' title='bbox 1338 1690 1476 1728; x_wconf 89' lang='lat' dir='ltr'><strong>modo:</strong></span> <span class='ocrx_word' id='word_1_186' title='bbox 1504 1691 1689 1738; x_wconf 78' lang='lat' dir='ltr'><strong>„Etenim</strong></span> 
     </span>
     <span class='ocr_line' id='line_1_24' title="bbox 259 1751 1689 1804; baseline 0.001 -13"><span class='ocrx_word' id='word_1_187' title='bbox 259 1753 430 1792; x_wconf 83' lang='lat' dir='ltr'><strong>hominis</strong></span> <span class='ocrx_word' id='word_1_188' title='bbox 467 1752 502 1790; x_wconf 87' lang='lat' dir='ltr'><strong>si</strong></span> <span class='ocrx_word' id='word_1_189' title='bbox 535 1763 611 1790; x_wconf 92' lang='lat' dir='ltr'><strong>non</strong></span> <span class='ocrx_word' id='word_1_190' title='bbox 647 1753 712 1788; x_wconf 87' lang='lat' dir='ltr'><strong>aut</strong></span> <span class='ocrx_word' id='word_1_191' title='bbox 749 1756 812 1788; x_wconf 86' lang='lat' dir='ltr'><strong>est</strong></span> <span class='ocrx_word' id='word_1_192' title='bbox 851 1756 918 1789; x_wconf 89' lang='lat' dir='ltr'><strong>aut</strong></span> <span class='ocrx_word' id='word_1_193' title='bbox 958 1751 1035 1788; x_wconf 85' lang='lat' dir='ltr'><strong>erit</strong></span> <span class='ocrx_word' id='word_1_194' title='bbox 1072 1755 1141 1789; x_wconf 89' lang='lat' dir='ltr'><strong>aut</strong></span> <span class='ocrx_word' id='word_1_195' title='bbox 1168 1751 1358 1792; x_wconf 84' lang='lat' dir='ltr'><strong>suit...&#39;&#39;</strong></span> <span class='ocrx_word' id='word_1_196' title='bbox 1397 1753 1689 1804; x_wconf 86' lang='lat' dir='ltr'><strong>subintelligen-</strong></span> 
     </span>
     <span class='ocr_line' id='line_1_25' title="bbox 261 1813 1690 1865; baseline -0.001 -10"><span class='ocrx_word' id='word_1_197' title='bbox 261 1817 355 1855; x_wconf 90' lang='lat' dir='ltr'><strong>dum</strong></span> <span class='ocrx_word' id='word_1_198' title='bbox 391 1815 639 1865; x_wconf 81' lang='lat' dir='ltr'><strong>relinquente</strong></span> <span class='ocrx_word' id='word_1_199' title='bbox 679 1813 917 1864; x_wconf 88' lang='lat' dir='ltr'><strong>philosopho</strong></span> <span class='ocrx_word' id='word_1_200' title='bbox 952 1815 1055 1863; x_wconf 93' lang='lat' dir='ltr'><strong>quod</strong></span> <span class='ocrx_word' id='word_1_201' title='bbox 1091 1814 1141 1851; x_wconf 85' lang='lat' dir='ltr'><strong>de</strong></span> <span class='ocrx_word' id='word_1_202' title='bbox 1169 1814 1321 1852; x_wconf 87' lang='lat' dir='ltr'><strong>ratione</strong></span> <span class='ocrx_word' id='word_1_203' title='bbox 1349 1814 1499 1853; x_wconf 88' lang='lat' dir='ltr'><strong>diceret</strong></span> <span class='ocrx_word' id='word_1_204' title='bbox 1524 1816 1547 1855; x_wconf 92' lang='lat' dir='ltr'><strong>i.</strong></span> <span class='ocrx_word' id='word_1_205' title='bbox 1576 1817 1690 1854; x_wconf 82' lang='lat' dir='ltr'><strong>e.·de</strong></span> 
     </span>
     <span class='ocr_line' id='line_1_26' title="bbox 259 1874 1690 1929; baseline -0.002 -10"><span class='ocrx_word' id='word_1_206' title='bbox 259 1879 514 1924; x_wconf 83' lang='lat' dir='ltr'><strong>definitione,</strong></span> <span class='ocrx_word' id='word_1_207' title='bbox 556 1889 671 1926; x_wconf 90' lang='lat' dir='ltr'><strong>quam</strong></span> <span class='ocrx_word' id='word_1_208' title='bbox 701 1877 844 1914; x_wconf 88' lang='lat' dir='ltr'><strong>Graeci</strong></span> <span class='ocrx_word' id='word_1_209' title='bbox 882 1874 1012 1926; x_wconf 84' lang='grc' dir='ltr'><em>λόγον</em></span> <span class='ocrx_word' id='word_1_210' title='bbox 1046 1877 1193 1915; x_wconf 85' lang='lat' dir='ltr'><strong>dicunt.</strong></span> <span class='ocrx_word' id='word_1_211' title='bbox 1249 1875 1327 1915; x_wconf 90' lang='lat' dir='ltr'><strong>Sed</strong></span> <span class='ocrx_word' id='word_1_212' title='bbox 1365 1890 1454 1915; x_wconf 91' lang='lat' dir='ltr'><strong>cum</strong></span> <span class='ocrx_word' id='word_1_213' title='bbox 1491 1891 1609 1929; x_wconf 84' lang='lat' dir='ltr'><strong>supra</strong></span> <span class='ocrx_word' id='word_1_214' title='bbox 1640 1879 1690 1917; x_wconf 91' lang='lat' dir='ltr'><strong>de</strong></span> 
     </span>
     <span class='ocr_line' id='line_1_27' title="bbox 261 1938 1688 1989; baseline 0.001 -9"><span class='ocrx_word' id='word_1_215' title='bbox 261 1942 438 1981; x_wconf 86' lang='lat' dir='ltr'><strong>oratione</strong></span> <span class='ocrx_word' id='word_1_216' title='bbox 464 1943 699 1982; x_wconf 82' lang='lat' dir='ltr'><strong>tractasset,</strong></span> <span class='ocrx_word' id='word_1_217' title='bbox 728 1951 827 1987; x_wconf 82' lang='lat' dir='ltr'><strong>quae</strong></span> <span class='ocrx_word' id='word_1_218' title='bbox 855 1939 957 1989; x_wconf 88' lang='lat' dir='ltr'><strong>apud</strong></span> <span class='ocrx_word' id='word_1_219' title='bbox 986 1939 1073 1976; x_wconf 89' lang='lat' dir='ltr'><strong>illos</strong></span> <span class='ocrx_word' id='word_1_220' title='bbox 1102 1939 1280 1978; x_wconf 88' lang='lat' dir='ltr'><strong>similiter</strong></span> <span class='ocrx_word' id='word_1_221' title='bbox 1304 1938 1430 1989; x_wconf 80' lang='grc' dir='ltr'><em>λόγος</em></span> <span class='ocrx_word' id='word_1_222' title='bbox 1455 1946 1662 1981; x_wconf 86' lang='lat' dir='ltr'><strong>vocatur..</strong></span> <span class='ocrx_word' id='word_1_223' title='bbox 1679 1971 1688 1981; x_wconf 94' lang='lat'><em>.</em></span> 
     </span>
     <span class='ocr_line' id='line_1_28' title="bbox 260 1999 1690 2053; baseline -0.001 -10"><span class='ocrx_word' id='word_1_224' title='bbox 260 2003 534 2044; x_wconf 88' lang='lat' dir='ltr'><strong>communione</strong></span> <span class='ocrx_word' id='word_1_225' title='bbox 560 1999 737 2038; x_wconf 79' lang='lat' dir='ltr'><strong>vocabuli</strong></span> <span class='ocrx_word' id='word_1_226' title='bbox 767 2013 860 2038; x_wconf 84' lang='lat' dir='ltr'><strong>usus</strong></span> <span class='ocrx_word' id='word_1_227' title='bbox 887 2001 935 2037; x_wconf 88' lang='lat' dir='ltr'><strong>ad</strong></span> <span class='ocrx_word' id='word_1_228' title='bbox 963 1999 1118 2050; x_wconf 85' lang='grc' dir='ltr'><em>λόγον,</em></span> <span class='ocrx_word' id='word_1_229' title='bbox 1156 2001 1206 2038; x_wconf 89' lang='lat' dir='ltr'><strong>de</strong></span> <span class='ocrx_word' id='word_1_230' title='bbox 1234 2013 1312 2051; x_wconf 92' lang='lat' dir='ltr'><strong>quo</strong></span> <span class='ocrx_word' id='word_1_231' title='bbox 1340 2003 1521 2053; x_wconf 87' lang='lat' dir='ltr'><strong>superius</strong></span> <span class='ocrx_word' id='word_1_232' title='bbox 1547 2008 1690 2041; x_wconf 85' lang='lat' dir='ltr'><strong>tracta-</strong></span> 
     </span>
     <span class='ocr_line' id='line_1_29' title="bbox 260 2062 1690 2115; baseline -0.001 -10"><span class='ocrx_word' id='word_1_233' title='bbox 260 2067 351 2114; x_wconf 75' lang='lat' dir='ltr'><strong>bat,</strong></span> <span class='ocrx_word' id='word_1_234' title='bbox 390 2064 549 2111; x_wconf 90' lang='lat' dir='ltr'><strong>retulit,</strong></span> <span class='ocrx_word' id='word_1_235' title='bbox 584 2067 630 2101; x_wconf 89' lang='lat' dir='ltr'><strong>ut</strong></span> <span class='ocrx_word' id='word_1_236' title='bbox 656 2075 733 2100; x_wconf 92' lang='lat' dir='ltr'><strong>non</strong></span> <span class='ocrx_word' id='word_1_237' title='bbox 761 2062 976 2100; x_wconf 87' lang='lat' dir='ltr'><strong>orationem</strong></span> <span class='ocrx_word' id='word_1_238' title='bbox 1005 2063 1331 2113; x_wconf 81' lang='lat' dir='ltr'><strong>intelligeremus,</strong></span> <span class='ocrx_word' id='word_1_239' title='bbox 1371 2065 1442 2102; x_wconf 89' lang='lat' dir='ltr'><strong>sed</strong></span> <span class='ocrx_word' id='word_1_240' title='bbox 1469 2066 1600 2115; x_wconf 85' lang='lat' dir='ltr'><strong>potius</strong></span> <span class='ocrx_word' id='word_1_241' title='bbox 1628 2079 1690 2104; x_wconf 88' lang='lat' dir='ltr'><strong>ra-</strong></span> 
     </span>
     <span class='ocr_line' id='line_1_30' title="bbox 260 2125 1689 2169; baseline -0.001 -1"><span class='ocrx_word' id='word_1_242' title='bbox 260 2127 450 2169; x_wconf 84' lang='lat' dir='ltr'><strong>tionem”.</strong></span> <span class='ocrx_word' id='word_1_243' title='bbox 518 2126 560 2164; x_wconf 88' lang='lat' dir='ltr'><strong>ln</strong></span> <span class='ocrx_word' id='word_1_244' title='bbox 596 2126 719 2164; x_wconf 82' lang='lat' dir='ltr'><strong>altera</strong></span> <span class='ocrx_word' id='word_1_245' title='bbox 756 2125 818 2162; x_wconf 83' lang='lat' dir='ltr'><strong>ed·</strong></span> <span class='ocrx_word' id='word_1_246' title='bbox 848 2125 1036 2163; x_wconf 81' lang='lat' dir='ltr'><strong>Boethius</strong></span> <span class='ocrx_word' id='word_1_247' title='bbox 1074 2126 1167 2163; x_wconf 93' lang='lat' dir='ltr'><strong>nihil</strong></span> <span class='ocrx_word' id='word_1_248' title='bbox 1195 2126 1316 2164; x_wconf 85' lang='lat' dir='ltr'><strong>tradit</strong></span> <span class='ocrx_word' id='word_1_249' title='bbox 1342 2127 1391 2164; x_wconf 91' lang='lat' dir='ltr'><strong>de</strong></span> <span class='ocrx_word' id='word_1_250' title='bbox 1418 2127 1595 2165; x_wconf 90' lang='lat' dir='ltr'><strong>lectionis</strong></span> <span class='ocrx_word' id='word_1_251' title='bbox 1623 2141 1689 2167; x_wconf 83' lang='lat' dir='ltr'><strong>va-</strong></span> 
     </span>
     <span class='ocr_line' id='line_1_31' title="bbox 262 2187 1690 2239; baseline -0.001 -9"><span class='ocrx_word' id='word_1_252' title='bbox 262 2192 419 2231; x_wconf 84' lang='lat' dir='ltr'><strong>rietate.</strong></span> <span class='ocrx_word' id='word_1_253' title='bbox 481 2189 616 2227; x_wconf 82' lang='lat' dir='ltr'><strong>Invitis</strong></span> <span class='ocrx_word' id='word_1_254' title='bbox 654 2188 854 2226; x_wconf 87' lang='lat' dir='ltr'><strong>codicibus</strong></span> <span class='ocrx_word' id='word_1_255' title='bbox 889 2188 1118 2226; x_wconf 81' lang='lat' dir='ltr'><strong>vocabulum</strong></span> <span class='ocrx_word' id='word_1_256' title='bbox 1156 2187 1281 2239; x_wconf 80' lang='grc' dir='ltr'><em>λόγος</em></span> <span class='ocrx_word' id='word_1_257' title='bbox 1308 2202 1330 2227; x_wconf 89' lang='lat' dir='ltr'><strong>e</strong></span> <span class='ocrx_word' id='word_1_258' title='bbox 1359 2193 1545 2228; x_wconf 88' lang='lat' dir='ltr'><strong>contextu</strong></span> <span class='ocrx_word' id='word_1_259' title='bbox 1572 2192 1690 2229; x_wconf 88' lang='lat' dir='ltr'><strong>eieci-</strong></span> 
     </span>
     <span class='ocr_line' id='line_1_32' title="bbox 261 2251 1690 2302; baseline -0.001 -9"><span class='ocrx_word' id='word_1_260' title='bbox 261 2266 372 2294; x_wconf 88' lang='lat' dir='ltr'><strong>mus:</strong></span> <span class='ocrx_word' id='word_1_261' title='bbox 412 2263 629 2291; x_wconf 86' lang='lat' dir='ltr'><strong>consensus</strong></span> <span class='ocrx_word' id='word_1_262' title='bbox 670 2251 775 2289; x_wconf 87' lang='lat' dir='ltr'><strong>enim</strong></span> <span class='ocrx_word' id='word_1_263' title='bbox 813 2251 992 2289; x_wconf 91' lang='lat' dir='ltr'><strong>codicum</strong></span> <span class='ocrx_word' id='word_1_264' title='bbox 1028 2251 1122 2289; x_wconf 89' lang='lat' dir='ltr'><strong>nihil</strong></span> <span class='ocrx_word' id='word_1_265' title='bbox 1161 2253 1300 2302; x_wconf 85' lang='lat' dir='ltr'><strong>probat</strong></span> <span class='ocrx_word' id='word_1_266' title='bbox 1337 2253 1410 2290; x_wconf 88' lang='lat' dir='ltr'><strong>nisi</strong></span> <span class='ocrx_word' id='word_1_267' title='bbox 1447 2252 1690 2294; x_wconf 74' lang='lat' dir='ltr'><strong>emblematis</strong></span> 
     </span>
     <span class='ocr_line' id='line_1_33' title="bbox 259 2317 540 2366; baseline -0.014 -9"><span class='ocrx_word' id='word_1_268' title='bbox 259 2317 540 2366; x_wconf 78' lang='lat' dir='ltr'><strong>antiquitatem.</strong></span> 
     </span>
    </p>

    <p class='ocr_par' dir='ltr' id='par_1_9' title="bbox 209 2371 1690 2807">
     <span class='ocr_line' id='line_1_34' title="bbox 209 2371 1690 2429; baseline -0.002 -9"><span class='ocrx_word' id='word_1_269' title='bbox 209 2382 353 2420; x_wconf 59' lang='grc'><strong>17313</strong></span> <span class='ocrx_word' id='word_1_270' title='bbox 382 2377 621 2429; x_wconf 72' lang='lat' dir='ltr'><strong>scripsimus</strong></span> <span class='ocrx_word' id='word_1_271' title='bbox 658 2376 712 2417; x_wconf 85' lang='grc' dir='ltr'><strong>δι’</strong></span> <span class='ocrx_word' id='word_1_272' title='bbox 754 2371 778 2416; x_wconf 82' lang='grc' dir='ltr'>ὅ</span> <span class='ocrx_word' id='word_1_273' title='bbox 813 2387 875 2425; x_wconf 89' lang='grc' dir='ltr'><strong>τι,</strong></span> <span class='ocrx_word' id='word_1_274' title='bbox 915 2389 1145 2426; x_wconf 86' lang='lat' dir='ltr'><strong>quamquam</strong></span> <span class='ocrx_word' id='word_1_275' title='bbox 1181 2377 1294 2416; x_wconf 89' lang='lat' dir='ltr'><strong>codd.</strong></span> <span class='ocrx_word' id='word_1_276' title='bbox 1332 2389 1466 2415; x_wconf 88' lang='lat' dir='ltr'><strong>omnes</strong></span> <span class='ocrx_word' id='word_1_277' title='bbox 1502 2379 1690 2428; x_wconf 80' lang='lat' dir='ltr'><strong>praebent</strong></span> 
     </span>
     <span class='ocr_line' id='line_1_35' title="bbox 264 2439 1690 2493; baseline -0.002 -10"><span class='ocrx_word' id='word_1_278' title='bbox 264 2442 383 2491; x_wconf 89' lang='grc' dir='ltr'><strong>διότι,</strong></span> <span class='ocrx_word' id='word_1_279' title='bbox 406 2454 507 2493; x_wconf 87' lang='lat' dir='ltr'><strong>quae</strong></span> <span class='ocrx_word' id='word_1_280' title='bbox 534 2441 627 2492; x_wconf 90' lang='lat' dir='ltr'><strong>quid</strong></span> <span class='ocrx_word' id='word_1_281' title='bbox 655 2440 838 2480; x_wconf 86' lang='lat' dir='ltr'><strong>differant</strong></span> <span class='ocrx_word' id='word_1_282' title='bbox 865 2440 1043 2478; x_wconf 82' lang='lat' dir='ltr'><strong>dicemus</strong></span> <span class='ocrx_word' id='word_1_283' title='bbox 1071 2440 1120 2477; x_wconf 89' lang='lat' dir='ltr'><strong>ad</strong></span> <span class='ocrx_word' id='word_1_284' title='bbox 1149 2442 1278 2479; x_wconf 75' lang='lat' dir='ltr'><strong>58b&#39;1.</strong></span> <span class='ocrx_word' id='word_1_285' title='bbox 1308 2439 1450 2478; x_wconf 87' lang='lat' dir='ltr'><strong>Versio</strong></span> <span class='ocrx_word' id='word_1_286' title='bbox 1477 2441 1690 2480; x_wconf 85' lang='lat' dir='ltr'><strong>Boethiana</strong></span> 
     </span>
     <span class='ocr_line' id='line_1_36' title="bbox 263 2501 1688 2557; baseline -0.001 -14"><span class='ocrx_word' id='word_1_287' title='bbox 263 2518 413 2557; x_wconf 72' lang='lat' dir='ltr'><strong>„quare</strong></span> <span class='ocrx_word' id='word_1_288' title='bbox 449 2503 630 2550; x_wconf 87' lang='lat' dir='ltr'><strong>autem&#39;’,</strong></span> <span class='ocrx_word' id='word_1_289' title='bbox 676 2503 746 2542; x_wconf 89' lang='lat' dir='ltr'><strong>sed</strong></span> <span class='ocrx_word' id='word_1_290' title='bbox 786 2501 916 2553; x_wconf 86' lang='lat' dir='ltr'><strong>paullo</strong></span> <span class='ocrx_word' id='word_1_291' title='bbox 952 2507 1043 2553; x_wconf 88' lang='lat' dir='ltr'><strong>post</strong></span> <span class='ocrx_word' id='word_1_292' title='bbox 1077 2503 1266 2540; x_wconf 83' lang='lat' dir='ltr'><strong>Boethius</strong></span> <span class='ocrx_word' id='word_1_293' title='bbox 1304 2503 1387 2549; x_wconf 89' lang='lat' dir='ltr'><strong>(ed.</strong></span> <span class='ocrx_word' id='word_1_294' title='bbox 1424 2517 1484 2553; x_wconf 89' lang='lat' dir='ltr'><strong>pr.</strong></span> <span class='ocrx_word' id='word_1_295' title='bbox 1519 2517 1558 2554; x_wconf 88' lang='lat' dir='ltr'><strong>p.</strong></span> <span class='ocrx_word' id='word_1_296' title='bbox 1592 2505 1688 2551; x_wconf 81' lang='lat'>230)</span> 
     </span>
     <span class='ocr_line' id='line_1_37' title="bbox 261 2565 1688 2615; baseline -0.002 -8"><span class='ocrx_word' id='word_1_297' title='bbox 261 2569 375 2615; x_wconf 91' lang='lat' dir='ltr'><strong>„Cur</strong></span> <span class='ocrx_word' id='word_1_298' title='bbox 402 2570 535 2606; x_wconf 80' lang='lat' dir='ltr'><strong>autem</strong></span> <span class='ocrx_word' id='word_1_299' title='bbox 556 2579 634 2605; x_wconf 85' lang='lat' dir='ltr'><strong>una</strong></span> <span class='ocrx_word' id='word_1_300' title='bbox 658 2566 710 2604; x_wconf 87' lang='lat' dir='ltr'><strong>sit</strong></span> <span class='ocrx_word' id='word_1_301' title='bbox 736 2565 859 2604; x_wconf 85' lang='lat' dir='ltr'><strong>oratio</strong></span> <span class='ocrx_word' id='word_1_302' title='bbox 883 2577 1003 2612; x_wconf 73' lang='lat' dir='ltr'><strong>nunc,</strong></span> <span class='ocrx_word' id='word_1_303' title='bbox 1030 2565 1167 2615; x_wconf 89' lang='lat' dir='ltr'><strong>inquit,</strong></span> <span class='ocrx_word' id='word_1_304' title='bbox 1196 2565 1327 2604; x_wconf 88' lang='lat' dir='ltr'><strong>dicere</strong></span> <span class='ocrx_word' id='word_1_305' title='bbox 1354 2566 1688 2605; x_wconf 81' lang='lat' dir='ltr'><strong>intermittemus&#39;&#39;</strong></span> 
     </span>
     <span class='ocr_line' id='line_1_38' title="bbox 263 2627 1688 2680; baseline -0.001 -11"><span class='ocrx_word' id='word_1_306' title='bbox 263 2635 304 2670; x_wconf 89' lang='lat' dir='ltr'><strong>et</strong></span> <span class='ocrx_word' id='word_1_307' title='bbox 342 2630 454 2678; x_wconf 78' lang='lat' dir='ltr'><strong>„Cur</strong></span> <span class='ocrx_word' id='word_1_308' title='bbox 491 2634 621 2667; x_wconf 90' lang='lat' dir='ltr'><strong>autem</strong></span> <span class='ocrx_word' id='word_1_309' title='bbox 660 2642 735 2667; x_wconf 84' lang='lat' dir='ltr'><strong>una</strong></span> <span class='ocrx_word' id='word_1_310' title='bbox 775 2630 848 2676; x_wconf 85' lang='lat' dir='ltr'><strong>sit,</strong></span> <span class='ocrx_word' id='word_1_311' title='bbox 886 2627 1048 2667; x_wconf 84' lang='lat' dir='ltr'><strong>alterius</strong></span> <span class='ocrx_word' id='word_1_312' title='bbox 1085 2631 1145 2666; x_wconf 86' lang='lat' dir='ltr'><strong>est</strong></span> <span class='ocrx_word' id='word_1_313' title='bbox 1183 2629 1259 2666; x_wconf 90' lang='lat' dir='ltr'><strong>hoc</strong></span> <span class='ocrx_word' id='word_1_314' title='bbox 1297 2632 1467 2666; x_wconf 82' lang='lat' dir='ltr'><strong>tractare</strong></span> <span class='ocrx_word' id='word_1_315' title='bbox 1504 2630 1688 2680; x_wconf 86' lang='lat' dir='ltr'><strong>negotii&#39;&#39;.</strong></span> 
     </span>
     <span class='ocr_line' id='line_1_39' title="bbox 262 2690 1687 2748; baseline -0.001 -17"><span class='ocrx_word' id='word_1_316' title='bbox 262 2693 306 2732; x_wconf 90' lang='lat' dir='ltr'><strong>Si</strong></span> <span class='ocrx_word' id='word_1_317' title='bbox 325 2693 422 2742; x_wconf 84' lang='lat' dir='ltr'><strong>legis</strong></span> <span class='ocrx_word' id='word_1_318' title='bbox 450 2690 570 2742; x_wconf 81' lang='grc' dir='ltr'><strong>διότι,</strong></span> <span class='ocrx_word' id='word_1_319' title='bbox 598 2693 661 2731; x_wconf 80' lang='lat' dir='ltr'><strong>vix</strong></span> <span class='ocrx_word' id='word_1_320' title='bbox 687 2693 728 2731; x_wconf 88' lang='lat' dir='ltr'><strong>id</strong></span> <span class='ocrx_word' id='word_1_321' title='bbox 756 2692 869 2731; x_wconf 87' lang='lat' dir='ltr'><strong>aliter</strong></span> <span class='ocrx_word' id='word_1_322' title='bbox 895 2692 1044 2742; x_wconf 84' lang='lat' dir='ltr'><strong>poterit</strong></span> <span class='ocrx_word' id='word_1_323' title='bbox 1070 2691 1256 2741; x_wconf 81' lang='lat' dir='ltr'><strong>explicari</strong></span> <span class='ocrx_word' id='word_1_324' title='bbox 1300 2704 1414 2741; x_wconf 92' lang='lat' dir='ltr'><strong>quam</strong></span> <span class='ocrx_word' id='word_1_325' title='bbox 1447 2692 1523 2730; x_wconf 91' lang='lat' dir='ltr'><strong>hoc</strong></span> <span class='ocrx_word' id='word_1_326' title='bbox 1550 2693 1687 2748; x_wconf 78' lang='lat' dir='ltr'><strong>modo:</strong></span> 
     </span>
     <span class='ocr_line' id='line_1_40' title="bbox 263 2748 1688 2807; baseline -0.001 -11"><span class='ocrx_word' id='word_1_327' title='bbox 263 2753 333 2796; x_wconf 79' lang='grc' dir='ltr'><strong>διὰ</strong></span> <span class='ocrx_word' id='word_1_328' title='bbox 371 2754 419 2794; x_wconf 90' lang='grc' dir='ltr'><strong>τὸ</strong></span> <span class='ocrx_word' id='word_1_329' title='bbox 458 2753 552 2803; x_wconf 81' lang='grc' dir='ltr'><em>ἑνός</em></span> <span class='ocrx_word' id='word_1_330' title='bbox 586 2768 700 2803; x_wconf 83' lang='grc' dir='ltr'><em>τινος</em></span> <span class='ocrx_word' id='word_1_331' title='bbox 737 2756 835 2803; x_wconf 78' lang='grc' dir='ltr'><em>(τοῦ</em></span> <span class='ocrx_word' id='word_1_332' title='bbox 873 2753 1106 2806; x_wconf 79' lang='grc' dir='ltr'><em>ἀνθρώπου</em></span> <span class='ocrx_word' id='word_1_333' title='bbox 1140 2753 1281 2800; x_wconf 87' lang='lat' dir='ltr'><strong>intell.)</strong></span> <span class='ocrx_word' id='word_1_334' title='bbox 1309 2748 1419 2793; x_wconf 80' lang='grc' dir='ltr'><em>εἶναι</em></span> <span class='ocrx_word' id='word_1_335' title='bbox 1444 2753 1519 2795; x_wconf 89' lang='grc' dir='ltr'><strong>τὸν</strong></span> <span class='ocrx_word' id='word_1_336' title='bbox 1545 2754 1688 2807; x_wconf 76' lang='grc' dir='ltr'><em>λόγον,</em></span> 
     </span>
    </p>
   </div>
  </div>
 </body>
</html>
