1760 3112
263 213 315 252 32
666 200 868 247 Scholia
900 210 955 244 ad
988 210 1284 255 Cetegorias.

191 314 212 347 3
228 324 249 346 a
354 305 414 343 ἐπὶ
430 306 470 343 δὲ
482 306 549 351 τῆς
568 305 741 352 δευτέρας
758 305 885 358 οῦσίας
896 307 989 347 »ἴσως
1005 301 1176 352 ὑπολάβῃ
1195 317 1271 350 τις,
1300 302 1358 341 ὅτι
1375 303 1418 340 τὸ
1440 303 1538 346 εἶδος
1555 304 1619 340 καὶ
1636 304 1679 340 τὸ

227 358 248 392 9
264 363 370 409 γένος
396 362 436 399 ἐν
458 360 685 407 ῦποκειμὲνῳ
710 360 785 396 ἐστὶ
812 363 860 408 τῇ
881 357 1008 408 ἆτόμφ
1032 359 1151 409 οὐσίᾳ,
1179 359 1277 396 καθὸ
1299 360 1363 396 καὶ
1390 357 1501 405 ἄμφω
1530 359 1568 395 ἐν
1584 358 1681 406 αὐτῇ

263 419 494 466 θεωροῦνται
512 416 576 452 καὶ
588 414 630 451 τὸ
650 416 754 460 γένος
770 416 883 453 πάλιν
898 413 937 453 ἐν
956 418 1008 463 τῷ
1025 417 1116 452 εἴδει
1133 414 1273 458 δόξειεν
1290 414 1329 451 ἐν
1344 413 1568 460 ὑποκειμένῳ
1586 413 1682 451 εἶναι

264 474 368 521 αὐτῷ
392 499 419 508 ..
432 498 441 508 .
465 470 540 507 ἀλλ’
562 468 629 506 ου’κ
650 470 770 515 ἔχουσι
787 471 856 517 τὴν
871 471 1075 508 ῦπόστασιν
1092 471 1131 507 ἐν
1150 471 1295 515 αὐτοῖς,
1329 469 1420 506 ἀλλὰ
1441 472 1577 516 μᾶλλον
1593 482 1681 515 συμ-

263 530 441 576 πληροῦσι
458 527 527 571 τὴν
547 523 675 561 οὐσίαν
690 525 811 563 αὐτοῦ
819 554 829 572 ,
853 526 894 563 τὸ
912 526 954 563 δὲ
971 528 1205 573 συμπληροῦν
1222 525 1293 572 τήν
1309 523 1440 562 ου’σίαν
1462 526 1541 566 πῶς
1559 522 1607 560 ἄν
1623 526 1680 570 εἴη

264 585 303 622 ἐν
319 582 546 628 ’ὑποκειμένῳ
552 596 564 624 ,·
587 583 748 627 Magent.

193 646 214 679 3
229 656 248 677 a
353 639 428 675 ἔστι
453 639 543 682 γοῦν
568 638 685 673 εἰπεῖν
715 637 808 683 πρὸς
829 636 1018 680 ἀπόδειξιν
1036 639 1103 674 τοῦ
1129 635 1224 673 εἶναι
1241 635 1311 681 τὴν
1330 635 1517 681 διαφορὰν
1537 633 1680 679 οὐσίαν,

202 691 247 722 22
264 693 321 731 ὅτι
337 694 356 730 ὁ
381 693 619 740 Ἀριστοτέλης
647 691 813 728 ἐνταῦθα
835 692 880 728 οὔ
908 692 1072 728 διδάσκει
1101 692 1186 739 περὶ
1209 692 1284 727 τῶν
1303 690 1439 734 ὄντων,
1467 687 1585 736 ἤγουν
1607 692 1682 725 τῶν

262 750 351 785 δέκα
375 749 615 794 κατηγοριῶν,
643 747 693 789 οἷς
719 747 839 792 ἔχουσι
865 748 1030 793 φύσεως,
1061 744 1136 783 ἀλλ’
1162 746 1211 788 ὥς
1235 747 1272 781 02
1297 745 1424 782 πολλοὶ
1445 745 1566 790 ἔχουσι
1583 746 1682 790 γνῶ-

261 817 319 841 σιν
337 831 345 840 .
356 831 365 840 .
379 832 386 840 .
406 803 484 840 ἐπεὶ
500 803 666 839 ἐνταῦθα
689 802 709 838 ὁ
725 801 961 849 Ἀριστοτέλης
978 803 1060 848 περὶ
1075 804 1141 848 τῆς
1156 802 1336 838 συνθέτου
1358 798 1485 842 ου’σίας
1503 801 1680 844 διδάσκει,

260 860 377 906 ἤγουν
397 862 465 905 τῆς
481 857 623 902 άτόμου
641 859 705 893 καὶ
722 860 796 893 τῶν
814 860 929 903 γενῶν
947 859 1009 893 καὶ
1024 859 1098 893 τῶν
1123 859 1251 899 εἰδῶν,
1283 856 1306 901 ἡ
1331 856 1371 892 δὲ
1401 856 1564 902 διαφορά
1582 855 1681 901 ἁπλῆ

262 915 372 952 ου’σία
398 914 473 950 ἐστὶ
499 913 582 959 περὶ
597 908 642 957 ἧς
661 913 828 949 ἐνταῦθα
845 912 891 949 ου’
915 912 1196 959 περιλαμβάνει,
1221 911 1370 952 εἰκότως
1392 910 1502 956 λέγει,
1531 907 1590 946 ὅτι
1615 910 1682 946 οὐκ

261 971 336 1007 ἔστι
348 972 457 1006 τοῦτο
476 970 573 1005 ἴδιον
585 967 699 1013 μόνης
713 970 779 1012 τῆς
794 968 974 1003 συνθέτου
995 964 1133 1009 οὐσίας,
1145 965 1235 1002 ἀλλὰ
1253 967 1315 1002 καὶ
1330 968 1397 1012 τῆς
1413 966 1531 1011 ἁπλῆς
1542 963 1680 1010 οὖσίας,

261 1027 426 1062 τουτέστι
446 1027 513 1070 τῆς
530 1024 713 1069 διαφορᾶς
729 1023 934 1070 ῥηθήσεται
953 1023 1049 1058 ἴδιον
1065 1021 1108 1063 τὸ,
1125 1021 1174 1067 μὴ
1188 1022 1227 1058 ἐν
1242 1019 1467 1068 ὑποκειμένῳ
1490 1020 1595 1057 εἶναι.
1628 1023 1680 1056 ld.

191 1088 212 1120 3
226 1099 245 1120 a
350 1079 473 1115 πάντα
490 1078 537 1114 τὰ
554 1075 776 1123 ὖποκείμενα
798 1076 845 1113 τά
862 1075 935 1113 άπὸ
955 1079 1030 1113 τῶν
1045 1078 1180 1113 ον’σιαῖν
1198 1077 1260 1113 καὶ
1275 1079 1350 1113 ταῖν
1367 1078 1560 1123 διαφορῶν
1581 1076 1681 1122 δεχό-

201 1132 245 1165 34
261 1149 355 1182 μενα
379 1133 448 1180 τὴν
479 1135 702 1180 κατηγορίαν
731 1134 951 1179 συνωνύμως
983 1133 1149 1178 λέγονται
1175 1137 1253 1173 τοῖς
1281 1132 1607 1179 κατηγορουμένοις
1633 1132 1683 1174 οἷς

263 1191 326 1227 καὶ
341 1191 407 1226 τοῦ
428 1187 612 1234 ὀνόματος
629 1189 692 1224 καὶ
709 1190 778 1224 τοῦ
798 1189 953 1234 ὁρισμοῦ
973 1185 1097 1224 αὐτῶν
1120 1186 1280 1223 δεκτικά.
1326 1189 1378 1222 Id.

189 1252 245 1285 Sb
353 1245 473 1288 δείξας
496 1242 542 1280 τὰ
566 1243 806 1279 άποδοθέντα
834 1244 912 1280 ἴδια
936 1245 1003 1288 τῆς
1031 1241 1159 1283 ου’σίας
1186 1240 1235 1287 μὴ
1262 1241 1356 1278 ὄντα
1376 1244 1454 1278 ἴδια
1473 1242 1682 1289 μεταβαίνει

203 1297 246 1330 10
264 1302 316 1342 εἰς
336 1300 460 1347 ἕτερον
481 1300 562 1340 καί,
606 1300 716 1343 φησί,
753 1300 861 1334 Δδοκεῖ
881 1309 975 1334 τισιν
1001 1299 1100 1333 ἴδιον
1130 1297 1248 1342 πάσης
1277 1296 1404 1338 οὐσίας
1423 1297 1465 1333 τὸ
1494 1299 1682 1343 σημαίνειν

263 1357 448 1402 (σημαίνει
465 1356 563 1399 cod.)
586 1354 672 1390 τόδε
687 1368 735 1396 τι,
757 1351 874 1399 ἤγουν
896 1352 934 1388 ἓν
951 1367 987 1388 τι
1002 1354 1151 1399 πρᾶγμα
1166 1352 1327 1399 μερικόν.
1365 1354 1417 1387 ld.

188 1416 244 1450 3b
348 1409 390 1447 τὸ
417 1412 555 1455 μᾶλλον
577 1410 640 1445 καὶ
663 1407 707 1445 τὸ
733 1404 846 1454 ἧττον
869 1409 1108 1454 παρείσδυσιν
1128 1407 1272 1452 ἔχουσιν
1289 1406 1347 1452 ἐφ’
1370 1406 1426 1448 οἷς
1448 1406 1610 1453 ἐπιμιξία
1627 1421 1682 1449 τις

200 1461 244 1494 33
261 1467 335 1502 τῶν
356 1466 532 1502 ἐναντίων
547 1465 697 1510 γένηται
723 1464 803 1500 οἷον
832 1463 872 1499 τὸ
899 1461 1041 1506 ξανθὸν
1069 1463 1251 1508 ἐπιμιξίαν
1275 1462 1347 1508 ἔχει
1368 1464 1435 1498 τοῦ
1458 1465 1592 1499 λευκοῦ
1619 1463 1682 1499 καὶ

260 1524 330 1557 τοῦ
346 1521 500 1567 μέλανος
525 1548 532 1555 .
545 1545 573 1555 ..
598 1521 634 1556 οὶ
652 1521 744 1565 γοῦν
763 1517 965 1560 ἀποδόντες
983 1520 1079 1554 ἴδιον
1098 1517 1194 1554 εἶναι
1216 1519 1283 1562 τῆς
1299 1517 1425 1559 ου’σίας
1441 1518 1482 1554 τὸ
1501 1520 1682 1563 μηδεμίαν

259 1577 355 1622 ἔχειν
377 1575 614 1622 ἐναντιότητα
631 1595 677 1603 -
699 1595 741 1602 —
759 1573 1017 1611 ἀποδεδώκασι
1032 1572 1073 1610 τὸ
1090 1571 1140 1619 μὴ
1161 1573 1392 1618 ἐπιδέχεσθαι
1407 1571 1450 1609 τὸ
1467 1575 1605 1619 μᾶλλον
1619 1573 1682 1610 καὶ

258 1630 301 1668 τὸ
319 1627 444 1678 ἦττον.
489 1633 541 1666 ld.

187 1693 209 1726 4
223 1704 242 1726 a
349 1687 488 1730 ἔξωθεν
503 1688 562 1723 δεῖ
581 1689 748 1722 συννοεῖν
761 1685 802 1722 τὰ
823 1683 897 1721 αἰνὰ
915 1684 1036 1732 μέρος.
1070 1685 1106 1721 εἰ
1118 1683 1190 1731 γὰρ
1205 1682 1256 1729 μὴ
1273 1686 1491 1726 συννοεῖται,
1509 1684 1682 1728 φαίνεται

200 1738 242 1770 10
259 1741 354 1787 όμοῦ
375 1740 422 1777 τὰ
449 1741 597 1777 ἐναντία
629 1740 821 1786 δέχεσθαι,
851 1737 941 1787 ὅπερ
965 1739 1155 1776 ἀδύνατον
1251 1737 1270 1775 ὁ
1286 1737 1388 1784 ἥλιος
1413 1739 1475 1775 καὶ
1497 1738 1520 1784 ἡ
1549 1738 1680 1784 σελήνη

260 1796 392 1843 ἄτομοι
411 1795 536 1833 ου’σίαι
553 1794 598 1832 οὗ
611 1796 794 1841 λέγονται,
829 1794 921 1831 ἀλλὰ
939 1797 1155 1846 μοναδικαί·
1193 1793 1232 1830 ἐν
1249 1794 1307 1836 αῖς
1320 1794 1388 1841 γὰρ
1410 1793 1555 1836 οὕσίαις
1577 1794 1682 1841 γένος

259 1853 323 1888 καὶ
341 1850 440 1893 εἶδος
456 1850 502 1888 ov’
516 1854 724 1898 θεωρεῖται,
744 1851 913 1887 ἐνταῦθα
935 1849 1023 1887 οῦδὲ
1035 1849 1162 1897 μερικὴ
1186 1848 1295 1886 ου’σία
1311 1848 1461 1894 λέγεται.
1498 1852 1550 1885 Id.

186 1911 242 1945 4b
347 1905 390 1943 τό
416 1906 456 1942 δὲ
482 1905 600 1943 ποσὸν
621 1907 792 1942 τέτακται
811 1904 888 1952 μετ’
910 1903 1030 1950 αότὴν
1054 1904 1140 1950 (τὴν
1161 1902 1330 1949 οὐσίαν),
1364 1903 1460 1941 διότι
1486 1905 1549 1940 καὶ
1572 1903 1610 1940 ἐν
1633 1905 1681 1951 τῇ

198 1957 243 1989 20
261 1962 397 2007 γενέσει
413 1963 490 1996 ταῖν
509 1960 626 1997 ὄντων
646 1961 740 1997 κατὰ
757 1960 828 2007 τὴν
842 1958 1006 2006 φυσικὴν
1029 1957 1258 1996 ἀκολουθίαν
1273 1959 1400 2006 πρώτη
1416 1959 1513 1995 ἐστὶν
1529 1958 1552 2004 ἠ
1573 1956 1681 1995 οὐσία

258 2016 321 2052 καὶ
345 2016 516 2062 δεύτερον
534 2014 577 2052 τὸ
595 2015 713 2052 ποσὸν
729 2017 793 2051 καὶ
820 2018 941 2063 τρίτον
963 2013 1006 2050 τὸ
1031 2014 1154 2050 ποιόν.
1200 2014 1327 2061 πρώτη
1347 2012 1416 2060 γὰρ
1442 2014 1464 2058 ἡ
1489 2011 1558 2059 ὅλη
1582 2013 1680 2050 ἐστὶν

257 2071 365 2108 ον’σία
385 2067 498 2116 οὖσα,
529 2070 622 2116 ῦλην
639 2071 681 2107 δέ
698 2085 792 2117 φημι
805 2069 873 2116 τὴν
896 2069 999 2117 παρὰ
1019 2073 1097 2111 τοῖς
1119 2070 1337 2116 φιλοσόφοις
1358 2068 1552 2114 λεγομένην
1578 2068 1680 2105 οἷνεί-

257 2129 344 2164 δεον
371 2127 436 2163 καὶ
465 2123 736 2172 ἀσχημάτιστον
767 2127 830 2162 καὶ
863 2124 1059 2171 οἶσῶματον
1086 2146 1130 2153 -
1157 2123 1251 2170 αὕτη
1275 2121 1342 2161 οὖν
1370 2123 1394 2171 η“
1421 2124 1587 2165 άνείδεος
1609 2122 1679 2169 ὕλη

257 2183 435 2228 δεξαμένη
461 2180 503 2218 τὸ
529 2183 635 2228 τριχῆ
662 2181 859 2217 διάστατον
887 2179 1091 2226 ἐξώγκωται
1112 2180 1242 2217 πλάτει
1269 2181 1330 2216 καὶ
1352 2178 1458 2226 μήκει
1477 2179 1540 2215 καὶ
1555 2179 1678 2225 βάθει.

258 2240 298 2274 αὶ
313 2241 405 2284 γοῦν
422 2236 630 2278 διαστάσεις
646 2235 735 2272 καθ’
750 2233 1021 2281 ἃςέξώγκωται
1036 2239 1131 2282 τρεῖς
1151 2236 1259 2279 εἰσίν,
1290 2235 1309 2271 ὁ
1333 2235 1373 2272 δὲ
1399 2236 1482 2281 τρία
1507 2232 1678 2281 ἀριθμός,

257 2292 277 2330 ὁ
299 2293 340 2330 δὲ
361 2291 521 2340 ἀριθμὸς
536 2291 664 2328 ποσόν.
719 2290 798 2328 εἶτα
821 2293 913 2339 τῷδε
940 2293 990 2338 τῷ
1004 2291 1105 2338 μέρει
1125 2292 1192 2336 τῆς
1218 2291 1481 2336 ἐξογκωθείσης
1503 2289 1592 2335 ὕλης
1613 2291 1676 2326 καὶ

256 2350 487 2394 ποσωθείσης
502 2351 665 2394 τρισσαῖς
684 2346 891 2383 διαστάσεσι
913 2348 1188 2393 προσελθοῦσαι
1210 2347 1250 2382 αὶ
1277 2345 1469 2391 ποιότητες
1488 2344 1512 2391 ἡ
1535 2343 1677 2392 θερμό-

255 2418 322 2450 της
336 2404 436 2450 καὶὴ
460 2402 615 2449 ξηρότης
631 2405 673 2438 τὸ
690 2404 762 2450 πῦρ
781 2401 1068 2447 συνεστήσαντο,
1099 2401 1138 2437 ἐν
1157 2400 1251 2448 ἄλλῳ
1277 2401 1318 2438 δὲ
1336 2401 1435 2447 μέρει
1451 2402 1517 2447 τῆς
1545 2401 1677 2436 τοιαῦ-

255 2473 321 2505 της
335 2457 423 2505 ’ὕλης
440 2457 465 2505 ἡ
489 2458 672 2506 θερμότης
687 2458 751 2494 καὶ
764 2457 787 2503 ἦ
803 2455 961 2505 ’ὑγρότης
975 2459 1245 2504 προσελθοῦσαι
1263 2455 1483 2493 ἀπετέλεσαν
1500 2453 1566 2492 τὸν
1585 2455 1676 2503 οἶέρα

255 2515 318 2550 καὶ
341 2514 380 2550 ἐν
404 2514 512 2562 ἑτέρῳ
533 2513 720 2560 ψυχρότης
745 2514 809 2550 καὶ
831 2510 987 2560 ῦγρότης
1010 2511 1052 2549 τὸ
1079 2512 1180 2560 ὕδωρ
1204 2512 1488 2558 συνεστήσαντο,
1512 2510 1536 2557 ἡ
1564 2510 1604 2547 δὲ
1628 2513 1676 2557 γῆ

255 2569 432 2615 παρήχθη
460 2569 690 2616 ψυχρότητος
714 2570 777 2605 καὶ
802 2567 1000 2616 ξηρότητος
1021 2568 1296 2615 προσελθούσης
1321 2567 1359 2603 ἔν
1384 2580 1458 2602 τινι
1484 2565 1585 2612 μέρει
1608 2568 1676 2612 τῆς

255 2621 344 2669 ὕλης
363 2623 498 2669 αὐτῆς,
528 2626 591 2661 καὶ
615 2627 664 2672 τῇ
683 2623 874 2671 συγκράσει
893 2621 1007 2665 αὖθις
1026 2625 1102 2659 τοῖν
1121 2622 1305 2670 τεσσάρων
1325 2623 1511 2667 στοιχείων
1537 2619 1584 2657 τὰ
1601 2634 1675 2666 φυ-

255 2677 340 2714 σικὰ
363 2679 485 2715 πάντα
511 2680 678 2726 γεγόνασι
705 2680 866 2725 σώματα.
922 2678 1014 2726 ὁρᾷς
1035 2678 1136 2720 ὅπως
1158 2680 1202 2726 τῇ
1237 2679 1378 2724 φυσικῇ
1415 2677 1517 2720 τάξει
1545 2677 1673 2724 πρώτη

255 2733 352 2771 ἐστὶν
371 2734 498 2778 ον’σία,
522 2735 693 2783 δεύτερον
709 2734 751 2773 τὸ
767 2733 904 2780 ποσόν,
928 2736 1052 2780 τρίτον
1069 2732 1110 2771 τὸ
1130 2733 1250 2771 ποιόν.
1296 2730 1320 2778 ἢ
1337 2733 1398 2769 καὶ
1418 2730 1547 2774 οὕτως.
1592 2731 1671 2769 ἐπεὶ
