1760 3112
321 209 376 248 46
754 207 948 243 Scholia
970 206 1015 240 in
1037 208 1215 251 Analyt.
1237 218 1299 250 pr.

322 301 467 348 κοόσης·
480 300 628 344 τούτοις
644 296 712 338 οὖν
729 305 806 343 τοῖς
822 302 918 344 δυσί,
944 303 994 350 τῷ
1010 314 1048 338 τε
1058 303 1220 350 Μαξίμῳ
1236 303 1300 338 καὶ
1314 303 1365 350 τῷ
1377 302 1568 347 Θεμιστίῳ,
1587 300 1734 338 ἐναντία

322 359 406 404 περὶ
425 356 560 393 τούτου
579 357 772 401 δοξάζουσι
788 357 850 392 καὶ
867 357 1207 404 κατασκευάζουσιν,
1230 357 1280 400 ὥς
1302 355 1429 404 ᾤοντο,
1449 355 1490 392 τὸ
1515 358 1654 392 δοκοῦν
1669 355 1736 392 αὕ-

322 416 400 454 τοῖς
422 412 485 447 καὶ
508 412 679 459 διῄτησεν
703 411 799 447 αὐτὰ
823 411 842 447 u*
868 413 1034 459 βασιλεὺς
1052 412 1250 454 Ἰουλιανὸς
1271 414 1335 449 καὶ
1359 412 1493 448 δέδωκε
1515 410 1584 456 τὴν
1605 412 1736 456 ψῆφον

323 469 483 514 Μαξίμῳ
510 468 573 503 καὶ
594 466 778 513 ’[αμβλίχῳ
807 468 869 503 καὶ
897 471 1095 516 Πορφυρίῳ
1119 470 1181 505 καὶ
1209 470 1358 514 Βοηθῷ.
1404 468 1574 511 φαίνεται
1606 466 1646 502 δὲ
1673 467 1736 502 καὶ

330 522 563 568 Θεόφραστος
584 520 604 557 ὁ
619 522 879 568 Ἀριστοτέλους
897 523 1015 559 αὐτοῦ
1034 523 1218 570 ἀκροατὴς
1238 523 1307 569 τὴν
1333 522 1502 559 ἐναντίαν
1526 520 1626 569 αὐτῷ
1651 522 1736 568 περὶ

323 578 459 614 τούτου
485 577 597 620 δόξαν
624 577 733 623 ἔχων,
756 578 901 619 τούτοις
924 578 963 614 δὲ
995 582 1073 620 τοῖς
1095 577 1169 615 ἀπὸ
1193 581 1345 625 Βοηθοῦ
1369 576 1600 623 ἠκολούθησε
1625 577 1687 612 καὶ
1715 576 1735 612 ὁ

322 632 432 677 μέγας
464 632 626 678 Πρόκλος
654 634 716 668 καὶ
742 633 761 668 ὁ
784 632 919 669 τούτου
943 633 1162 675 διδάσκαλος
1185 635 1247 670 καὶ
1274 634 1294 670 ὁ
1323 633 1493 679 ἡμέτερος
1518 631 1651 678 πατήρ,
1679 629 1736 668 ὅτι

323 688 386 722 καὶ
402 688 438 723 οὶ
455 688 493 723 ἐν
507 687 664 734 δευτέρῳ
682 689 743 724 καὶ
761 690 870 735 τρίτῳ
888 688 1043 734 σχήματι
1058 689 1192 730 πάντες
1208 689 1340 725 τέλειοί
1354 690 1454 724 εἰσιν.
1499 688 1661 722 Ammon.

232 752 308 786 253
414 741 461 778 ου’
490 743 582 787 λέγει
601 743 640 778 δὲ
664 743 831 779 ἐνταῦθα
853 745 937 789 περὶ
958 745 1032 778 τῶν
1056 747 1167 791 τριῶν
1190 746 1385 791 βοηθειῶν,
1403 741 1493 779 ἀλλὰ
1514 743 1598 788 περὶ
1623 742 1739 787 μόνης

288 796 306 828 l
325 798 390 842 τῆς
417 796 680 844 οἱντιστροφῆς,
705 798 831 844 ἐπειδὴ
849 800 912 834 καὶ
938 797 1166 844 ἀσαφεστέρα
1190 799 1263 835 ἐστὶ
1281 800 1343 834 καὶ
1361 799 1397 834 οἱ
1415 800 1560 837 πλείους
1577 800 1738 841 συλλογι-

325 853 408 897 σμοὶ
427 851 488 887 διὰ
508 852 645 898 ταύτης
660 855 903 899 βοηθοῦνται.
923 879 930 887 .
943 877 952 887 .
964 879 972 887 .
996 855 1080 900 περὶ
1101 854 1140 888 δὲ
1155 856 1222 898 τῆς
1235 853 1412 893 ἐκθέσεως
1431 853 1504 898 ἐρεῖ
1515 851 1650 887 τούτου
1669 853 1736 886 τοῦ

324 909 466 953 βιβλίου
484 907 575 954 πρὸς
590 910 642 956 τῷ
657 908 763 951 τέλει,
793 909 831 944 ἐν
852 908 892 944 δὲ
908 912 985 948 τοῖς
997 907 1120 953 μέσοις
1135 910 1219 954 περὶ
1233 911 1299 953 τῆς
1315 910 1367 949 εἰς
1390 907 1574 942 ἀδύνατον
1591 905 1737 950 ἀπαγω-

324 965 392 1007 γῆς
416 987 466 999 ...
491 962 633 1003 ἔκθεσις
658 963 698 998 δέ
719 962 815 998 ἐστιν
842 963 864 1008 ἦ
889 964 1000 1007 λῆψις
1027 964 1087 999 καὶ
1107 963 1269 1010 προβολὴ
1294 964 1444 1009 μερικοῦ
1464 975 1565 1002 τινος
1591 962 1654 997 καὶ
1674 960 1737 996 ἀπ’

326 1016 444 1052 αὐτοῦ
467 1016 508 1052 τὸ
535 1015 621 1053 ὅλον
645 1018 865 1063 πιστουμένη
891 1043 900 1052 .
913 1043 922 1052 .
935 1044 944 1053 .
968 1017 1060 1054 ὥστε
1084 1017 1271 1063 συντόμως
1289 1016 1440 1062 εἰπεῖνὴ
1459 1017 1600 1057 ἔκθεσις
1620 1015 1737 1063 παρά-

324 1071 451 1116 δειγμά
471 1071 578 1107 ἐστιν.
623 1074 675 1106 Id.

413 1127 611 1172 τριάκοντα
633 1126 675 1169 ἓξ
697 1128 860 1171 συζυγίαι
887 1128 977 1163 εἰσὶν
1004 1127 1042 1163 ἐν
1069 1127 1208 1175 ἑκάστῳ
1237 1129 1312 1162 τῶν
1331 1126 1522 1172 σχημάτων
1543 1121 1589 1161 δι’
1614 1125 1739 1161 αἰτίαν

323 1182 513 1225 τοιαύτην.
559 1180 697 1227 ἀνάγκη
717 1181 784 1223 τας
804 1183 997 1228 προτάσεις
1012 1176 1273 1229 συνερχομένας
1294 1184 1344 1223 εἰς
1371 1183 1509 1226 γένεσιν
1523 1182 1597 1216 ταῖν
1614 1184 1739 1216 συλλο-

322 1238 460 1281 γισμῶν
476 1233 499 1281 ἢ
516 1233 693 1280 ὁμοειδεῖς
709 1235 804 1272 εἶναι
820 1234 845 1282 ἢ
867 1235 1104 1281 οἷνομοειδεΐς.
1150 1238 1327 1282 ὁμοειδεῖς
1352 1237 1392 1272 δὲ
1407 1237 1496 1280 λέγω
1514 1234 1609 1271 κατὰ
1624 1234 1666 1271 τὸ
1684 1233 1739 1270 εῖ-

323 1293 388 1332 δος
410 1293 485 1327 ταῖν
510 1290 740 1337 προτάσεων,
775 1289 866 1327 ὅταν
891 1290 914 1337 ἢ
942 1291 1052 1337 ἄμφω
1079 1294 1245 1329 καθόλου
1263 1288 1351 1327 οἷσιν
1373 1289 1398 1336 ἢ
1419 1290 1528 1336 ἄμφω
1553 1291 1698 1336 μερικαὶ
1714 1288 1738 1334 ἢ

324 1346 436 1392 ἄμφω
461 1344 772 1392 οἷπροσδιόριστοι,
795 1348 857 1382 καὶ
876 1349 969 1390 δῆλα
994 1347 1138 1383 τούτων
1163 1347 1209 1384 τὰ
1224 1349 1521 1394 παραδείγματα·
1545 1347 1579 1381 εἰ
1594 1345 1634 1381 δὲ
1651 1343 1740 1381 οἶνο-

322 1403 482 1447 μοειδεῖς
499 1403 602 1444 εἰσιν,
620 1399 646 1446 ἢ
658 1402 824 1437 καθόλου
842 1401 932 1447 μετὰ
944 1404 1093 1449 μερικῆς
1109 1405 1198 1439 εἰσιν
1213 1401 1238 1448 ἢ
1255 1402 1421 1439 καθόλου
1439 1400 1530 1447 μετὰ
1546 1399 1739 1447 ἀπροσδιο-

324 1459 450 1503 ρίστου
483 1453 506 1501 ἢ
531 1455 658 1503 μερικὴ
698 1455 789 1501 μετὰ
817 1456 1134 1504 οἷπροσδιορίστου.
1202 1459 1264 1494 καὶ
1293 1459 1328 1494 εἰ
1362 1457 1426 1502 μὲν
1453 1456 1632 1501 ὁμοειδεῖς
1662 1457 1740 1496 εἰσι,

323 1513 488 1556 γίνονται
513 1512 657 1547 δώδεκα
685 1513 881 1557 διαφοραί·
919 1511 943 1557 ἢ
970 1511 1039 1558 γὰρ
1069 1510 1179 1558 ἄμφω
1207 1513 1374 1549 καθόλου
1413 1513 1481 1548 εἰσὶ
1513 1511 1575 1547 καὶ
1603 1511 1739 1545 ποικίλ-

323 1571 449 1603 λονται
467 1566 562 1602 κατὰ
575 1565 615 1602 τὸ
631 1565 739 1602 ποιὸν
754 1569 946 1613 τετραχῶς,
958 1568 1146 1603 τουτέστιν
1162 1566 1187 1614 ἢ
1204 1565 1314 1613 ἄμφω
1327 1566 1579 1611 καταφατικαὶ
1592 1562 1618 1610 ἢ
1629 1563 1739 1609 ἄμφω

324 1620 557 1667 ἄποφατικαὶ
582 1619 607 1667 ἢ
633 1620 656 1666 ἡ
684 1621 750 1666 μὲν
776 1622 902 1668 πρώτη
935 1624 1168 1668 καταφατικὴ
1200 1622 1227 1669 '1‘
1260 1624 1299 1659 δὲ
1332 1621 1486 1668 δευτέρα
1520 1617 1736 1665 οἷποφατικὴ

322 1675 346 1722 ἢ
369 1677 412 1713 τὸ
437 1675 632 1719 ἀνάπαλιν,
665 1673 769 1721 ἡμὲν
793 1676 920 1722 πρώτη
947 1675 1160 1721 ἄποφατικὴ
1195 1678 1219 1723 ἦ
1245 1678 1283 1713 δὲ
1309 1677 1463 1723 δευτέρα
1491 1674 1737 1719 καταφατική-

323 1731 496 1772 ὦσαότως
517 1731 580 1766 καὶ
605 1731 756 1767 ἐπὶτῶν
779 1733 936 1777 μερικῶν
951 1733 1016 1767 καὶ
1034 1732 1093 1767 ἐπὶ
1107 1734 1183 1767 ταῖν
1205 1730 1535 1778 ἄπροσδιορίστων·
1571 1728 1644 1766 ἀνὰ
1660 1729 1739 1766 τέο·-

322 1799 437 1833 σαρας
453 1789 616 1831 γίνονται
633 1785 726 1820 κατὰ
743 1785 808 1821 τὸν
823 1785 939 1821 αὑτὸν
955 1786 1102 1832 τρόπον.
1157 1788 1193 1822 εἰ
1209 1787 1249 1822 δὲ
1264 1784 1374 1831 ἄμφω
1397 1784 1623 1831 ἄνομοειδεῒς
1638 1787 1740 1828 εἰσιν,

323 1839 488 1886 ὀκταχαῖς
513 1843 773 1876 ποικίλλονται.
820 1840 909 1876 ἔστω
935 1839 1004 1885 γὰρ
1033 1839 1199 1876 καθόλου
1223 1841 1314 1886 μετὰ
1338 1843 1487 1887 μερικῆς
1514 1842 1575 1876 καὶ
1602 1840 1690 1876 ἔστω
1713 1840 1738 1885 ἡ

305 1905 307 1907 “
322 1897 389 1942 μὲν
412 1896 538 1941 προότη
564 1895 739 1940 πρότασις
773 1894 940 1930 καθόλου
970 1895 992 1940 ή
1016 1895 1056 1930 δὲ
1083 1896 1235 1942 δευτέρα
1252 1896 1400 1942 μερική·
1431 1898 1614 1941 τετραχῶς
1644 1893 1738 1940 αὕτη

323 1952 556 1994 ποικίλλεται,
587 1947 610 1994 ἢ
638 1949 708 1995 γὰρ
734 1947 845 1994 ἄμφω
870 1951 1121 1994 καταφατικαὶ
1144 1949 1171 1995 ἦ
1195 1951 1305 1995 ἄμφω
1332 1950 1563 1996 ἄποφατικαὶ
1586 1948 1611 1994 ἢ
1633 1949 1656 1995 ἡ
1674 1950 1740 1995 μὲν

323 2004 451 2052 πρώτη
468 2004 703 2049 καταφατικὴ
725 2003 747 2048 ἡ
766 2003 806 2039 δὲ
825 2004 978 2050 δευτέρα
1003 2003 1216 2051 οἷποφατικὴ
1237 2004 1259 2051 ἢ
1283 2005 1478 2042 ἀνάπαλιν.
1525 2007 1562 2041 εἰ
1575 2002 1653 2050 δὲὴ
1673 2004 1740 2049 μὲν

322 2061 449 2106 προότη
467 2059 542 2095 ἐστὶ
557 2057 685 2105 μερική
710 2059 734 2103 ἡ
752 2058 792 2094 δὲ
815 2058 968 2105 δευτέρα
985 2059 1163 2103 καθόλου,
1183 2060 1294 2096 πάλιν
1313 2062 1494 2107 τετραχῶς
1518 2055 1630 2095 αὗται
1658 2072 1738 2095 ποι-

322 2117 517 2151 κίλλονται.
561 2114 688 2159 ἔχομεν
717 2108 785 2149 οὖν
894 2116 1011 2149 Marc.
1042 2117 1234 2161 (Stephani
1263 2128 1391 2151 nomen
1421 2117 1507 2151 huie
1537 2117 1649 2150 schol.
1674 2115 1740 2149 atl-

323 2172 456 2205 ieotum
480 2170 561 2214 est).
817 2206 819 2209 f

228 2236 306 2269 321,
412 2225 563 2265 δικαίως
582 2219 650 2260 οὖν
675 2224 712 2259 οἱ
738 2224 968 2259 Πλατωνικοὶ
992 2224 1039 2259 ου’
1060 2226 1273 2271 προσίενται
1294 2224 1361 2266 τὰς
1385 2225 1617 2271 ἐνδεχομένας
1633 2224 1738 2261 ἅντι-

262 2281 308 2314 24
324 2280 507 2326 στροφάς·
540 2280 717 2324 ζητοῦμεν
744 2277 813 2325 γὰρ
833 2277 949 2319 αὐτὰς
973 2277 1038 2315 διὰ
1057 2278 1145 2320 τοὺς
1164 2281 1439 2324 συλλογισμούς,
1463 2282 1499 2316 οὶ
1523 2281 1563 2316 δὲ
1579 2284 1737 2324 συλλογι-

324 2335 407 2380 σμοὶ
426 2333 498 2370 ὑπὸ
509 2335 647 2379 τεχνοῖν
667 2331 691 2379 ἢ
711 2333 917 2378 ἐπιστημῶν
931 2334 1208 2380 προβάλλονται.
1254 2337 1368 2369 Marc.

228 2390 305 2424 431³
411 2391 522 2425 τοῦτο
551 2390 618 2434 τῆς
639 2390 794 2433 τοπικῆς
813 2391 1062 2434 πραγματείας
1082 2391 1283 2436 διακρίνειν
1298 2391 1395 2434 (cod.
1413 2391 1629 2436 διακρίνον),
1646 2392 1738 2425 ποῖα

283 2435 306 2467 7
321 2445 388 2489 μὲν
403 2443 454 2485 αἷς
470 2443 612 2490 ὁρισμοὶ
626 2443 789 2486 ἕπονται,
814 2447 905 2479 ποῖα
924 2443 973 2486 ὥς
994 2446 1093 2488 ἴδια,
1118 2449 1210 2481 ποῖα
1229 2443 1277 2486 αἱς
1295 2444 1547 2491 συμβεβηκότα
1569 2445 1632 2480 καὶ
1655 2445 1737 2480 τίνα

323 2498 373 2539 ὥς
391 2498 487 2543 γένη.
533 2499 586 2534 ld.

229 2565 272 2599 45
288 2575 307 2596 a
412 2552 588 2597 οἷνοὶγεται
613 2551 655 2588 τὸ
682 2551 728 2588 τὰ
757 2556 828 2589 ΒΗ
848 2550 1113 2601 οἰσυνόπαρκτα
1134 2553 1229 2590 εἶναι
1258 2554 1310 2593 εἰς
1333 2552 1377 2589 τὸ
1403 2552 1450 2589 τὰ
1475 2556 1548 2588 ΔΗ
1565 2552 1611 2588 τὰ
1639 2552 1735 2589 αὐτὰ

263 2609 305 2641 13
322 2606 428 2644 εἶναι.
475 2608 552 2643 ἐπεὶ
570 2608 640 2654 γὰρ
656 2607 698 2644 τὸ
713 2613 742 2643 Β
754 2610 805 2654 τῷ
823 2613 852 2644 Α
868 2609 978 2645 παντὶ
1009 2611 1060 2656 τῷ
1082 2609 1121 2645 δὲ
1138 2613 1178 2644 Η
1198 2607 1333 2652 ου’δενί,
1367 2607 1406 2644 ἐν
1426 2608 1558 2654 πρώτῳ
1581 2607 1736 2653 σχήματι

320 2661 510 2708 ἀλλότριον
528 2662 569 2698 τὸ
592 2667 620 2698 A
636 2664 706 2699 τοῦ
723 2667 776 2708 Η,
799 2663 922 2699 πάντα
947 2664 987 2700 δὲ
1006 2663 1053 2699 τὰ
1075 2663 1247 2711 ἀλλότρια
1264 2664 1332 2698 τοῦ
1350 2667 1377 2698 Α
1404 2663 1442 2698 ἐν
1458 2665 1509 2709 τῷ
1524 2667 1558 2697 Δ
1574 2662 1649 2698 ἐστί
1658 2689 1669 2706 ,
1690 2662 1733 2698 τὸ

319 2718 422 2762 (fort.
438 2718 492 2759 τὶ)
511 2715 584 2763 ἄρα
602 2720 678 2754 τῶν
698 2722 733 2753 Δ
748 2719 884 2755 ταύτόν
900 2718 976 2755 ἐστι
998 2721 1049 2766 τῷ
1073 2723 1127 2762 Η,
1158 2719 1180 2764 ἡ
1203 2717 1242 2754 δὲ
1261 2718 1355 2760 λέξις
1372 2719 1503 2763 φησίν·
1534 2718 1660 2754 ἕπεται
1681 2719 1734 2765 τῷ

318 2770 366 2807 τὰ
383 2774 454 2806 ΒΗ
460 2769 723 2819 οἶσυνύπαρκτα
737 2772 832 2810 εἶναι
846 2775 888 2810 τὸ
908 2773 953 2810 τοὶ
974 2777 1038 2811 ΒΘ
1051 2773 1098 2811 τὰ
1117 2772 1213 2810 αὐτοὶ
1234 2772 1341 2816 εἶναι,
1366 2771 1441 2809 ἄλλ’
1459 2770 1538 2819 οὐχ,
1560 2771 1609 2814 οἷς
1627 2772 1733 2818 ἔφην,
