1826 3112
307 233 388 274 216
814 234 1224 269 ΑΝΑΑΤΤΙΚΩΝ

308 332 422 379 ἐστὶν
455 330 515 378 οὐ
551 329 712 378 λευκὸν
749 327 980 376 ἕκαστονἋ
946 350 976 393 η
997 330 1135 377 πάντα
1156 330 1269 377 ἐστὶν
1288 328 1347 377 ου
1366 327 1514 386 λευκά,
1545 332 1723 388 ψεῦδος.

312 396 475 458 ὁμοίοις
492 398 538 443 δὲ
559 399 633 443 καὶ
650 400 732 443 τοῦ
751 396 838 443 ἔστι
858 401 947 443 πᾶν
964 401 1076 462 ζῷον
1092 396 1250 444 λευκόν
1268 395 1327 443 οὐ
1345 395 1395 442 τὸ
1414 397 1525 441 ἔστιν
1545 413 1603 441 ου
1623 400 1726 442 λευ-

311 463 393 546 2263
427 462 541 509 ἅπαν
580 466 695 527 ζῷον
722 461 950 522 απόφασις
983 445 1141 525 (ἄμφω
1169 481 1253 524 γαρ
1282 463 1499 522 ψευδεῖς),
1538 459 1648 507 ἀλλὰ
1677 458 1729 506 τὸ

313 548 399 576 ουκ
426 530 513 575 ἔστι
542 534 631 574 πᾶν
653 533 775 612 ζῷον
794 528 965 575 λευκόν.
995 530 1083 576 ἐπεὶ
1106 531 1151 575 δε
1172 526 1354 591 §qao-“v
1329 546 1393 574 οτι
1413 529 1554 584 ἕτερον
1572 527 1730 589 σηιιαί-

263 611 298 638 2⁵
313 613 376 642 νει
400 594 450 641 τὸ
475 596 587 641 ἔστιν
607 593 666 641 οὐ
686 595 848 642 λευκόν
865 597 937 641 καὶ
959 595 1046 642 οὐκ
1065 597 1150 642 ἔστι
1169 595 1344 650 λευκόν,
1381 596 1452 639 καὶ
1475 591 1526 638 τὸ
1555 595 1632 653 μὲν
1649 610 1730 638 κα·-

312 661 502 740 τιέφασις
526 659 576 706 τὸ
603 659 643 707 6'
669 660 907 722 ἀπόφασις,
935 660 1129 721 φανερὸν
1150 659 1219 744 τὸς
1231 660 1332 742 οὐχ
1365 658 1390 705 6
1413 657 1549 716 αὐτὸς
1566 658 1731 718 τρόπος

313 731 397 773 τοῦ
418 726 635 773 δεικνύναι
658 727 871 787 ἑκατέρου,
895 725 993 774 οἷον
1013 725 1078 774 ὅτι
1101 725 1172 773 ὃ”“
1145 746 1199 774 αν
1218 720 1247 786 ἦ
1269 730 1396 791 ζωον,
1420 724 1505 772 οὐκ
1522 727 1608 771 ἔστι
1627 728 1731 770 λευ-

312 791 394 839 κὸν
422 790 455 855 ἢ
483 794 691 853 ἐνδέχεται
721 793 781 856 μὴ
812 791 916 840 εἶναι
942 792 1123 848 λευκόν,
1152 795 1223 838 καὶ
1247 791 1313 838 ὅτι
1333 790 1497 853 ἀληθὲς
1518 793 1648 836 εἰπεῖν
1667 787 1728 851 μὴ

312 858 494 905 λευκόν·
534 863 666 905 τοῦτο
716 860 797 920 γάρ
833 860 945 906 ἐστιν
974 856 1082 906 εἶναι
1111 857 1170 920 μὴ
1199 857 1374 904 λευκόν.
1436 855 1545 901 ἀλλὰ
1575 854 1627 901 τὸ
1658 872 1735 914 μεν

262 942 298 969 so
314 924 479 987 αληθὲς
509 926 642 971 εἰπεῖν
669 925 755 971 ἔστι
787 925 946 970 λευκόν
974 926 1052 970 ειτε
1081 922 1141 986 μὴ
1169 921 1327 969 λευκόν
1345 920 1371 967 6
1391 919 1530 977 αὐτὸς
1551 919 1733 979 τρόπος

311 994 714 1046 κατασκευαστικῶς
729 1008 811 1049 γαρ
835 988 967 1048 ἄμφω
986 988 1060 1035 διιὶ
1079 993 1165 1033 τοῦ
1190 988 1367 1046 πρώτου
1386 987 1600 1032 δείκνυται
1622 985 1733 1048 σχή-

312 1053 550 1115 ματος·τό
584 1053 666 1113 γὰρ
698 1053 862 1115 αληθὲς
887 1057 950 1134 τῷ
979 1054 1094 1099 ἔστιν
1124 1051 1285 1112 ὁμοίοις
1307 1051 1517 1098 uittam·
1546 1057 1630 1098 τοῦ
1652 1050 1735 1112 γὰρ

314 1119 481 1182 ἀληθὲς
499 1119 630 1165 εἰπεῖν
647 1119 809 1165 λευκόν
826 1137 884 1165 ου
902 1117 952 1165 τὸ
971 1117 1135 1181 ἄληθες
1151 1120 1281 1164 εἰπεῖν
1299 1116 1360 1179 μὴ
1381 1117 1543 1164 λευκόν
1560 1117 1738 1177 ἀπόφα-

313 1198 397 1241 σις,
429 1183 539 1230 ἄλλα
567 1183 618 1230 τὸ
653 1184 712 1246 μὴ
744 1183 907 1246 αληθὶς
938 1187 1069 1231 εἰπεῖν
1097 1184 1270 1231 λευκόν.
1304 1185 1341 1230 εἰ
1362 1182 1418 1246 δὴ
1439 1185 1549 1230 ἔστιν
1573 1182 1738 1244 ἄληθες

264 1271 299 1299 3⁵
314 1253 471 1335 ‘3⁷¹⁵‘th
477 1249 502 1297 ὃ
515 1243 613 1310 ἃνῇ
634 1249 880 1309 ἄνθρωπος,
899 1249 1114 1310 μουσικὸν
1133 1247 1240 1296 εἶναι
1263 1247 1292 1312 ἢ
1308 1247 1389 1311 μὴ
1381 1247 1595 1296 ιιουσικὸν
1615 1254 1737 1305 εἰναι,

316 1315 343 1364 ὃ
370 1335 424 1363 αν
443 1308 472 1376 ᾗ
493 1320 609 1381 ζῶον
627 1315 863 1379 ληιιπτέονἋ
833 1336 862 1379 η
887 1322 994 1363 εἰναι
1008 1315 1227 1377 μουσικὸν
1249 1314 1278 1377 ἢ
1301 1321 1407 1361 εἰναι
1426 1314 1485 1375 μὴ
1506 1314 1737 1374 μουσικόν,

321 1385 396 1429 καὶ
410 1385 629 1429 δέδεικται.
651 1381 703 1429 τὸ
717 1385 764 1429 δε
775 1381 835 1445 μὴ
859 1380 1194 1442 εἰναιμουσικὸν
1213 1379 1238 1427 ὃ
1252 1399 1307 1427 αν
1319 1379 1608 1441 ᾐᾶνθρωπος,
1631 1398 1739 1426 ανα-

317 1453 614 1506 σκευαστικῶς
633 1450 853 1496 δείκνυται
872 1447 979 1495 κατὰ
1000 1467 1110 1505 τους
1129 1448 1383 1510 εἰρημένους
1402 1449 1598 1505 τρόπους
1613 1451 1738 1505 τρεῖς.

445 1513 615 1571 Απλοῖς
647 1514 686 1561 δ’
716 1514 823 1561 ὅταν
851 1533 993 1571 ουτως
1023 1515 1096 1575 ἔχῃ
1125 1513 1176 1560 τὸ
1204 1518 1240 1560 Α
1270 1515 1343 1559 καὶ
1373 1511 1424 1558 τὸ
1458 1517 1495 1558 Β
1523 1510 1632 1558 ὥσθ’
1654 1510 1741 1571 ἅμα

266 1582 395 1642 ιομὲν
432 1585 493 1646 τῷ
534 1579 658 1645 αὐτῷ
687 1580 747 1643 μὴ
790 1582 1055 1641 ἐπιδέχεσθαι,
1088 1582 1214 1627 παντὶ
1244 1581 1290 1626 δε
1321 1577 1365 1634 ἐξ
1394 1577 1584 1640 ανάγκης
1610 1578 1741 1624 θάτε-

275 1659 299 1691 b
317 1665 409 1706 ρον,
435 1648 509 1692 ’και
542 1648 675 1693 πάλιν
709 1646 760 1693 τό
801 1651 845 1693 Γ
869 1649 942 1693 καὶ
960 1645 1010 1692 τὸ
1032 1651 1073 1692 A
1098 1645 1323 1702 ωσαύτως,
1357 1645 1508 1706 ἕπηται
1539 1646 1586 1690 δὲ
1609 1662 1670 1708 τῳ
1704 1646 1749 1689 Γ

315 1712 366 1759 τὸ
395 1717 431 1758 Α
467 1714 540 1757 καὶ
568 1711 628 1775 μὴ
659 1711 934 1772 αντιστρέφῃ,
970 1714 1043 1757 καὶ
1073 1716 1132 1776 τῷ
1155 1716 1192 1758 Β
1213 1710 1266 1757 τὸ
1289 1717 1330 1756 A
1350 1690 1666 1791 ιῖκολουθήσειι,
1669 1710 1743 1755 καὶ

316 1777 404 1826 οὐκ
433 1777 727 1863 αντιστρέψει·
762 1780 834 1824 καὶ
866 1777 916 1824 τὸ
944 1796 1023 1838 μεν
1053 1781 1090 1823 A
1111 1779 1183 1823 καὶ
1214 1782 1254 1822 A
1276 1777 1483 1841 ἐνδέχεται
1511 1779 1571 1857 τῷ
1606 1774 1744 1839 αυτῷ,

315 1843 367 1891 τὸ
395 1846 442 1890 δὲ
471 1847 508 1890 Β
533 1846 606 1890 καὶ
643 1848 688 1889 Γ
713 1843 800 1890 οὐκ
831 1844 1050 1904 ἐνδέχεται.
1094 1848 1267 1904 πρῶτον
1297 1843 1374 1902 μὲν
1400 1842 1486 1887 οὐν
1515 1860 1579 1887 οτι
1610 1845 1672 1905 τῷ
1707 1844 1744 1886 Β

284 1909 367 1956 5τὸ
399 1915 440 1956 A
465 1911 631 1965 ἕπεται,
667 1910 840 1957 ἐνθένδε
873 1908 1077 1968 φανερόν.
1159 1910 1246 1955 ἐπεὶ
1284 1927 1367 1970 γαρ
1397 1909 1522 1954 παντὶ
1548 1911 1633 1953 τῶν
1664 1910 1746 1952 ΓΔ

316 1976 506 2057 θατέρου
532 1974 577 2030 ἐξ
607 1974 820 2038 α’ναγκης,
853 1978 888 2040 ᾠ
918 1978 964 2021 δὲ
993 1974 1044 2020 τὰ
1076 1978 1135 2029 Β,
1170 1973 1255 2020 οὐκ
1288 1974 1495 2033 ἐνδέχεται
1523 1972 1574 2018 τὰ
1607 1976 1652 2017 Γ
1673 1970 1745 2018 διὰ

316 2040 369 2088 τὸ
400 2041 705 2101 συνεπιφέρειν
736 2040 789 2087 τὸ
822 2022 961 2122 (1,τό
994 2041 1039 2086 δε
1072 2044 1108 2085 Α
1134 2041 1205 2085 καὶ
1240 2043 1276 2085 Β
1306 2037 1366 2101 μὴ
1397 2039 1647 2098 ἐνδέχεσθαι
1678 2041 1743 2119 τῷ

319 2106 455 2189 αυτῷ,
483 2105 675 2167 φανερὸν
705 2105 769 2153 ὅτι
798 2105 847 2153 τὸ
880 2112 921 2152 A
953 2105 1262 2168 ἀκολουθήσει.
1298 2104 1427 2151 παλιν
1448 2106 1533 2150 ἐπεὶ
1560 2108 1620 2169 τῷ
1641 2108 1677 2149 A
1696 2101 1745 2149 τὸ

321 2177 366 2219 Γ
393 2192 480 2220 ουκ
510 2172 792 2255 αντιστρέφει,
819 2174 944 2218 παντὶ
971 2174 1017 2218 δε
1045 2171 1095 2218 τὸ
1130 2176 1175 2218 Γ
1195 2169 1297 2233 ἢτὸ
1321 2175 1376 2225 Δ,
1409 2171 1615 2229 ἐνδέχεται
1634 2167 1684 2215 τὸ
1707 2172 1743 2215 A

270 2258 306 2285 10
320 2241 393 2286 καὶ
422 2237 473 2285 τὸ
504 2244 546 2285 A
570 2244 634 2303 τῷ
667 2238 791 2321 αὐτῷ
820 2237 1043 2298 ὑπάρχειν.
1088 2236 1140 2284 τὸ
1173 2238 1220 2284 δέ
1255 2255 1301 2298 γε
1337 2240 1374 2282 Β
1402 2238 1475 2282 καὶ
1505 2234 1556 2281 τὰ
1593 2239 1638 2281 Γ
1662 2233 1746 2281 οὐκ

321 2306 529 2365 ἐνδέχεται
564 2304 638 2351 δια
657 2303 707 2351 τὸ
733 2309 1090 2351 συνακολουθεῖν
1108 2308 1168 2367 τῷ
1188 2308 1232 2349 Γ
1247 2301 1297 2349 τὸ
1320 2307 1378 2348 A·
1412 2302 1637 2360 συμβαίνει
1663 2318 1744 2361 γαρ

319 2390 362 2418 τι
380 2370 611 2417 αδύνατον.
647 2369 840 2432 φανερὸν
858 2364 944 2417 οὖν
976 2387 1045 2416 οτι
1063 2351 1169 2416 οὐδὲ
1187 2373 1247 2434 τῷ
1271 2374 1313 2414 A
1331 2367 1383 2414 τὸ
1406 2372 1443 2415 Β
1463 2367 1744 2429 αντιστρέφει,

322 2438 491 2498 ἐπείπερ
513 2436 728 2498 ἐγχωρεῖ
708 2456 796 2497 αμα
813 2436 863 2484 vd
886 2441 928 2483 A
950 2438 1024 2482 καὶ
1045 2434 1096 2482 τὸ
1122 2441 1160 2483 A
1177 2417 1399 2495 ὑπάρχειν.

411 2551 455 2583 29
473 2548 533 2591 τὸ]
553 2550 620 2583 τοῦ
640 2562 674 2582 n.
702 2568 742 2576 -
767 2551 805 2583 31
833 2548 1164 2587 κατασκευαστικὸς
1182 2560 1260 2582 corr
1277 2559 1311 2579 n.
1338 2564 1379 2570 —
1405 2547 1448 2578 32
1464 2543 1635 2579 τάσσεται
1653 2545 1689 2577 C'.
1705 2562 1747 2568 —

322 2590 395 2629 35‘
383 2591 425 2633 ἃς
443 2607 479 2629 π.
497 2613 539 2620 --
557 2591 622 2628 ἐὰν
644 2596 736 2628 ARu.
748 2614 787 2620 —
804 2596 847 2629 36
863 2595 914 2628 alt
929 2592 1023 2629 εἶναι
1039 2606 1095 2628 om
1106 2595 1170 2628 Bu.
1178 2611 1224 2619 —
1242 2593 1285 2626 37
1302 2589 1746 2630 ἄνασκευαστικωςσοῐτη.

322 2658 366 2664 --
389 2640 433 2672 39
448 2651 567 2679 ουτως
585 2651 675 2673 οταν
696 2640 734 2674 G.

413 2683 501 2718 52b1
520 2685 570 2716 alt
585 2683 627 2718 τὸ
648 2696 705 2717 om
718 2695 751 2716 n.
765 2702 808 2708 —
833 2682 872 2718 δὲ
885 2684 957 2718 fort
973 2695 1013 2728 pr
1033 2694 1088 2716 om
1107 2682 1145 2715 A.
1157 2699 1201 2708 --
1223 2682 1245 2714 2
1265 2676 1496 2723 ἀντιστρέφει
1508 2680 1572 2712 Βιι.
1588 2695 1630 2703 -
1652 2676 1748 2711 4καὶ

323 2724 364 2760 τὸ
379 2739 400 2770 y
422 2729 460 2760 C
485 2746 527 2753 -
552 2726 713 2763 ὅὲπεται
729 2727 771 2762 τὸ
791 2729 814 2763 ὃ
832 2741 860 2763 c.
879 2748 922 2756 -
955 2725 1120 2775 φανερὸν
1137 2724 1248 2762 ἔσται
1268 2723 1347 2760 ἐπεὶ
1370 2725 1407 2759 G.
1418 2742 1461 2750 —
1484 2725 1508 2758 8
1525 2720 1566 2758 τὸ
1583 2734 1609 2757 α
1623 2722 1674 2767 τῷ
1685 2722 1747 2763 Βσ,

323 2772 451 2815 prAn.
476 2790 517 2798 -
543 2772 636 2817 963]
660 2769 792 2818 δὲηπ.
