1884 3100
604 220 945 255 ΠΡΟΤΕΡΩΝ
972 221 1013 254 B
1448 216 1527 257 221

79 319 290 385 άληθῶς*
306 323 396 377 πᾶς
405 317 489 382 γὰρ
511 317 679 377 κύκνος
701 323 830 402 ζῷον.
865 317 1030 379 ὁιιοίως
1049 317 1098 366 δὲ
1117 316 1193 364 καὶ
1213 315 1252 364 εἰ
1270 315 1531 380 στερητικὸν

79 391 147 470 εἴη
191 386 244 435 τὸ
280 391 380 434 ΑΒ·
430 388 607 471 ἐγχωρεῖ
646 386 729 448 γὰρ
763 384 816 433 τὸ
849 389 887 432 Α
928 390 990 451 τῷ
1016 387 1096 446 μὲν
1127 389 1165 432 Β
1194 386 1277 432 τινὶ
1311 383 1530 446 υπάρχειν

77 461 142 522 τῷ
163 457 216 502 otc„
247 459 292 501 Γ
313 456 479 539 μ’μηδειί,
508 453 560 501 τὸ
587 456 634 501 δε
659 458 697 501 Β
724 455 850 500 παντὶ
881 457 943 518 τῷ
973 457 1026 511 Γ
1062 451 1158 500 οἷον
1192 456 1306 536 ζῷον
1322 454 1406 500 τινὶ
1422 457 1580 499 Rev-25

77 542 143 589 κῳ
177 522 293 584 χιόνι
313 522 352 570 6'
371 521 573 586 ου’δειιιᾷ,
607 519 770 569 λευκὸν
787 522 835 568 δὲ
864 501 986 581 πάσῃ
1006 522 1133 581 χιόνι.
1170 523 1208 567 εἰ
1224 514 1310 568 οὖν
1327 521 1529 584 ληφθείη

77 590 130 637 τὰ
162 592 242 651 μὲν
271 595 310 636 A
337 592 491 652 μηδενὶ
517 593 580 653 τῷ
604 587 739 645 Β,τὸ
774 590 821 635 δὲ
851 592 889 635 Β
919 591 1048 635 παντὶ
1070 593 1132 655 τῷ
1167 592 1218 645 Γ,
1239 587 1291 635 τὸ
1322 595 1359 635 Α
1378 587 1531 636 οὐδενὶ

77 661 139 721 τῷ
180 661 228 703 Γ
260 655 459 715 υπάρξει.
525 656 601 702 ἐὰν
639 655 679 702 6²
714 654 744 718 ἡ
773 657 852 716 μὲν
884 660 963 702 ΑΒ
993 658 1209 717 πρότασις
1254 654 1340 720 ὅλη
1368 658 1531 740 ληφθῇ

79 704 282 808 6⁴29&th
309 722 338 788 ἡ
374 725 422 770 ὸὲ
455 727 540 770 ΒΓ
575 720 660 787 ὅλη
688 723 886 787 ψευδής,
930 724 1048 770 ἔσται
1081 722 1382 785 συλλογισμὸς
1417 723 1531 787 ἄλη·

76 793 189 855 θιὶς·
221 791 356 839 οὐδὲν
385 789 468 853 γὰρ
499 790 662 838 κωλυει
688 789 740 838 τὸ
769 796 807 838 Α
830 796 895 857 τῷ
918 795 956 838 Β
982 793 1057 838 καὶ
1085 797 1146 858 τῷ
1171 794 1356 838 Γπαντὶ
1379 790 1580 853 ὑπάρ-εο

85 877 189 920 χειν,
214 858 268 905 τὸ
306 860 453 942 μέιτοι
473 863 510 905 Β
541 861 694 922 μηδενὶ
723 864 788 924 τῷ
810 863 864 915 Γ,
884 856 979 906 οἷον
997 857 1082 906 ὅσα
1101 864 1187 906 τοῦ
1205 858 1352 906 αὐτοῦ
1369 860 1531 922 γένους

78 928 175 1010 ειδη
203 924 264 988 μή
298 924 378 971 ὑπ’
404 925 593 1007 αλληλα·
629 924 680 972 τὰ
708 926 792 988 γάρ
825 931 938 992 ζῶον
959 929 1034 973 καὶ
1053 930 1175 1009 ἵππῳ
1195 929 1270 973 καὶ
1300 925 1530 1008 άνθρωπῳ

78 991 279 1053 ὑπάρχει,
314 995 447 1048 ἵππος
476 992 515 1038 6'
546 992 698 1041 οὐδενὶ
730 993 974 1057 α’νθρώπῳ.
1011 993 1088 1040 ἐάν
1116 988 1203 1041 οὖν
1231 999 1392 1056 ληφθῇ
1414 992 1464 1040 τὸ
1490 996 1530 1040 Α

77 1062 205 1107 παντὶ
235 1063 297 1125 τῷ
328 1063 366 1105 Β
392 1060 466 1105 καὶ
496 1056 548 1105 τὸ
578 1062 616 1104 Β
644 1060 773 1104 παντὶ
805 1063 867 1124 τῷ
897 1062 950 1114 Γ,
982 1059 1149 1122 ἄληθες
1176 1062 1295 1107 ἔσται
1330 1059 1383 1108 τὸ
1411 1073 1530 1121 συμ-

77 1108 303 1187 πέρασμά,
335 1129 540 1183 ψευδοῦς
562 1123 672 1188 ὅλης
691 1106 847 1188 οὔσης
856 1131 936 1189 τῆς
959 1129 1046 1172 ΒΓ
1062 1126 1330 1186 προτάσεως.
1365 1125 1531 1187 ὁμοίως
1545 1145 1582 1174 35

78 1196 128 1242 δε
155 1196 230 1240 καὶ
257 1198 514 1256 στερητικῆς
543 1191 687 1256 οὔσης
703 1211 783 1255 της
801 1197 879 1238 ΑΒ
896 1196 1162 1252 προτάσεως.
1210 1195 1424 1255 ἐπιδέχεται
1446 1193 1531 1257 γάρ

78 1261 131 1309 τὸ
159 1266 196 1308 Α
224 1261 333 1324 μήτε
365 1265 430 1326 τῷ
464 1265 502 1307 Β
531 1279 636 1324 μητε
671 1265 737 1326 τῷ
770 1264 816 1306 Γ
839 1263 992 1323 μηδενὶ
1022 1260 1251 1322 ὑπάρχειν,
1288 1263 1397 1344 μηδὲ
1417 1261 1469 1308 τὸ
1492 1265 1532 1309 Β

79 1331 232 1392 μηδενὶ
263 1332 328 1394 τῷ
358 1332 410 1385 Γ,
445 1326 542 1375 οἷον
575 1333 669 1385 τοῖς
701 1308 748 1384 ἐξ
778 1327 919 1374 ἄλλου
949 1330 1108 1391 γένους
1134 1331 1266 1376 εἴδεσι
1296 1327 1350 1375 τὸ
1380 1330 1531 1391 γένος·

78 1396 130 1444 τὸ
163 1395 247 1458 γὰρ
289 1400 405 1460 ζῷον
439 1394 544 1443 οὔτε
585 1400 780 1456 μουσικῇ
816 1394 914 1443 οὔτ’
958 1398 1132 1457 ἰατρική
1169 1394 1383 1457 ὑπάρχει,
1430 1394 1532 1444 οὐδ’

79 1463 110 1529 ἡ
132 1462 326 1527 μοισικὴ
351 1465 536 1549 ἰατρικῇ.
568 1464 843 1550 ληφθέντος
842 1482 929 1511 ουν
949 1469 1036 1511 τοῦ
1058 1483 1137 1525 μεν
1156 1469 1193 1510 Α
1213 1466 1365 1527 μηδενὶ
1390 1469 1455 1530 τῷ
1479 1467 1531 1522 Β,
1549 1475 1574 1510 h

78 1536 162 1579 τοῦ
183 1533 231 1578 ὁε
251 1534 289 1577 Β
307 1532 432 1577 παντι
454 1549 516 1596 τῳ
534 1535 587 1581 Γ,
623 1529 792 1593 ιῖληθες
819 1532 937 1578 ἔσται
959 1531 1011 1578 τὸ
1036 1533 1344 1592 συμπέρασμα.
1400 1533 1476 1578 καὶ
1495 1533 1535 1580 εἰ

78 1619 140 1685 μη
165 1596 251 1662 ὅλη
274 1596 448 1662 ’ψευδὴς
467 1597 497 1662 ἡ
519 1602 605 1644 ΒΓ
618 1597 714 1645 ἄλλ’
735 1600 806 1646 ἐπί
825 1618 891 1656 τι,
925 1601 1000 1646 καὶ
1023 1597 1170 1658 οὕτως
1189 1601 1307 1646 ἔσται
1334 1598 1388 1646 τὸ
1411 1612 1531 1661 συμ-

77 1668 281 1727 πέοασμα
313 1665 495 1728 ἀληθές.
545 1664 681 1712 οιῗὸεν
713 1664 796 1727 γάρ
816 1667 979 1714 κωλύει
1008 1666 1061 1714 τὸ
1083 1672 1120 1714 Α
1140 1669 1214 1713 καὶ
1235 1671 1346 1750 τῷΒ
1367 1670 1443 1714 καὶ
1463 1670 1531 1733 τῷ

82 1738 128 1780 Γ
144 1731 236 1800 ὅλῳ
255 1732 495 1819 ὑπάρχειν,
543 1731 594 1779 τὸ
617 1734 762 1793 μέντοι
785 1738 823 1779 Β
839 1752 918 1780 τινι
945 1739 1007 1800 τῷ
1026 1739 1088 1792 Γ,
1123 1753 1219 1781 οιον
1244 1733 1295 1781 τὸ
1318 1735 1445 1796 γένος
1465 1738 1532 1800 τῷ
1545 1755 1564 1784 ⁵

80 1804 184 1850 εἴδει
216 1802 292 1846 καὶ
323 1805 378 1860 τῇ
411 1804 628 1864 διαφορᾷ·
671 1799 724 1846 τὸ
758 1819 843 1862 γάρ
887 1804 1002 1864 ζῷον
1037 1804 1166 1848 παντὶ
1200 1800 1430 1884 ἀνθρώπῳ
1456 1781 1534 1848 κάὶ

81 1869 209 1917 παντὶ
223 1871 355 1932 πεζῷ,
378 1865 405 1913 6
427 1866 466 1916 (δ’
477 1867 716 1927 ἄνθρωπος
730 1869 813 1914 τινὶ
825 1873 945 1933 πεζῷ
955 1870 1030 1915 καὶ
1052 1887 1112 1916 ov
1134 1870 1274 1916 παντί.
1312 1870 1350 1915 εἰ
1371 1862 1458 1916 οὖν
1477 1866 1531 1916 τὰ

81 1942 120 1984 Α
151 1937 280 1982 παντὶ
302 1939 363 1998 τῷ
383 1938 421 1980 Β
447 1937 523 1981 καὶ
551 1933 604 1982 τὸ
626 1939 664 1981 Β
693 1937 823 1982 παντὶ
847 1941 912 2001 τῷ
933 1940 981 1982 Γ
1001 1938 1226 2000 ληφθείη,
1274 1934 1328 1982 τὸ
1349 1941 1387 1982 Α
1405 1936 1536 1983 παντὶ

79 2008 144 2069 τῷ
166 2001 436 2063 Γυπάρξει·
473 2000 582 2060 ὅπερ
604 1994 662 2065 ἦν
687 2001 866 2066 άληθές
923 2001 1087 2064 ὁμοίως
1107 2006 1154 2050 δε
1177 2005 1249 2050 καὶ
1273 2007 1535 2068 στερητικῆς

80 2070 226 2133 οὔσης
247 2088 329 2132 της
349 2074 426 2116 ΑΒ
451 2069 715 2128 προτάσεως.
773 2071 989 2131 ἐνδέχεται
1017 2070 1101 2132 γὰρ
1131 2069 1184 2118 τὸ
1207 2076 1245 2117 Α
1272 2070 1378 2134 μήτε
1408 2076 1486 2157 τῷ
1495 2074 1534 2118 Β
1549 2091 1584 2119 10

80 2138 187 2202 μήτε
209 2141 273 2202 τῷ
301 2141 347 2183 Γ
373 2140 525 2200 μηδενὶ
559 2135 787 2198 ὑπάρχειν,
822 2136 876 2184 τὸ
910 2140 1056 2199 μέντοι
1090 2143 1129 2185 Β
1161 2140 1246 2185 τινὶ
1266 2143 1332 2204 τῷ
1353 2143 1405 2195 Γ,
1439 2119 1536 2186 οἷον

80 2205 132 2254 τὸ
169 2205 295 2284 ye'voug
326 2209 387 2269 τῷ
422 2203 468 2260 ἐξ
498 2203 641 2251 ἄλλου
672 2206 830 2265 γένους
859 2207 962 2253 ειδει
995 2209 1068 2253 καὶ
1103 2210 1325 2270 διαφορᾷ·
1371 2205 1425 2252 τὸ
1453 2204 1536 2267 γάρ

83 2277 202 2339 ζῷον
219 2269 324 2318 οὔτε
345 2271 567 2334 φρονήσει
592 2270 779 2337 ουδεμιᾷ
798 2271 984 2334 ὑπάρχει
1006 2274 1108 2322 οὔτε
1129 2277 1403 2336 θεωρητικῇ,
1439 2271 1469 2337 ἡ
1487 2274 1536 2320 δὲ

82 2341 304 2422 φρόνησις
314 2340 397 2385 τινὶ
418 2343 680 2402 θεωρητικῇ.
715 2342 755 2386 εἰ
773 2335 859 2387 οὖν
875 2344 1078 2425 ληφθείη
1093 2340 1144 2388 τὸ
1164 2360 1242 2400 μεν
1255 2346 1291 2387 Α
1303 2341 1456 2404 μηδενὶ
1472 2344 1536 2406 τῷ

82 2413 143 2464 Β,
159 2404 227 2490 ῗτὸ
246 2407 294 2453 δε
315 2410 352 2452 Β
372 2409 502 2454 παντὶ
523 2411 589 2472 τῷ
609 2410 663 2466 Γ,
700 2405 851 2455 ουδενὶ
878 2427 939 2454 τω
964 2409 1073 2457 Γτὸ
1096 2413 1135 2455 A
1153 2406 1366 2470 ὑπάρξει·
1401 2425 1536 2456 τουτο
1551 2427 1586 2457 1⁵

82 2475 122 2523 δ’
143 2468 203 2540 ἦν
223 2473 402 2537 άληθές.

213 2540 312 2588 Ἐπὶ
347 2544 394 2588 δε
428 2545 518 2588 τοῖν
549 2541 595 2587 ἐν
628 2559 747 2601 μερει
780 2544 1092 2603 συλλογισμῶν
1117 2541 1333 2601 ἐνδέχεται
1357 2542 1434 2588 καὶ
1456 2545 1537 2607 τῆς

82 2607 261 2674 πρωτης
281 2608 538 2671 προτάσεως
563 2606 674 2673 ὅλης
696 2606 840 2673 οὔσης
858 2612 1062 2667 ψευδοῦς
1094 2613 1176 2672 τῆς
1198 2607 1238 2655 6'
1256 2609 1403 2670 ἑτέρας
1422 2607 1534 2675 άλη-

175 2724 220 2757 23
237 2720 375 2769 ἀληθές
396 2725 519 2767 ACfm.
543 2742 588 2750 —
619 2725 663 2758 37
683 2722 727 2758 τὸ
745 2736 770 2757 α
790 2735 847 2756 om
868 2724 906 2757 C.
933 2742 980 2750 —
1013 2720 1123 2779 μηδε]
1151 2721 1244 2766 μήτε
1264 2723 1465 2766 ABqumu.
1487 2742 1534 2752 —

86 2768 131 2803 38
147 2766 207 2811 τὸ]
230 2767 354 2816 ἕτερον
370 2769 469 2813 π,τό
489 2769 614 2816 ἕτερον
631 2781 677 2803 m.
703 2788 748 2795 -
774 2770 818 2803 39
835 2766 995 2813 μουσικὴ
1014 2766 1095 2803 οὔτ’
1115 2765 1263 2815 ἰατρικὴ
1284 2770 1328 2802 A.

174 2811 268 2849 54b4
282 2817 332 2850 alt
346 2815 409 2854 καὶ
427 2827 483 2850 om
501 2828 544 2861 pr
561 2818 602 2851 A.
627 2834 672 2842 —
695 2816 716 2850 7
732 2812 773 2852 6.
786 2815 926 2862 ,πεζῷ
943 2826 1001 2850 om
1016 2826 1060 2860 pr
1073 2815 1114 2851 A.
1138 2833 1183 2842 -
1208 2812 1330 2861 ΙΟγὰς
1350 2809 1430 2859 ἅμα
1439 2810 1481 2850 τὸ
1496 2825 1533 2850 n.
