1884 3100
616 212 956 249 ’ΠΡΟΤΕΡΩΝ
981 214 1020 247 A.
1459 210 1537 250 151

87 313 164 360 καὶ
193 309 339 370 ἄλλως
365 325 460 370 πως
488 311 643 397 ἔχωσιν
674 312 718 359 οὶ
747 308 861 371 ὅροι,
895 308 1130 358 α’δύνατον.
1176 306 1288 370 λέγω
1313 307 1362 354 δὲ
1387 310 1538 367 μεῖζον

87 399 167 442 μεν
198 378 336 441 ἄκρον
362 371 464 427 ἐν
426 399 463 426 ω
483 377 537 426 τὸ
559 380 698 440 μέσον
717 379 845 438 ἐστίν,
874 378 1051 426 ἔλαττον
1070 374 1188 426 δὲτὸ
1208 373 1303 424 ὑπὸ
1322 371 1374 422 τὸ
1399 375 1537 435 μέσον

87 446 153 495 ὄν.
200 446 432 508 ὑπαρχέτω
452 444 535 509 γάρ
556 445 607 494 τὸ
624 465 706 508 μεν
725 450 764 493 Α
784 446 914 501 summi
936 450 998 492 τῶ
1024 449 1075 501 Β,
1101 442 1153 492 τὸ
1173 445 1221 492 δὲ
1240 448 1278 491 Β
1296 443 1380 490 τινὶ
1395 446 1458 509 τῷ
1480 446 1533 489 Γ.

86 514 262 563 ου’κοῦν
271 534 307 562 ει
299 516 403 562 ’ἔστι
415 512 582 572 παντὸς
589 518 929 577 κατηγορεῖσθαι
938 531 990 559 το
975 510 1045 559 ἐν
1054 511 1165 574 ἄρχῃ
1148 511 1345 574 λεχθέν,
1363 509 1536 573 ἀνάγκη

85 580 137 630 τὸ
166 589 205 629 Α
234 583 318 629 τινὶ
347 586 410 647 τῷ
442 585 489 628 Γ
509 579 735 642 υπάρχειν.
779 582 855 628 καὶ
891 581 933 627 εἰ
958 578 1009 627 τὸ
1040 581 1121 641 μὲν
1149 585 1188 627 A
1217 579 1376 666 μηδενὶ
1399 597 1461 625 τω
1495 581 1585 625 B2⁵

58 646 295 709 ’ὑπάρχει,
332 647 384 695 τὸ
413 649 460 694 δὲ
500 652 539 695 Β
565 650 649 695 τινὶ
678 652 741 714 τῷ
772 652 825 703 Γ,
853 645 1024 711 ἀνάγκη
1050 646 1104 694 τὸ
1132 652 1171 694 Α
1199 649 1281 696 τινὶ
1313 650 1376 712 τῷ
1404 650 1450 693 Γ
1471 643 1534 710 μὴ

82 713 321 777 ὑπάρχειν·
356 712 540 774 ὥρισται
568 714 652 778 γὰρ
681 716 756 762 καὶ
783 713 837 763 τὸ
867 713 978 763 κατὰ
1002 712 1192 778 μηδενὸς
1209 719 1309 772 πῶς
1331 714 1533 776 λέγομεν·

83 780 196 830 ωστε
218 783 337 830 ἔσται
347 781 648 845 συλλογισμὸς
668 784 843 841 τέλειος.
872 781 1035 843 ὁμοίως
1055 785 1102 830 δὲ
1122 783 1196 829 καὶ
1218 784 1256 829 εἰ
1276 780 1534 841 οἷὸιόριστον

83 851 151 914 εἴη
171 848 222 897 τὸ
245 854 349 907 ΒΓ,
382 849 674 913 κατηγορικὸν
695 848 767 897 ὅν·
791 849 816 897 ὃ
835 848 918 912 γὰρ
935 848 1072 908 αὐτὸς
1091 851 1208 897 ἔσται
1231 846 1532 910 συλλογισμὸς
1618 903 1621 905 ,

83 915 345 977 άδιορίστου
356 936 401 964 τε
423 919 499 964 καὶ
519 918 565 964 ἐν
584 919 703 978 μέρει
711 918 977 980 ληφθέντος.
1000 915 1076 964 ἐὰν
1096 918 1142 964 δὲ
1156 915 1269 976 πρὸς
1287 914 1341 963 τὸ
1355 916 1530 963 ἔλαττον
1546 933 1582 961 ao

84 982 226 1045 ἄκρον
236 983 286 1032 τὸ
307 984 515 1032 καθόλου
528 990 639 1045 τεθῇ
650 982 978 1048 ἢκατηγορικὸν
990 982 1020 1047 ἢ
1030 983 1301 1047 στερητικόν,
1312 981 1398 1030 οὐκ
1412 984 1531 1030 ἔσται

83 1051 395 1112 συλλογισμός,
416 1050 519 1098 οὔτε
533 1050 818 1133 ἆποῳατικρῦ
827 1050 930 1099 οὔτε
943 1055 1255 1113 καταφατικοῦ
1262 1069 1347 1098 του
1329 1049 1527 1134 ἀδιορί-

80 1130 193 1166 στου
211 1116 242 1182 ἢ
267 1117 378 1164 κατὰ
398 1119 533 1184 μέρος
553 1117 695 1175 ὄντος,
730 1125 827 1166 οἱον
853 1120 891 1165 εἰ
912 1117 965 1165 τὸ
984 1120 1063 1179 μὲν
1079 1123 1119 1166 Α
1138 1119 1221 1165 τινὶ
1243 1122 1305 1184 τῷ
1325 1122 1364 1165 Β
1380 1116 1531 1179 ὑπάρ-

80 1204 160 1247 χει,
190 1183 221 1249 ἢ
249 1184 310 1249 μὴ
343 1183 547 1247 υπάρχει,
580 1184 632 1232 τὸ
660 1187 706 1232 δὲ
736 1190 774 1232 Β
793 1187 922 1233 παντὶ
939 1190 1001 1251 τῷ
1022 1166 1291 1270 Γὺπάρχει·
1326 1203 1425 1245 οροι
1444 1188 1532 1231 τοῦ

80 1251 294 1314 ὑπάρχειν
315 1251 522 1314 ἀγαθόν-
535 1251 652 1311 ἕξις-
629 1252 897 1316 -φρόνησις,
916 1256 1005 1299 τοῦ
1024 1251 1086 1316 μή
1099 1251 1314 1313 ὑπάρχειν
1328 1250 1580 1337 ἀγαθόν-35

80 1319 194 1378 ἕξις-
209 1319 392 1381 ἀμαθία.
423 1320 559 1367 πάλιν
571 1319 665 1368 εἰτὸ
676 1321 962 1384 μὲνΒμηδενὶ
974 1324 1034 1386 τῷ
1050 1324 1101 1377 Γ,
1114 1318 1223 1366 τὸδὲ
1239 1323 1277 1366 A
1285 1338 1369 1366 τινι
1380 1337 1440 1365 τω
1423 1315 1531 1382 Βῆ

79 1386 269 1448 ὑπάρχει
289 1385 322 1450 ἢ
339 1386 400 1451 μὴ
420 1386 610 1450 υπάρχει
623 1385 652 1451 ἢ
671 1387 733 1452 μὴ
752 1390 883 1436 παντὶ
903 1369 1108 1449 ὑπάρχει,
1130 1385 1230 1434 οὐδ’
1250 1384 1395 1444 οὕτως
1413 1387 1533 1433 ἔσται

80 1455 392 1516 συλλογισμός.
430 1453 528 1514 ὅροι
553 1455 1080 1513 λευκόν-ἲππος-κύκνος,
1099 1453 1532 1511 λευκόν-ἲππος-κό-

79 1521 172 1584 ραξ.
203 1523 247 1569 οι
257 1521 383 1569 αυτοὶ
398 1524 445 1570 δὲ
456 1541 529 1569 και
517 1524 580 1570 εἰ
590 1522 642 1570 τὸ
652 1527 729 1571 ΑΒ
741 1522 1005 1584 ἅδιόριστον.
1028 1521 1128 1570 οὐδ’
1152 1520 1258 1569 ὅταν
1267 1520 1318 1569 τὸ
1328 1519 1532 1583 μενπρὸς

80 1608 140 1637 τω
122 1588 356 1650 μει’ζονι”
327 1608 448 1655 ακρῳ
457 1589 664 1638 καθόλου
674 1591 850 1654 γένηται
868 1588 901 1654 ἢ
909 1588 1202 1675 κατηγορικὸν
1213 1587 1243 1653 ἢ
1261 1588 1530 1653 στερητικὸν,
1546 1600 1570 1634 b

80 1656 134 1704 τὸ
153 1658 200 1704 de
218 1656 331 1716 πρὸς
350 1661 411 1723 τῷ
433 1657 625 1706 ἐλάττονι
639 1656 894 1745 στερητικὸν
903 1657 1014 1705 κατὰ
1025 1659 1171 1719 μέρος,
1185 1676 1244 1704 ου
1234 1656 1403 1704 ’κεσται
1419 1660 1533 1704 συλ-

81 1723 296 1786 λογισμὸς
316 1705 576 1783 ἅδιορίστου
594 1744 638 1772 τε
657 1728 731 1772 καὶ
756 1727 801 1773 ἐν
823 1727 941 1786 μέρει
952 1722 1362 1808 ληφθέντος,οἶον
1342 1727 1380 1772 εἰ
1391 1723 1442 1771 τὸ
1456 1743 1535 1785 μεν

78 1796 118 1839 Α
150 1794 279 1838 παντὶ
314 1796 376 1837 τῶ
408 1796 446 1838 Β
475 1790 690 1875 ὑπάρχει,
718 1791 770 1839 τὸ
801 1795 848 1840 δὲ
883 1797 922 1839 Β
948 1795 1032 1839 τινὶ
1056 1796 1118 1857 τῷ
1142 1796 1188 1838 Γ
1206 1791 1289 1854 μή,
1330 1789 1362 1854 ἢ
1401 1793 1438 1838 εἰ
1470 1789 1532 1854 μὴ

77 1860 208 1906 παντὶ
238 1839 445 1920 ὑπάρχει·
477 1861 512 1925 ᾠ
544 1878 630 1921 γαρ
646 1879 703 1907 αν
727 1878 811 1907 τινι
840 1858 901 1923 μὴ
927 1859 1108 1920 ὑπάρχῃ
1140 1857 1193 1906 τὸ
1214 1859 1363 1920 μέσον,
1387 1858 1564 1925 τούτωὸ

77 1927 151 1973 καὶ
173 1928 301 1973 παντὶ
321 1927 394 1972 καὶ
409 1945 468 1973 οι
456 1907 558 1973 '6ev1
544 1926 879 2009 ἄκολουθήσει
898 1925 948 1974 τὸ
961 1931 1149 1987 πρῶτον.
1183 1925 1534 1974 ’ὑποκείσθωσαν

75 1990 160 2056 γάρ
181 1991 276 2040 οὶ““’
249 2011 347 2053 οροι
375 1996 522 2055 ζῷον-
537 1991 807 2051 ἄνθρωπος·
821 1993 1007 2042 λευκόν·
1035 2000 1124 2041 εἱτα
1143 1995 1218 2040 καὶ
1236 2013 1301 2042 ων
1318 1992 1379 2056 μὴ
1397 2012 1533 2057 κατη-

75 2066 266 2123 γορεῖται
306 2064 480 2108 λευκῶν
522 2059 549 2107 6
581 2060 839 2122 ἅνθρωπος,
869 2062 1073 2124 εἰλήφθω
1102 2061 1270 2119 κύκνος
1297 2063 1373 2108 καὶ
1402 2062 1533 2122 χιών·

77 2126 256 2175 οὐκοῦν
276 2125 328 2174 τὸ
349 2131 463 2193 ζῷον
476 2130 650 2189 τοῦμὲν
660 2127 828 2186 παντὸς
837 2135 1154 2191 κατηγορεῖται,
1176 2133 1260 2176 τοῦ
1272 2130 1319 2175 δὲ
1332 2127 1532 2186 οὐδενός,

77 2193 190 2243 ὥστε
201 2194 288 2242 οὐκ
301 2196 418 2242 ἔσται
429 2197 739 2259 συλλογισμός.
751 2196 886 2245 πάλιν
896 2195 946 2243 τὸ
957 2198 1037 2258 μὲν
1048 2201 1086 2243 Α
1095 2197 1249 2260 μηδενὶ
1260 2201 1322 2263 τῷ
1335 2194 1531 2258 Βὺπαρ-
1550 2214 1585 2242 10

165 2310 212 2343 24
214 2307 376 2366 παντὸς]
390 2308 541 2351 πάντως
558 2308 654 2345 κατὰ
669 2310 812 2352 παντὸς
830 2313 868 2355 C,
878 2308 973 2346 κατὰ
992 2309 1134 2350 παντὸς
1151 2312 1199 2354 di,
1216 2312 1277 2344 sed
1290 2311 1392 2344 iante
1403 2308 1444 2345 τὸ
1458 2322 1531 2353 seq.

80 2373 126 2382 —
144 2353 230 2389 99*
210 2368 252 2389 ον
269 2368 324 2388 om
350 2357 388 2392 C.
413 2375 458 2384 -—
482 2358 522 2390 31
543 2369 586 2401 pr
606 2353 632 2400 ἢ
651 2369 707 2390 om
734 2358 773 2390 C.
797 2376 843 2382 —-
876 2359 920 2391 32
942 2352 1094 2402 ουτε]ἧ“
1110 2357 1163 2389 bis
1183 2369 1228 2391 m.
1257 2375 1299 2382 -—-
1325 2369 1538 2413 καταφατι-

77 2401 149 2436 xm?
173 2399 258 2435 οὔτε
283 2400 401 2441 duom.
425 2404 486 2444 mf.
520 2422 550 2427 —
583 2403 669 2443 του]
691 2414 775 2436 ουτε
796 2403 929 2436 codices
944 2410 1092 2446 excepto
1110 2404 1141 2445 f
1174 2421 1219 2426 —
1255 2403 1298 2435 33
1321 2399 1359 2446 ἢ]
1388 2402 1456 2436 τοῦ
1479 2402 1535 2444 (ff,

79 2458 159 2480 corr
179 2447 227 2486 B,
252 2443 338 2481 οὔτε
356 2459 409 2491 m,
434 2459 513 2480 corr
529 2447 563 2480 d.
588 2467 633 2473 —-
659 2445 767 2488 ὄντος
785 2460 839 2481 om
860 2450 974 2491 Angel
998 2449 1035 2490 C,
1051 2449 1084 2488 3,
1104 2449 1152 2480 13
1179 2467 1223 2473 —
1247 2447 1369 2489 τῶνὶ,
1394 2459 1472 2480 corr
1491 2448 1534 2480 A.

77 2509 124 2517 —-
142 2488 230 2525 36”
206 2505 227 2536 η
251 2504 307 2525 om
326 2493 350 2526 ι’.
373 2510 420 2519 -
455 2494 498 2526 37
519 2505 558 2534 pr
578 2489 611 2548 ἢ
623 2505 678 2525 om
700 2494 738 2527 C.
766 2511 808 2518 —
833 2492 923 2538 alt'r'}
956 2491 1153 2537 ..ὑπάρχει
1177 2504 1233 2525 om
1255 2493 1278 2527 ἰ.
1302 2512 1347 2518 ——
1379 2493 1424 2526 38
1440 2489 1537 2546 οροι]

78 2548 163 2582 οροι
191 2537 260 2571 τοῦ
279 2538 390 2571 παντὶ
404 2539 520 2594 (παντ
526 2537 552 2582 ὶ]
573 2550 639 2579 μεν
661 2540 707 2576 Ο.
743 2551 798 2571 om
822 2539 864 2583 ιι)
873 2508 1070 2596 ὑηπάρχειν
1096 2538 1188 2581 Csiu.
1222 2556 1265 2563 -
1298 2535 1452 2592 nimos]
1470 2536 1539 2572 κύ·-

77 2593 185 2622 κνος·
210 2584 282 2618 τοῦ
299 2581 340 2618 δε
359 2582 419 2638 (δε
437 2595 493 2616 om
506 2584 546 2627 u)
564 2583 695 2626 μηδενὶ
715 2582 783 2629 (μὴ
797 2585 847 2628 C)
858 2582 1042 2631 ὑπάρχειν
1058 2584 1129 2627 Cis,
1147 2595 1171 2616 u
1190 2595 1294 2627 supra
1314 2595 1366 2624 vs,
1384 2582 1540 2630 Ῑυπάρ-

79 2638 159 2672 χειν
172 2640 240 2661 om.
258 2648 295 2655 -
327 2630 371 2663 39
390 2627 605 2674 οἶδιόριστον
626 2629 683 2673 εἴη
707 2630 759 2663 Ci-

167 2672 258 2708 26121
256 2673 441 2728 γένηται]
461 2675 558 2729 τεθῇ
579 2676 667 2709 21—
691 2676 714 2708 2
730 2673 773 2710 τὸ
794 2673 946 2709 ἔλαττον
968 2674 1054 2707 12—
1077 2669 1164 2708 οὔκ.
1205 2672 1438 2717 ληφθέντος
1452 2685 1490 2706 rc
1507 2674 1542 2707 A

81 2716 141 2749 ubi
166 2720 342 2761 pauciora.
374 2739 421 2747 —
454 2722 475 2755 3
497 2717 756 2775 ἆδιοριᾛστου.
769 2718 998 2776 ληφθέντος
1029 2731 1072 2763 pr
1099 2730 1156 2753 om
1174 2718 1210 2751 d.
1234 2737 1282 2746 --
1310 2731 1350 2754 τε
1373 2719 1451 2765 και]
1469 2719 1539 2754 τοῦ

83 2762 185 2795 Maro
203 2765 284 2799 231.
309 2784 354 2791 —
377 2764 444 2811 μὲν
461 2777 516 2799 om
537 2766 562 2800 ι’.
587 2785 633 2793 -
658 2767 681 2800 4
700 2745 768 2811 ms]
791 2763 842 2810 μὴ
865 2763 1025 2821 ὑπάρχει
1049 2765 1100 2798 Ci.
1126 2784 1169 2790 —
1193 2763 1229 2799 εἰ
1246 2777 1303 2799 om
1328 2766 1366 2800 C.
1391 2784 1434 2792 —
1464 2765 1486 2800 7
1502 2764 1538 2800 οἱ

81 2819 139 2841 om
160 2809 198 2843 C.
224 2827 267 2835 —
290 2811 314 2844 8
330 2817 366 2844 et
386 2812 428 2846 13
444 2813 697 2860 κατηγορῆται
715 2825 758 2857 pr
773 2813 814 2846 A.
838 2830 883 2839 —
909 2813 952 2846 10
967 2808 1162 2857 ὑπαρχέτω
1180 2810 1232 2857 τῷ
1251 2811 1274 2857 β
1296 2811 1336 2845 G.
