1826 3112
376 210 430 249 ὦ
889 212 1272 246 ΚΑΤΗΓΟΡΙΑῙ.

380 325 421 353 τι
437 306 508 355 ὅν·
550 308 601 355 τό
634 326 677 355 τε
707 307 787 370 γὰρ
810 305 966 367 ὅμοιον
985 306 1122 355 τινὶ“
1095 325 1249 368 ομοιον
1281 308 1445 370 λέγεται
1471 311 1544 356 καὶ
1566 309 1617 356 τὸ
1636 309 1789 357 ἄνισον

382 375 464 420 τινὶ
484 372 645 420 άνισον.
710 373 769 419 οὐ
788 373 929 420 πάντα
947 376 993 420 δὲ
1015 375 1247 434 ἐπιδέχεται
1272 373 1322 421 τὸ
1349 378 1515 455 μᾶλλον
1533 377 1606 421 καὶ
1635 370 1786 438 ἦττον·

334 457 369 484 25
382 439 433 486 τὸ
468 438 548 500 γὰρ
569 438 797 485 διπλάσιον
823 438 881 486 οὔ
911 441 1074 502 λέγεται
1092 445 1257 501 μᾶλλον
1286 443 1360 487 καὶ
1391 434 1519 502 ἦττον
1550 441 1789 498 διπλάσιον,

382 506 486 553 οὐδὲ
501 509 586 551 τῶν
604 503 814 551 τοιούτων
830 504 975 553 ουδέν.

515 569 670 616 Πάντα
688 572 734 616 δὲ
753 569 806 617 176
821 573 931 632 πρός
947 590 988 618 τι
1007 570 1117 631 πρὸς
1138 570 1475 630 άντιστρέφοντα
1492 570 1670 631 λέγεται,
1697 567 1791 616 οἷον

384 634 409 680 6
440 638 603 689 δοῦλος
633 637 850 681 δεσπότου
886 640 1052 691 δοῦλος
1088 637 1250 696 λέγεται
1278 637 1351 680 καὶ
1380 634 1405 681 6
1441 635 1652 698 δεσπότης
1680 636 1790 682 δού-

334 704 467 745 εολου
488 700 721 760 δεσπότης,
754 703 827 746 καὶ
843 698 894 746 τὸ
915 700 1147 747 διπλάσιον
1173 700 1353 763 ἡμίσεος
1382 700 1609 748 διπλάσιον
1636 702 1710 747 καὶ
1741 700 1790 747 τὸ

381 764 519 829 ἥμισυ
538 767 772 813 διπλασίου
803 764 960 828 ἥμισυ,
1004 768 1077 812 καὶ
1116 765 1167 812 τὸ
1207 770 1352 826 μεῖζον
1383 766 1605 823 ἐλάττονος
1643 770 1790 826 μεῖζον

382 832 456 877 καὶ
476 829 528 876 τὸ
552 832 725 878 ἔλαττον
743 834 940 892 μείζονος
955 833 1139 878 ἔλαττον.
1202 831 1413 888 οἱσαύτως
1443 834 1488 877 δὲ
1515 835 1588 878 καὶ
1617 833 1684 878 ἐπὶ
1702 837 1791 878 τῶν

384 895 550 953 ἄλλων,
584 896 699 959 πλὴν
717 903 770 958 τῇ
788 899 948 944 πτώσει
975 899 1105 944 ἐνίοτε
1128 899 1281 943 διοίσει
1299 896 1408 943 κατὰ
1430 896 1509 959 τὴν
1525 897 1659 954 λέξιν,
1695 895 1791 944 οἷον

382 982 411 1025 η
443 962 653 1026 ἐπιστήμη
687 964 919 1026 ἐπιστητοῦ
954 964 1116 1024 λέγεται
1143 962 1353 1025 ἐπιστήμη
1382 964 1457 1009 καὶ
1486 961 1536 1009 τὸ
1567 962 1791 1026 ἐπιστητὸν

334 1045 369 1073 ³5
383 1029 593 1091 ἐπιστήμη
614 1030 854 1110 ἐπιστητόν,
885 1031 958 1075 καὶ
974 1028 1003 1091 ἡ
1028 1032 1233 1092 αισθησις
1253 1031 1471 1090 αἰσθητοῦ
1491 1031 1700 1092 αι’σθησις
1718 1030 1790 1075 καὶ

381 1092 434 1141 τὸ
458 1093 676 1157 αἰσθητὸν
697 1096 900 1158 αἰσθήσει
923 1094 1149 1158 αἰσθητόν.
1185 1094 1243 1141 οὐ
1257 1093 1343 1156 μὴν
1361 1093 1454 1140 ἄλλ’
1465 1095 1596 1141 ἐνίοτε
1607 1113 1665 1141 ου
1654 1094 1790 1150 δοςει

383 1159 700 1220 οἷντιστρέφειν,
745 1160 820 1208 ἐάν
857 1159 917 1222 μὴ
958 1162 1124 1217 οἰκείως
1163 1159 1279 1220 πρὸς
1310 1158 1338 1206 ὃ
1377 1161 1540 1221 λέγεται
1568 1160 1789 1221 άποδοθῇ,

384 1224 495 1271 ἀλλὰ
520 1225 732 1286 διαιιάρτῃ
756 1225 781 1272 6
801 1225 1064 1283 ἀποδιδούς,
1098 1223 1191 1272 οἷον
1220 1224 1271 1272 τὸ
1299 1225 1459 1286 πτερὸν
1485 1225 1559 1272 ἐὰν
1586 1226 1791 1286 ἀποδοθῇ

386 1289 590 1351 ὄρνιθος,
625 1291 712 1337 οὐκ
735 1290 1002 1353 ἀντιστρέφει
1021 1292 1141 1372 ὅρνις
1159 1296 1334 1350 πτεροῦ.
1371 1290 1431 1337 οὕ
1448 1290 1532 1372 γὰρ
1550 1293 1715 1349 οἰκείως
1736 1290 1788 1338 τὸ

300 1367 369 1403 1¹-7
384 1362 558 1438 πρωτον
577 1355 834 1403 οἷποδέδοται
853 1356 1013 1417 πτερὸν
1034 1356 1236 1424 ὄρνιθος·
1273 1356 1330 1403 οὐ
1347 1356 1430 1418 γάρ
1449 1351 1479 1417 ᾗ
1498 1356 1632 1417 ὅρνις,
1651 1356 1789 1418 ταύτη

383 1422 436 1468 τὸ
465 1421 626 1482 πτερὸν
655 1421 797 1469 αὐτοῦ
825 1423 1010 1484 λέγεται,
1045 1422 1137 1469 ἀλλ’
1162 1424 1191 1482 ᾐ
1216 1423 1433 1482 πτερωτόν
1464 1424 1571 1470 ἐστι·
1612 1428 1790 1469 πολλων

379 1487 463 1549 γὰρ
482 1491 555 1534 καὶ
577 1487 718 1534 ἄλλων
739 1488 872 1549 πτερά
896 1490 1028 1547 ἐστιν,
1064 1487 1092 1534 ἱι
1112 1487 1197 1534 οὐκ
1219 1490 1326 1535 εἰσὶν
1346 1487 1534 1549 ὄρνιθες.
1587 1487 1694 1536 ὥστε
1715 1487 1790 1535 ἐὰν

382 1552 590 1615 ἀποδοθῇ
608 1556 786 1614 οἰκείως,
803 1556 876 1600 καὶ
897 1553 1178 1615 ἀντιστρέφει,
1205 1551 1300 1600 οἷον
1318 1553 1370 1601 τὸ
1392 1553 1552 1615 πτερὸν
1567 1559 1790 1640 πτερωτοῦ

349 1639 367 1666 5
380 1619 542 1681 πτερὸν
563 1621 635 1666 καὶ
653 1619 705 1666 τὸ
722 1619 938 1681 πτερωτὸν
955 1624 1097 1683 πτερῷ
1117 1619 1344 1680 πτερωτόν.
1380 1621 1509 1667 ἐνίοτε
1529 1621 1574 1667 δε
1595 1623 1668 1667 καὶ
1685 1620 1789 1667 ὄνο-

380 1692 635 1745 ματοποιεῖν
645 1688 748 1743 ισως
768 1685 1013 1747 αναγκαῖον,
1035 1685 1109 1732 ἐὰν
1129 1684 1188 1748 μὴ
1209 1687 1402 1745 κείμενον
1417 1680 1447 1747 ἧ
1470 1685 1610 1746 ὄνομα
1628 1685 1741 1746 πρὸς
1762 1684 1790 1732 6

381 1749 588 1808 οἰκείωςἿ
568 1750 623 1798 α“ν
643 1751 900 1814 ἀποδοθείη,
918 1757 1012 1798 οιον
1029 1770 1080 1798 το
1067 1750 1306 1814 πηδάλιον
1314 1753 1475 1798 πλοίου
1487 1751 1561 1799 ἐὰν
1570 1752 1789 1812 ἀποδοθῇ,

381 1834 467 1864 ουκ
503 1818 640 1863 οἰκεία
667 1816 697 1879 ἡ
732 1816 948 1874 ἀπόδοσις
981 1818 1159 1878 γίνεται·
1203 1835 1261 1863 ου
1296 1815 1379 1879 γὰρ
1411 1811 1441 1879 ἧ
1470 1822 1645 1873 πλοῖον,
1679 1817 1789 1864 ταύ-

379 1900 432 1942 τῃ
467 1882 610 1929 αὐτοῦ
638 1881 689 1929 τὸ
727 1883 943 1945 πηδάλιον
975 1883 1159 1945 λέγεται·
1213 1883 1298 1929 ἔστι
1333 1882 1417 1944 γὰρ
1450 1888 1582 1930 πλοῖα
1613 1877 1677 1930 οἶν
1704 1881 1789 1930 οὐκ

334 1970 368 1997 10
381 1948 468 1994 εστι
486 1947 690 2010 πηδάλια.
725 1948 797 1995 διὸ
817 1948 903 1995 οὐκ
922 1947 1213 2010 ἀντιστρέφει·
1246 1946 1298 1993 τὸ
1318 1948 1401 2008 γὰρ
1423 1953 1580 1993 πλοῖον
1594 1948 1652 1993 ου
1671 1950 1788 2009 λέγε-

378 2031 449 2059 ται
467 2015 688 2076 πηδαλίου
710 2018 874 2060 πλοῖον.
941 2012 1035 2059 ἄλλ’
1058 2016 1162 2068 ἴσως
1189 2010 1465 2071 οἰκειοτέρα”
1445 2030 1500 2058 αν
1516 2011 1546 2074 ἦ
1573 2011 1789 2071 οἷπόδοσις

379 2079 470 2140 εἴη,
498 2081 535 2124 εἰ
558 2077 676 2123 οὕτω
693 2090 786 2134 πως
804 2076 1070 2140 ἀποδοθείη,
1100 2075 1151 2123 τὸ
1170 2076 1385 2139 πηδάλιον
1404 2081 1682 2141 πηδαλιωτοῦ
1701 2094 1787 2142 πη-

379 2213 422 2244 pr
448 2200 571 2233 habuit
594 2198 720 2235 ἄνισον
743 2200 804 2235 καὶ
832 2201 922 2235 ἴσον.
945 2219 991 2225 -
1022 2201 1095 2233 ταῖν
1118 2211 1172 2232 om
1201 2201 1423 2244 ABGdghnu.
1447 2218 1493 2227 -—
1524 2203 1568 2236 23
1591 2200 1633 2237 τὸ
1662 2199 1788 2237 ἄνισον

378 2244 452 2279 τινὶ
471 2243 614 2289 ἄνισον]
639 2246 681 2280 τὸ
709 2242 886 2301 ἀνόμοιον
907 2244 979 2279 τινὶ
995 2242 1171 2298 ἀνόμοιον
1193 2246 1332 2300 Adfgh,
1365 2257 1383 2278 e
1401 2246 1491 2288 prius
1509 2246 1628 2280 habuit
1644 2246 1684 2281 τό
1703 2245 1787 2281 οἱνι-

379 2291 477 2324 σαίτε
503 2302 544 2324 ον
566 2289 637 2324 τινὶ
658 2287 904 2345 οἷνισαίτερον;
934 2287 980 2323 τὰ
1006 2285 1217 2345 ἄνισαίτερα
1226 2288 1370 2342 ἑτέρων
1397 2291 1507 2323 τινῶν
1531 2291 1619 2325 ἴσων
1642 2288 1787 2326 ἄνισαί·

377 2302 501 2389 agag
523 2341 557 2366 et
577 2347 637 2390 pr
645 2346 668 2367 7ι
692 2335 750 2378 qui
769 2336 820 2367 bis
840 2331 949 2368 ανισα
970 2346 1066 2374 corr,
1098 2333 1140 2367 τὸ
1167 2331 1343 2377 α’νόμοιον
1365 2333 1437 2367 τινὶ
1460 2331 1636 2377 ἀνόμοιον
1660 2336 1722 2370 καὶ
1741 2333 1783 2371 τὸ

377 2375 506 2413 ἄνισον
520 2379 593 2412 τινὶ
614 2375 741 2413 ἄνισον
759 2379 826 2419 Cu,
851 2380 908 2421 qui
924 2376 1151 2423 ἀνισαίτερον
1169 2379 1222 2410 bis
1246 2390 1334 2410 corr.
1359 2397 1400 2402 —
1430 2379 1473 2411 24
1495 2378 1549 2422 δε]
1571 2378 1611 2414 δὲ
1626 2377 1673 2414 τὰ
1694 2379 1787 2426 πρός

376 2436 411 2457 τι
430 2424 598 2478 Ccfghub,
621 2435 699 2456 corr
720 2435 751 2456 α.
775 2442 821 2448 —-
860 2422 1084 2477 ἐπιδέχονται
1102 2425 1147 2464 ef.
1173 2441 1217 2447 —·
1253 2421 1315 2455 καὶ
1330 2421 1371 2456 τὸ
1391 2434 1506 2477 ‚vlttov
1529 2425 1719 2469 Cdefgabu.
1741 2443 1785 2451 —

377 2469 420 2501 95
438 2467 504 2501 οὐκ
519 2465 721 2510 ἐπιδέχεται
736 2466 778 2501 τὸ
796 2468 932 2521 μᾶλλον
947 2467 1008 2501 καὶ
1027 2466 1085 2510 (τὸ
1108 2468 1194 2510 Cdf)
1209 2460 1332 2510 ἦττον,
1357 2464 1443 2500 οὐδὲ
1457 2468 1569 2510 ACdf.
1592 2488 1637 2495 —
1659 2471 1702 2503 29
1714 2469 1783 2523 λέγ.

376 2512 508 2551 δοῦλος
526 2523 578 2544 en.
590 2514 685 2546 —30
701 2509 891 2556 δεσπότης]
915 2512 1014 2546 δεσπ.
1038 2511 1178 2566 λέγεται
1196 2522 1252 2555 eg,
1278 2511 1378 2545 δεσπ.
1396 2509 1465 2553 λέγ.
1483 2509 1577 2546 εἶναι
1599 2514 1631 2545 d.
1642 2530 1687 2538 —
1702 2510 1786 2558 ἡμί-

376 2566 464 2595 σεως
484 2568 524 2599 pr
543 2556 638 2591 BCd.
661 2575 707 2582 —
725 2525 938 2613 διπλάσιον]
967 2558 1063 2590 διπλ.
1091 2554 1230 2600 λέγεται
1253 2566 1281 2588 e.
1306 2574 1350 2580 -
1381 2557 1424 2589 33
1447 2555 1517 2600 τήν
1542 2569 1582 2600 pr
1608 2569 1662 2589 orn
1682 2558 1714 2590 d.
1741 2577 1784 2584 -·

376 2597 456 2643 34ἠ
473 2611 570 2633 ome
593 2618 639 2626 ·—
663 2599 892 2635 37132vcn.·

432 2613 527 2677 η’ῒειι
547 2641 768 2680 ἀποδίδοται
784 2656 839 2690 eg.
864 2664 907 2670 —
937 2646 958 2677 2
978 2643 1093 2689 αὐτῆς
1108 2655 1216 2701 5⁷¹2„
1197 2655 1275 2676 corr
1290 2644 1328 2676 A.
1353 2661 1398 2667 —
1428 2645 1448 2676 3
1464 2641 1615 2688 ὄρνιθος
1638 2647 1707 2690 Ag.
1738 2663 1783 2671 —

373 2684 523 2741 ορνιθες
540 2687 620 2722 οἷον
638 2691 812 2735 νυκτερίς.
861 2686 999 2745 metes·
1022 2707 1068 2714 --
1099 2687 1183 2723 ωστ’
1193 2700 1239 2722 αν
1252 2699 1287 2730 n,
1311 2685 1403 2722 muts
1417 2700 1464 2722 αν
1481 2690 1517 2722 G.
1530 2707 1576 2713 —-
1598 2691 1616 2723 7
1633 2690 1781 2731 πλοίου]

371 2731 439 2766 τοῦ
452 2731 582 2766 πλοίου
603 2734 764 2779 Aedsgh.
787 2751 832 2759 —
855 2747 900 2768 αν
919 2746 953 2767 τι
975 2750 1021 2760 -·
1044 2731 1250 2776 ἀποδοθείη
1267 2743 1295 2765 e.
1320 2751 1361 2757 —
1383 2733 1406 2766 8
1420 2734 1556 2775 γίνεται
1577 2745 1631 2767 om
1650 2737 1719 2777 ens.
1740 2754 1780 2760 —

373 2777 414 2811 10
431 2774 613 2822 πηδάλιον
628 2789 681 2814 ne.
704 2797 749 2804 --
781 2777 839 2814 διὸ
857 2778 919 2813 καὶ
934 2774 1002 2814 οὐκ
1018 2789 1052 2814 π.
1074 2796 1120 2804 -
1153 2778 1193 2811 12
1208 2789 1285 2817 πως
1303 2788 1358 2810 om
1375 2787 1403 2811 e.
1430 2796 1472 2803 —
1496 2776 1672 2824 ἀποδοθῇ
1690 2790 1719 2814 e.
