1884 3100
605 203 995 238 KATHFOPIAI.
1477 199 1533 240 87

82 303 129 351 ἓν
153 300 432 368 ὑποκειμένῳ
461 302 511 349 δὲ
530 303 619 350 οὐκ
639 303 774 350 ἔστιν·
819 299 880 348 οὐ
897 300 983 363 γὰρ
1001 300 1047 348 ἐν
1063 302 1126 366 τῷ
1142 299 1228 346 τινὶ
1246 296 1476 364 α’νθρῶπῳ
1504 296 1531 345 ὁ

82 368 327 432 ἄνθρωπός
342 369 470 417 ἐστιν.
506 367 722 428 ὦσαὺτως
741 370 788 417 δὲ
807 370 882 416 καὶ
906 366 960 416 τὸ
982 371 1098 435 ζῷον
1118 364 1224 414 καθ’
1236 363 1535 427 ὑποκειμένου

86 438 165 500 μὲν
185 438 354 500 λέγεται
372 442 457 485 τοῦ
474 436 601 497 τινὸς
623 436 898 500 α’νθροίπου,
932 435 1022 483 οὐκ
1056 437 1146 483 ἔστι
1177 435 1226 482 δὲ
1255 432 1309 482 τὸ
1340 436 1457 500 ζῷον
1488 433 1535 480 ἐν

82 510 143 572 τῷ
165 507 249 553 τινὶ
268 504 511 572 ἀνθρώπῳ.
557 506 618 554 ἔτι
638 506 687 553 δὲ
702 508 794 552 τῶν
816 504 864 552 ἐν
881 502 1161 570 ὑποκειμένῳ
1185 501 1326 550 ὄντων
1364 499 1417 549 τὸ
1455 501 1535 562 μὲν
1551 517 1585 545 1⁵

84 572 227 634 ὄνομα
252 571 388 620 οὐδὲν
405 572 566 620 κωλύει
592 573 938 637 κατηγορεῖσθαί
964 584 1070 619 ποτε
1095 575 1183 618 τοῦ
1214 568 1530 631 ὑποκειμένου,

80 638 163 688 τὸν
182 641 230 686 δὲ
247 639 386 701 λόγον
411 638 646 688 α’δύνατον.
682 645 773 688 τῶν
794 641 842 687 δὲ
862 639 1080 700 δευτέρων
1090 637 1263 685 οὐσιῶν
1273 642 1531 702 κατηγορεῖ-

80 726 153 755 ται
179 708 255 754 καὶ
285 705 312 754 ὁ
338 706 476 770 λόγος
506 706 619 755 κατὰ
651 713 738 756 τοῦ
765 706 1068 768 ὑποκειμένου
1095 708 1171 753 καὶ
1192 704 1415 767 τοῦνομα·
1449 702 1532 752 τὸν

80 773 166 839 γὰρ
186 778 271 822 τοῦ
291 772 545 836 ἀνθρώπου
564 776 704 839 λόγον
720 773 832 823 κατὰ
854 779 941 822 τοῦ
960 773 1083 833 τινὸς
1114 773 1366 835 ἀνθρώπου
1392 790 1532 836 κατη-

80 842 297 907 γορήσεις,
340 845 416 890 καὶ
436 842 519 891 τὸν
539 848 626 891 τοῦ
646 844 767 910 ζῴου
793 842 1020 901 ώσαύτως.
1086 839 1200 888 ὥστε
1228 839 1316 888 οὐκ
1335 838 1393 887 ἂν
1411 842 1478 903 εἴη
1499 838 1531 904 ἡ
1546 859 1582 888 20

84 909 220 958 οὑσία
236 914 326 956 τῶν
348 910 394 958 ἐν
410 909 701 977 ὑποκειμένῳ.
737 910 744 948 ¹
766 909 853 958 οὐκ
875 913 990 958 ἴδιον
1010 911 1058 957 δὲ
1076 914 1215 957 τοῦτο
1232 907 1408 965 οὐσίας,
1447 906 1531 954 022-

81 976 139 1025 λά
169 978 246 1024 καὶ
278 975 308 1040 ἡ
340 977 540 1040 διαφορὰ
568 983 660 1026 τῶν
691 977 754 1042 μή
792 979 838 1026 ἐν
866 977 1141 1044 ὑποκειμένῳ
1162 978 1290 1023 ἐστίν.
1357 973 1412 1022 τὸ
1444 972 1531 1038 γὰρ

81 1043 220 1103 πεζὸν
249 1045 324 1090 καὶ
342 1043 398 1092 τὸ
422 1047 586 1093 δίπουν
603 1045 709 1093 καθ’
727 1045 1029 1107 ὑποκειμένου
1057 1046 1135 1105 μὲν
1153 1045 1319 1106 λέγεται
1342 1046 1428 1091 τσῦ
1450 1041 1532 1089 οἷν-

82 1112 292 1173 θρῶπσυ,
310 1110 644 1179 ἕνὺποκειμένῳ
663 1114 712 1160 δὲ
730 1112 818 1160 οὐκ
836 1114 951 1160 ἔστιν
962 1130 972 1140 ·
995 1111 1056 1159 οὐ
1074 1110 1160 1174 γὰρ
1172 1112 1218 1158 έν
1226 1115 1289 1177 τῷ
1302 1108 1533 1176 ἀνθρώπῳ

83 1181 172 1228 ἐστὶ
187 1177 239 1227 τὸ
262 1180 426 1227 δίπουν
443 1178 478 1244 ἢ
498 1179 552 1228 τὸ
572 1181 721 1239 πεζόν.
781 1181 856 1226 καὶ
888 1179 915 1227 ὁ
947 1179 1084 1241 λόγος
1101 1180 1149 1225 δὲ
1179 1182 1483 1242 κατηγορεῖται
1504 1174 1531 1223 ὁ
1547 1194 1584 1223 25

82 1252 163 1312 τῆς
180 1251 422 1309 διαφορᾶς,
461 1247 567 1295 καθ’
597 1242 658 1295 οὑ
687 1245 744 1295 ἃν
774 1248 950 1310 λέγηται
978 1245 1006 1310 ἡ
1038 1245 1252 1307 διαφορά,
1292 1242 1390 1291 οἷον
1419 1241 1532 1290 εἰτὸ

83 1314 220 1375 πεζὸν
239 1314 352 1362 κατὰ
377 1314 631 1378 ἀνθρώπου
645 1316 826 1378 λέγεται,
846 1316 921 1361 καὶ
944 1312 970 1362 ὁ
995 1313 1132 1375 λόγος
1154 1311 1180 1359 ὁ
1201 1316 1288 1359 τοῦ
1300 1315 1441 1370 πεζοῦ
1449 1329 1533 1358 κα-

1592 834 1595 835 ⁷
1609 815 1616 834 1

85 1382 442 1447 τηγορηθήσεται
452 1388 539 1430 τοῦ
560 1382 836 1445 ἀνθρώπου·
857 1381 1083 1444 πεζὸνγάρ
1096 1382 1212 1428 ἐστιν
1235 1378 1262 1427 ὁ
1277 1378 1532 1441 ἄνθρωπος.

84 1450 146 1515 μή
182 1451 423 1512 ταραττέτω
465 1452 513 1498 δὲ
545 1450 668 1514 ἡμᾶς
696 1449 751 1498 τά
779 1451 892 1514 μέρη
921 1454 1012 1497 τῶν
1040 1447 1214 1496 οὐσιῶν
1242 1446 1306 1506 ὦς
1337 1448 1382 1494 ἐν
1411 1445 1532 1494 ὑπο-

84 1519 297 1579 κειμένοις
318 1517 426 1566 ὄντα
442 1525 537 1577 τοῖς
559 1517 697 1577 ὅλοις,
727 1518 790 1582 μή
810 1533 918 1565 ποτε
950 1516 1306 1580 ἄναγκασθῶμεν
1332 1513 1420 1562 οὐκ
1448 1512 1533 1562 οὑ-
1549 1530 1586 1558 so

85 1587 184 1644 σίας
215 1584 330 1633 αὐτοὶ
360 1585 551 1647 φάσκειν
578 1584 710 1634 εἶναι·
754 1585 814 1634 οὔ
834 1584 920 1648 γὰρ
954 1582 1077 1632 οὕτω
1093 1583 1148 1631 τά
1178 1584 1224 1631 ἐν
1254 1582 1534 1649 ὑποκειμένῳ

86 1654 250 1718 ἐλέγετο
271 1652 327 1700 τιὶ
353 1652 417 1712 ὥς
431 1655 545 1718 μέρη
562 1653 822 1716 ὑπάρχοντα
847 1654 894 1701 ἕν
908 1671 1005 1700 τινι.
1513 1657 1543 1662 ”

208 1720 421 1783 Ὑπάρχει
443 1724 491 1769 δὲ
507 1728 602 1780 ταῖς
622 1723 801 1780 οὐσίαις
819 1722 895 1768 καὶ
915 1726 1012 1778 ταῖς
1037 1722 1278 1781 διαφοραῖς
1299 1715 1355 1763 τὰ
1389 1714 1536 1763 πάντα

85 1788 362 1849 συνωνύμως
383 1787 475 1835 οέπὸ
493 1790 664 1836 τούτων
681 1790 903 1851 λέγεσθαι.
948 1791 1091 1834 πᾶσαι
1109 1784 1196 1848 γὰρ
1214 1786 1260 1831 αἱ
1280 1782 1357 1831 ἀπ)
1384 1781 1538 1830 αὐτῶν

85 1857 345 1920 κατηγορίαι
372 1853 472 1919 ἤτοι
502 1855 613 1903 κατιὶ
646 1860 737 1903 τοῖν
769 1854 945 1916 ιΞτόμων
986 1856 1337 1916 κατηγοροῦνται
1361 1848 1395 1914 ἢ
1423 1847 1536 1897 κατὰ
1551 1864 1587 1892 8⁵

85 1928 178 1970 τῶν
199 1924 346 1971 εἰδῶν.
396 1921 488 1969 οἷπὸ
510 1925 589 1984 μὲν
616 1922 701 1985 γὰρ
729 1927 812 1986 τῆς
835 1921 1017 1985 πρώτης
1039 1920 1199 1978 οὐσίας
1232 1917 1421 1980 οὐδεμία
1447 1917 1538 1964 ἐστὶ

87 1991 349 2055 κατηγορία·
381 1988 475 2036 κατ’
493 1988 686 2048 οὐδενὸς
712 1988 800 2052 γὰρ
822 1988 1124 2050 ὑποκειμένου
1152 1987 1339 2049 λέγεται·
1373 1989 1465 2032 τῶν
1487 1985 1536 2031 δὲ

86 2058 305 2120 δευτέρων
331 2055 504 2105 οὐσιῶν
529 2056 583 2105 τὸ
616 2059 696 2119 μὲν
726 2054 842 2116 εἶδος
877 2054 989 2103 κατὰ
1021 2059 1106 2103 τοῦ
1135 2053 1314 2116 ἀτόμου
1345 2069 1536 2116 κατηγο-

1548 1626 1559 1658 Ι

182 2212 225 2245 12
249 2209 332 2256 οὑκ]
363 2208 491 2247 οὐδενὶ
518 2224 554 2245 u.
588 2230 635 2238 —
683 2212 726 2247 14
752 2210 820 2256 μὲν
851 2223 908 2245 om
939 2222 967 2244 e.
996 2229 1039 2235 —
1090 2210 1131 2244 15
1160 2207 1218 2253 δὲ]
1246 2205 1373 2242 δὲκαὶ
1398 2216 1446 2250 g,
1480 2217 1537 2238 om

89 2269 119 2291 c.
152 2276 199 2282 —-
246 2258 288 2290 16
311 2255 403 2291 ποτὲ
426 2258 717 2303 κατηγορεῖσθαι
746 2269 781 2291 π.
819 2276 865 2282 -
909 2256 980 2291 τοῦ
1006 2253 1254 2299 ὑποκειμένου
1290 2249 1382 2287 ποτὲ
1415 2262 1454 2296 g.
1491 2268 1538 2276 —·

91 2303 133 2337 17
159 2302 207 2334 alt
234 2301 291 2346 δὲ]
319 2300 361 2336 δέ
387 2315 428 2346 γε
453 2316 510 2337 πυ.
542 2323 589 2328 --
631 2303 674 2336 18
696 2315 737 2346 pr
762 2301 843 2346 καὶ]
872 2300 1042 2345 τοῦνομα
1067 2300 1132 2335 καὶ
1156 2313 1191 2335 n.
1215 2318 1263 2324 —-
1298 2294 1397 2332 κατὰ
1422 2307 1480 2329 om
1505 2306 1535 2329 e.

88 2367 131 2375 —
174 2346 245 2403 καὶι
262 2346 430 2392 τοῦνομα
456 2361 513 2382 om
539 2361 573 2382 n.
605 2367 649 2373 —
692 2349 738 2382 20
767 2344 943 2388 ώσαύτως
968 2359 1025 2380 om
1048 2358 1089 2390 g,
1114 2358 1156 2389 pr
1181 2358 1215 2378 n.
1253 2363 1298 2369 —-
1338 2339 1433 2376 ὥστε
1457 2352 1538 2374 corr

27 2415 29 2417 -
89 2406 123 2428 n·
148 2411 190 2418 --
222 2405 244 2437 η
272 2406 329 2427 om
354 2406 433 2428 une.
457 2414 504 2419 ——
536 2390 647 2428 ου’σία
674 2405 730 2426 om
756 2406 786 2428 e.
817 2412 858 2418 —-
891 2395 933 2427 21
963 2393 1077 2427 τοῦτο
1103 2392 1169 2434 τῆς
1192 2387 1321 2428 οὐσίας
1352 2401 1395 2432 pr
1427 2387 1467 2420 Α.
1492 2404 1540 2412 -

15 2457 24 2474 .-
89 2438 205 2474 τοῦτο
224 2447 307 2483 post
328 2438 459 2480 ου’σίας
474 2442 625 2485 sgnuae.
652 2458 694 2464 —
727 2439 773 2471 22
799 2436 1054 2479 ὑποκειμένων
1074 2437 1108 2470 Ῑι.
1135 2454 1178 2460 -
1210 2434 1268 2479 τὸ]
1291 2433 1333 2468 τὸ
1353 2432 1420 2476 μὲν
1438 2443 1468 2466 e.
1493 2450 1540 2457 —

6 2488 23 2499 ’·
91 2486 136 2520 23
150 2481 217 2528 μὲν
237 2497 293 2516 om
318 2497 373 2519 ne.
396 2505 441 2511 —
466 2486 552 2530 τοῦ]
572 2485 642 2519 τοῦ
659 2480 831 2529 uvc'zgfg.
857 2505 899 2510 —
923 2484 969 2517 24
989 2479 1078 2518 ου’δὲ
1097 2478 1207 2526 γὰρῙ
1233 2508 1240 2515 .
1265 2499 1311 2505 -
1336 2478 1375 2513 ἐν
1388 2475 1539 2512 ὑποκει-

90 2529 189 2576 μένῳ
205 2526 248 2564 τό
268 2530 406 2566 δίπουν
418 2533 453 2575 f.
475 2550 522 2559 —
543 2531 589 2566 25
607 2528 649 2564 τὸ
672 2531 807 2564 δίπουν
825 2528 900 2564 ἐστὶ
920 2530 977 2562 Ce.
1002 2548 1045 2553 —-
1071 2524 1114 2572 ἢ]
1134 2523 1223 2561 ου’δε
1242 2536 1327 2569 nug.
1356 2543 1398 2550 —
1421 2523 1466 2557 26
1484 2519 1539 2556 λέ-

90 2587 196 2620 γεται
214 2575 251 2616 Ιι,
277 2588 319 2618 pr
339 2589 373 2610 π.
397 2596 440 2602 -—
473 2579 519 2612 27
535 2575 647 2620 κατὰ]
669 2573 767 2609 κατὰ
784 2576 852 2610 τοῦ
870 2575 1041 2618 ACmgh,
1059 2574 1126 2607 τοῦ
1151 2584 1230 2604 corr
1247 2571 1281 2604 h.
1308 2589 1349 2594 —
1381 2567 1540 2623 livera-1]

91 2624 352 2666 κατηγορεῖται
367 2634 395 2657 e.
412 2642 457 2649 —·
476 2623 527 2656 alt
553 2620 572 2657 ὁ
597 2634 652 2655 om
672 2634 762 2654 u.—
784 2622 830 2655 28
847 2618 866 2656 ὁ
886 2632 942 2653 om
963 2621 1000 2654 C.
1014 2637 1056 2643 -
1082 2618 1127 2651 29
1142 2615 1239 2659 ὑμᾶς
1254 2626 1312 2668 ‚²¹2-
1339 2633 1382 2640 —
1407 2615 1453 2648 30
1468 2612 1538 2668 μη]

94 2663 236 2710 σώμασι
250 2664 301 2712 μὴ
324 2680 359 2701 ιι-
384 2686 429 2694 ·-
461 2670 506 2702 32
519 2666 581 2712 τὰ]
602 2665 695 2702 ἀλλὰ
713 2663 760 2701 τὰ
777 2663 844 2710 μὲν
864 2678 893 2699 e.
916 2683 964 2690 -·
1001 2664 1090 2706 τινι]
1112 2675 1208 2702 τινι,
1240 2658 1334 2695 αλλὰ
1352 2658 1401 2714 ’τὰ
1420 2658 1472 2703 μὴ
1490 2671 1542 2697 ως

122 2709 186 2756 ἕρη
202 2723 243 2756 g·
266 2732 311 2738 —
335 2714 380 2748 34
398 2709 480 2756 ἄπ’]
500 2715 549 2748 τὰ
566 2709 629 2748 ἀπ’
653 2714 710 2746 Ce.
734 2730 780 2736 —-
803 2707 867 2745 ἀπ’
888 2706 1015 2744 αὐτῶν
1032 2710 1073 2741 A.
1099 2727 1138 2732 —
1167 2708 1212 2740 35
1228 2718 1271 2750 pr
1281 2718 1378 2740 κατα
1389 2716 1446 2738 om
1457 2716 1542 2738 e.—

94 2756 135 2811 ²4]
152 2753 178 2810 ᾖ
192 2756 305 2791 81128·
327 2777 374 2786 ·—
397 2760 442 2795 36
458 2759 540 2804 τῆς]
558 2759 636 2795 ταῖν
657 2755 808 2801 ἀτόμων
825 2767 854 2790 e.
880 2774 925 2782 —
959 2753 1163 2799 κατηγορία
1183 2751 1260 2787 ἐστὶ
1275 2762 1315 2798 g.
1338 2770 1384 2776 —-
1407 2749 1452 2785 38
1466 2748 1542 2785 τῶν

96 2813 246 2846 “tefam
261 2813 296 2836 u.
