1826 3112
335 188 414 227 168
843 191 1243 225 ΑΝΑΛΤΤΙΚΩΝ

336 303 476 346 χεται,
518 284 570 333 τὸ
593 289 630 331 Α
659 284 719 347 μὴ
747 287 994 346 ἐνδέχεσθαι
1027 285 1144 332 τοῦτ’
1171 279 1251 348 ἦν,
1284 283 1335 332 vd
1356 287 1490 348 μηδὲν
1510 286 1754 334 ἀπολείπειν

305 356 421 399 ὁτῶν
441 350 532 398 υπὸ
566 350 616 398 τὸ
644 355 681 397 Β
714 352 1006 412 ἐνδεχομένων.
1040 350 1143 398 ὅταν
1172 354 1217 398 δε·
1242 350 1292 398 τὸ
1321 356 1357 398 Α
1384 353 1510 399 παντὶ
1540 356 1604 417 τῷ
1626 356 1663 398 Β
1682 353 1752 399 ἐν-

337 419 533 480 δέχηται,
577 415 627 463 τὸ
661 418 707 462 δὲ
728 422 764 463 Β
791 419 1007 480 ἐνδέχηται
1038 420 1187 480 μηδενὶ
1214 421 1276 482 τῷ
1297 421 1359 475 Γ,
1395 417 1466 464 διά
1485 419 1562 477 μὲν
1586 422 1671 464 τῶν
1694 419 1754 464 εἰ-

335 485 562 546 λημμένων
580 483 833 541 προτάσεων
858 484 1006 540 ου’δεὶς
1025 487 1181 545 γίνεται
1203 483 1505 543 συλλογισμός,
1527 482 1754 542 ἀντιστρα-

336 551 494 611 φείσης
535 550 580 595 δὲ
621 552 698 610 τῆς
728 553 812 595 ΒΓ
846 549 953 596 κατὰ
999 549 1049 596 τὸ
1081 551 1328 610 ἐνδέχεσθαι
1367 551 1524 610 γίνεται
1564 548 1589 595 6
1623 546 1755 605 αὐτὸς

337 613 469 674 ὅσπερ
489 614 715 672 πρότερον.
751 616 836 662 ἐπεὶ
852 615 933 677 γάρ
956 617 1163 676 ἐνδέχεται
1181 615 1231 661 τὸ
1255 620 1291 661 Β
1311 617 1457 677 μηδενὶ
1472 619 1535 679 τῷ
1557 619 1602 660 Γ
1610 613 1755 675 ὑπάρ-

286 701 319 728 10
336 698 436 740 χειν,
471 681 678 764 ἐνδέχεται
697 683 766 727 και
790 684 912 727 παντὶ
939 680 1169 741 ὑπάρχειν
1204 685 1338 727 τοῦτο
1364 680 1402 726 δ’
1420 683 1582 742 ειρηται
1599 680 1754 738 πρότε-

335 764 425 804 ρον.
475 743 574 791 ωστ’
603 747 640 792 εἰ
664 745 714 792 τὸ
743 748 819 807 μὲν
841 752 878 794 Β
910 749 1037 793 παντὶ
1061 752 1124 811 τῷ
1149 751 1194 792 1
1198 781 1210 803 ,
1253 745 1302 792 τὸ
1332 745 1370 792 δ’
1392 751 1428 792 A
1459 748 1586 792 παντὶ
1617 749 1680 810 τῷ
1702 749 1754 827 Β,

333 810 502 857 πάλιν
481 830 506 857 ο
530 810 662 868 αυτὸς
681 814 839 872 γίνεται
859 813 1162 873 συλλογισμος.
1219 810 1381 870 ὁμοίως
1416 813 1461 857 δὲ
1488 813 1562 856 καὶ
1590 813 1626 856 εἰ
1643 792 1754 870 πρὸς

335 876 582 938 άιιφοτέρας
599 875 675 934 τὰς
696 878 929 938 προτάσεις
952 877 979 940 ἡ
1004 877 1230 936 ἀπόφασις
1245 877 1389 938 τεθείη
1408 874 1511 935 μετά
1531 880 1616 921 τοῦ
1637 877 1753 922 ἐνδέ-

334 948 503 1002 χιε-σθαι.
560 944 668 1003 λέγω
702 943 739 988 6'
770 942 863 990 οἷον
899 945 936 989 εἰ
966 943 1016 988 τὸ
1036 947 1073 988 A
1105 943 1313 1002 ἐνδέχεται
1342 943 1491 1003 μηδενὶ
1522 946 1608 987 τῶν
1628 943 1754 988 Βκαὶ

287 1028 320 1055 15
335 1007 384 1053 τὸ
404 1012 441 1053 Β
462 1010 611 1089 μηδενὶ
635 1012 720 1054 τῶν
741 1013 801 1054 Γ·
829 1007 900 1054 διά
925 1027 1002 1067 μεν
1022 1007 1104 1068 γάρ
1122 1012 1206 1053 τῶν
1229 1009 1489 1089 εἰληιιιιένων
1500 1007 1755 1066 προτάσεων

337 1072 484 1129 ουδεὶς
499 1074 657 1134 γίνεται
679 1075 985 1135 συλλογισμός,
1009 1073 1405 1139 ἀναστρεφομένων
1423 1074 1469 1119 δε
1490 1072 1654 1118 πάλιν
1632 1091 1657 1118 ο
1670 1071 1754 1119 αὐ-

335 1137 409 1195 τὸς
431 1139 546 1184 ε’σται
567 1158 626 1195 ως
644 1141 715 1185 καὶ
737 1141 958 1221 πρότερον.
993 1138 1189 1199 φανερὸν
1207 1140 1293 1185 οὐν
1314 1137 1378 1184 ὅτι
1397 1143 1474 1200 τῆς
1493 1137 1756 1198 ἀποφάσεως

333 1205 560 1266 τιθεμένης
593 1203 704 1262 πρὸς
736 1204 787 1251 τὸ
823 1207 994 1252 ελαττον
1028 1223 1166 1264 ακρον
1197 1202 1230 1266 ἢ
1264 1203 1377 1262 πρὸς
1401 1203 1653 1287 ἀμφοτέρας
1675 1202 1754 1260 τὰς

335 1270 566 1328 προτάσεις
603 1268 633 1333 ἢ
659 1269 716 1317 οὐ
748 1273 903 1332 γίνεται
944 1271 1259 1332 συλλογισμός,
1303 1268 1333 1331 ἢ
1367 1271 1525 1331 γίνεται
1552 1288 1630 1329 μεν
1660 1268 1753 1315 ἀλλ’

286 1358 320 1385 20
336 1335 395 1383 οὐ
417 1337 576 1392 τέλειος
589 1354 598 1362 ·
634 1337 679 1382 ἐκ
700 1335 782 1397 γάρ
803 1341 880 1398 τῆς
902 1335 1196 1397 άντιστροφῆς
1214 1338 1369 1396 γίνεται
1388 1335 1438 1381 τὸ
1458 1334 1704 1395 άναγκαῖον.

467 1400 571 1447 Ἐάν
594 1400 632 1447 δ’
654 1400 773 1464 ἡμὲν
782 1404 984 1448 καθόλου
1003 1407 1090 1448 τοῖν
1109 1401 1358 1459 προτάσεων
1375 1400 1403 1463 ἡ
1424 1399 1462 1447 6’
1478 1402 1521 1447 ἐι·
1540 1403 1658 1460 μέρει
1674 1405 1754 1463 λη-

337 1471 451 1528 φθῇ,
464 1466 578 1526 πρὸς
589 1468 664 1527 μὲν
676 1467 725 1513 τὸ
738 1473 881 1527 μεῖζον
895 1467 1030 1526 ἄκρον
1042 1468 1237 1550 κειιιένης
1248 1472 1328 1529 τῆς
1339 1467 1540 1513 καθόλου
1550 1470 1755 1526 συλλογι-

337 1531 447 1592 σμὸς
466 1535 580 1579 εσται
599 1534 768 1590 τέλειος.
813 1536 851 1580 εἰ
869 1532 951 1594 γάρ
970 1533 1021 1580 τό
1037 1539 1073 1580 Α
1094 1535 1219 1579 παντὶ
1233 1551 1291 1596 τῳ
1276 1537 1341 1578 Β
1354 1534 1573 1593 ἐνδέχεται,
1596 1551 1647 1578 το
1635 1530 1705 1578 δε
1718 1535 1756 1578 Β

335 1600 417 1644 τινὶ
440 1604 503 1663 τῷ
521 1604 573 1657 Γ,
606 1598 655 1645 τὸ
673 1605 710 1645 Α
720 1602 800 1645 τινὶ
812 1619 871 1664 τῳ
857 1604 931 1645 Γ
943 1600 1160 1660 ἐνδέχεται.
1196 1603 1327 1644 τοῦτο
1340 1600 1385 1644 δε
1405 1617 1598 1658 φανερον
1616 1599 1662 1644 ἐκ
1672 1601 1756 1644 τοῦ

285 1684 320 1712 25
337 1646 526 1724 ὁρισμοῦ
544 1669 629 1711 τοῦ
648 1667 894 1725 ἐνδέχεσθαι
905 1668 1043 1711 παντί.
1078 1666 1210 1711 πάλιν
1221 1662 1317 1710 εἰτὸ
1341 1669 1376 1709 Α
1389 1665 1432 1710 ἐι
1425 1665 1594 1724 δεχεται
1601 1664 1756 1725 μηδενὶ

334 1735 398 1794 τῷ
412 1735 462 1787 Β,
497 1749 548 1776 το
563 1732 608 1776 δε
622 1733 748 1776 Βτινὶ
760 1736 849 1777 τῶν
861 1735 905 1777 Γ
921 1732 1126 1790 ἐνδέχεται
1145 1728 1366 1788 υπάρχειν,
1402 1729 1455 1774 οῗι
1458 1731 1567 1792 άγκη
1578 1728 1675 1775 τὸΑ
1687 1729 1757 1774 ἐν-

335 1797 541 1857 δεχεσθαι
549 1815 630 1842 τινι
650 1797 734 1842 τῶν
746 1801 791 1842 Γ
806 1795 1101 1859 μηὺπάρχειν.
1139 1794 1354 1852 ἀπόδειξις
1373 1794 1411 1841 δ’
1424 1794 1451 1857 ἡ
1468 1794 1591 1857 αὐτή.
1626 1792 1756 1840 ἐὰνδὲ

335 1861 771 1945 στερητικηληφθῆ’
747 1882 772 1924 η
788 1864 833 1909 ἐν
855 1864 971 1923 μέρει
991 1861 1212 1920 πρότασις,
1230 1860 1259 1923 ἡ
1281 1863 1326 1907 δε
1336 1861 1543 1907 καθολου
1554 1877 1755 1920 καταφα-

333 1946 443 1990 τικη,
454 1947 505 1988 τη
489 1931 564 1974 δε
576 1930 697 1975 θέσει
714 1927 875 1987 ὁμοίως
887 1930 1051 1988 εχωσιν,
1071 1925 1165 1972 οἷον
1175 1925 1224 1972 τὸ
1235 1945 1312 1985 ιιεν
1325 1932 1360 1971 Α
1371 1928 1497 1972 παντὶ
1509 1945 1568 1990 τῳ
1554 1930 1621 1972 Β
1635 1925 1752 1972 ἑνδέ-

284 2012 472 2073 εοχηται,
499 1992 549 2039 τὸ
575 1995 621 2039 δε
647 1998 683 2039 Β
715 1996 795 2039 τινὶ
824 1998 888 2057 τῷ
911 1998 956 2039 Γ
984 1993 1199 2053 ἐνδέχηται
1227 2010 1286 2053 μη
1316 1972 1551 2051 ὑπάρχειν,
1586 1989 1658 2036 διά
1679 1991 1757 2050 μεν

334 2064 421 2106 τῶν
440 2060 702 2121 εἰλημμένων
720 2059 972 2119 προτάσεων
991 2077 1048 2104 ου
1067 2059 1224 2119 γίνεται
1243 2055 1431 2117 φανερὸς
1449 2055 1756 2117 συλλογισμός,

335 2125 696 2186 α’ντιστραφείσης
717 2127 762 2171 δε
781 2144 861 2187 της
881 2125 924 2171 ἐν
942 2125 1056 2184 μέρει
1078 2125 1151 2168 καὶ
1171 2124 1369 2179 τεθέντος
1387 2127 1468 2169 τοῦ
1488 2127 1524 2168 Β
1540 2124 1622 2168 τινὶ
1642 2140 1702 2186 τῳ
1686 2125 1762 2168 Γ

337 2192 581 2251 ἐνδέχεσθαι
616 2189 824 2251 ὑπάρχειν
856 2189 906 2236 τὸ
930 2209 987 2236 αι
979 2188 1041 2236 ’τὸ
1060 2190 1176 2235 ε’σται
1195 2202 1246 2234 σι
1245 2189 1481 2248 μπέρασμα
1506 2186 1531 2234 6
1550 2189 1622 2233 καὶ
1642 2168 1757 2247 πρό-

334 2276 483 2319 τερον,
513 2256 713 2318 καθάπερ
744 2259 787 2303 ἐν
814 2263 904 2314 τοῖς
930 2255 975 2312 ἐξ
1000 2255 1148 2318 οἷρχης.
1192 2253 1265 2302 ἐάν
1288 2254 1325 2301 δ’
1345 2254 1373 2318 ὴ
1401 2253 1513 2316 πρὸς
1534 2252 1583 2300 τὸ
1609 2257 1756 2314 μεῖζον

423 2414 445 2446 4
463 2411 511 2455 μὴ
534 2425 588 2446 om
605 2426 640 2446 n.
677 2433 717 2439 -
750 2415 770 2447 9
790 2410 908 2458 ὥσπερ
929 2414 1022 2453 Adn,
1055 2411 1154 2447 ἔσται
1175 2407 1284 2455 οσπερ
1301 2422 1353 2452 m,
1376 2408 1487 2456 ὅσπερ
1504 2409 1567 2444 καὶ
1584 2411 1619 2451 ἰ,
1642 2422 1682 2453 pr
1700 2410 1756 2453 Cf,

335 2454 453 2512 ὥσπερ
474 2457 536 2491 καὶ
556 2469 634 2490 corr
654 2459 691 2492 C.
714 2478 759 2484 —
786 2460 821 2491 ll
846 2457 922 2492 ἐπεὶ
942 2459 1035 2499 Bsin.
1063 2477 1099 2482 -
1131 2458 1167 2488 12
1185 2456 1412 2507 γενήσεταιῙ.
1429 2475 1471 2480 -
1502 2456 1539 2488 14
1556 2454 1682 2497 μηδενὶ
1701 2453 1755 2488 ἐν·

335 2502 477 2544 δέχεται
495 2503 544 2548 τῷ
565 2502 631 2547 fif.
659 2521 698 2527 —
728 2504 767 2536 15
788 2502 839 2547 τῷ
855 2516 875 2545 γ
895 2514 927 2534 ιι.
956 2521 992 2527 —-
1025 2498 1103 2535 17⁰
1082 2512 1192 2545 οσπερ
1214 2501 1294 2542 Bfu.
1317 2495 1471 2543 (fiumen
1493 2501 1582 2532 Laur
1595 2500 1651 2538 72,
1667 2499 1699 2531 4.
1713 2516 1755 2522 —

332 2547 394 2581 καὶ
414 2559 513 2589 supra
533 2559 569 2578 vs
586 2548 624 2579 Β.
651 2566 694 2573 -
717 2548 761 2580 20
773 2537 925 2590 γινεται]
945 2559 1012 2585 nso
995 2559 1051 2577 οοιι
1045 2549 1157 2580 ι’νεται
1171 2547 1225 2587 sn,
1250 2545 1380 2577 cort-A.
1393 2562 1433 2569 —
1458 2545 1501 2576 22
1521 2542 1561 2576 τὸ
1579 2541 1644 2585 μὲν
1663 2554 1696 2574 ιι.
1711 2561 1755 2568 -

333 2593 377 2625 25
393 2593 459 2625 τοῦ
477 2588 570 2625 κατὰ
587 2590 725 2630 παντὸς
743 2592 816 2635 (rc
810 2604 910 2634 supra
925 2603 962 2623 vs
977 2592 1016 2632 d)
1038 2589 1246 2633 ἐνδέχεσθαι
1265 2589 1340 2631 (del
1359 2588 1434 2619 vult
1453 2588 1493 2629 d)
1507 2599 1539 2620 m
1552 2587 1709 2625 Ιιιιιιν72,
1721 2587 1754 2620 4.

333 2654 378 2660 -
401 2636 528 2691 παντί]
551 2634 630 2679 αβγ’
647 2638 744 2670 ABG
768 2637 859 2669 Laur
876 2637 930 2678 72,
946 2636 968 2669 4
985 2643 1018 2667 et
1040 2636 1100 2674 12,
1126 2635 1202 2677 qui
1230 2642 1266 2665 ut
1289 2633 1327 2671 Β,
1354 2633 1470 2665 deleto
1490 2632 1558 2675 αβγ
1583 2642 1754 2674 suprascr.

332 2680 455 2719 παντί,
480 2692 535 2712 om
557 2677 898 2725 AngelC‚3,13‚ofi
943 2692 1020 2712 corr
1038 2691 1060 2711 π
1085 2679 1141 2722 qui
1164 2679 1239 2722 ριβ
1258 2677 1387 2710 habuit.
1412 2695 1452 2701 —
1476 2677 1520 2709 26
1536 2676 1588 2720 τῷ
1590 2688 1624 2731 γ
1642 2676 1756 2707 Cn.—

333 2725 378 2758 29
397 2704 579 2768 ἐνδέχεται
598 2726 738 2760 codices.
763 2743 806 2750 -—
830 2726 872 2759 30
891 2693 1073 2769 ἐνδέχεται
1092 2723 1178 2758 codd
1197 2734 1259 2756 exc
1278 2733 1312 2755 η.
1335 2740 1381 2748 -
1403 2721 1444 2755 31
1464 2718 1623 2767 φανερὸς
1645 2731 1701 2754 om
1719 2731 1754 2753 ιι.
