1838 3086
685 212 1064 248 Hermeneutica.
1539 210 1621 251 333

157 327 260 367 quae
294 325 541 365 nequaquam
584 313 753 365 exprimi
785 316 975 365 poterunt
1002 324 1053 352 ex
1082 310 1130 350 ii·
1158 322 1260 362 quae
1287 315 1618 362 praecesserunt:

154 380 234 418 imo
275 383 315 417 et
353 391 456 428 quae
498 382 718 429 sequuntur
750 377 980 416 Aristotelis
1009 377 1130 416 verba
1158 379 1200 414 et
1227 374 1329 426 quae
1357 377 1463 427 apud
1492 377 1619 415 inter-

156 447 291 494 pretes
314 442 499 493 leguntur
524 443 564 480 in
588 454 636 480 eo
665 441 930 488 consentiunt,
960 440 1065 492 qnod
1089 439 1329 479 Aristoteles
1357 452 1517 479 causam
1546 453 1620 481 cur

155 506 328 546 hominis
366 506 546 544 definitio
585 519 678 544 una
712 505 765 543 sit
793 505 919 543 oratio
949 504 1026 542 hoc
1056 505 1143 542 loco
1173 516 1249 542 non
1277 503 1438 551 indicet,
1469 504 1619 557 quippe

156 585 178 610 a
205 582 284 621 quo
312 571 413 608 haec
442 569 638 620 expositio
666 569 795 607 aiiena
823 569 888 606 sit.
945 568 1124 619 Apparet
1151 568 1274 618 igitur
1302 580 1378 608 non
1409 568 1618 608 ferendum

156 647 247 673 esse
286 634 392 684 quod
433 633 610 671 tulerunt
648 633 739 670 edd.
780 645 919 671 omnes
949 630 1057 672 διότι
1086 628 1139 683 δὴ
1171 645 1325 682 „quare
1351 632 1517 685 igitur'’,
1545 633 1620 672 sed

154 697 407 736 scribendum
438 709 529 735 esse
557 694 611 735 δι’
642 691 667 735 ὅ
693 709 734 735 τι
763 693 809 735 δὲ
837 710 937 745 „cur
965 694 1138 735 antem”.
1170 696 1301 735 Unum
1329 703 1391 735 est
1418 689 1524 748 quod
1549 695 1619 735 'of'

156 761 296 807 fendit‚
321 756 366 799 δὲ
390 760 495 811 quod
515 762 664 812 repetit
688 773 747 799 vs.
775 763 836 808 15,
865 773 1102 811 quamquam
1132 759 1250 810 piane
1279 773 1620 812 supervacaneum

156 829 245 864 est:
285 824 355 862 sed
397 825 595 875 quomodo
632 823 785 862 factum
823 824 876 862 sit
915 828 959 862 ut
986 825 1128 863 iterato
1159 821 1205 863 δὲ
1233 825 1454 863 orationem
1482 826 1621 865 turba-

155 889 278 936 verit,
305 889 343 925 in
372 892 531 939 promtu
561 893 645 927 est:
676 901 796 939 quum
826 888 929 926 enim
959 888 1180 926 orationem
1208 888 1466 940 interruperit
1495 889 1620 928 inter-

151 952 294 1004 positis
318 952 451 990 verbis
480 949 533 991 οὐ
559 948 642 1003 γὰρ
671 948 788 1003 δὴ...
815 947 946 1000 ἔσται,
975 952 1120 1001 prioris
1150 953 1320 990 membri
1347 953 1494 991 oblitus
1522 965 1620 1005 apo-

154 1017 269 1056 dosin
289 1028 367 1054 non
389 1015 490 1054 fecit
517 1016 638 1054 talem
668 1016 795 1066 qualis
823 1016 1056 1054 conveniret
1084 1015 1134 1053 iis
1163 1028 1265 1067 quae
1292 1021 1618 1067 praecesserunt,

154 1093 190 1119 v.
220 1092 321 1131 quae
350 1079 522 1117 diximus
551 1080 601 1118 ad
631 1081 715 1117 141)
732 1082 784 1117 30
812 1084 855 1118 et
883 1080 932 1118 ad
964 1080 1162 1117 l⁷b1.—
1187 1079 1472 1127 Quaestionem
1498 1081 1622 1132 igitur

155 1156 275 1196 quam
314 1143 526 1193 proposuit
553 1148 730 1182 reservat
756 1147 809 1195 τῇ
839 1142 986 1196 πρώτῃ
1015 1141 1267 1195 φιλοσοφίᾳ.
1325 1142 1506 1184 Resolvit
1533 1158 1620 1185 enm

156 1209 261 1248 Met.
296 1207 343 1245 Z.
373 1219 408 1244 c.
438 1207 503 1251 12,
534 1208 586 1246 cf.
617 1210 670 1247 A.
701 1221 734 1246 c.
761 1210 800 1246 6.

102 1273 252 1311 1¹1al4
282 1270 336 1310 οὐ
362 1269 445 1321 γὰρ
475 1268 594 1323 δὴ...
615 1272 790 1311 Uberius
819 1272 898 1310 hoc
927 1271 1090 1324 exponit
1117 1271 1204 1310 init.
1228 1284 1315 1324 cap.
1350 1273 1412 1311 11.

101 1339 248 1376 17:215
277 1329 335 1383 εἷς
354 1334 493 1385 λόγος.
522 1338 724 1375 1457328
752 1329 810 1383 εἷς
838 1334 877 1375 δ’
907 1332 994 1376 ἐστὶ
1019 1334 1148 1387 λόγος
1176 1334 1326 1387 διχῶς·
1354 1334 1383 1389 ἢ
1410 1333 1493 1388 γὰρ
1522 1334 1546 1376 ὁ
1571 1333 1622 1376 ἓν

154 1399 377 1452 σημαίνων
398 1398 425 1452 ἢ
450 1398 474 1440 ὁ
495 1396 541 1439 ἐκ
563 1400 775 1441 πλειόνων
794 1397 1061 1451 συνδέσμων,
1092 1394 1188 1440 οἷον
1215 1399 1243 1453 ἦ
1266 1395 1391 1448 Ἰλιὰς
1417 1399 1495 1453 μὲν
1518 1408 1620 1441 συν-

156 1463 298 1518 δέσμῳ
328 1458 399 1513 εἷς,
427 1463 452 1504 ὁ
479 1462 525 1504 δὲ
553 1463 631 1506 τοῦ
660 1465 900 1516 ἀνθρώπου
933 1469 992 1518 τῷ
1018 1465 1068 1506 ἓν
1096 1464 1333 1517 σημαίνειν.
1383 1466 1495 1504 ldem
1522 1465 1621 1505 dicit

155 1529 299 1568 iisdem
331 1529 418 1568 fere
454 1530 585 1569 verbis
614 1532 778 1571 9:3b35.
817 1531 895 1571 Vix
935 1535 998 1569 est
1033 1531 1138 1581 quod
1177 1542 1410 1569 moneamus
1438 1542 1518 1569 non
1545 1543 1622 1582 pu-

153 1605 277 1646 gnare
305 1606 394 1632 eum
425 1593 485 1631 his
515 1607 616 1644 quae
645 1595 744 1633 dicit
772 1596 947 1633 112a16
976 1598 1059 1642 πᾶς
1087 1593 1111 1634 ὁ
1137 1592 1315 1646 εἰρηκὼς
1342 1593 1492 1634 ὁτιοῦν
1518 1592 1618 1644 τρό-

153 1669 241 1697 πον
274 1655 372 1696 τινὰ
409 1655 545 1696 πολλὰ
579 1656 769 1711 εἴρηκεν,
808 1656 952 1711 ἐπειδὴ
991 1657 1120 1699 πλείω
1158 1656 1320 1712 ἑκάστῳ
1355 1655 1397 1708 ἐξ
1425 1657 1616 1711 ἀνάγκης

154 1719 380 1761 ἄκόλουθά
409 1718 544 1760 ἐστινε
589 1734 679 1760 nam
709 1723 887 1772 quamvis
915 1724 1042 1761 muita
1070 1724 1149 1761 sint
1177 1724 1346 1762 alicuius
1375 1724 1434 1762 rei
1479 1736 1621 1762 conse-

155 1787 329 1836 quentia,
351 1798 417 1823 res
447 1786 536 1835 ipsa
564 1798 642 1822 una
670 1790 817 1823 manet.
850 1787 1024 1823 1016b8
1051 1784 1104 1825 τὰ
1133 1783 1179 1825 δὲ
1207 1786 1386 1837 πρώτως
1411 1785 1621 1837 λεγόμενα

153 1846 203 1888 ἓν
230 1838 293 1887 ὧν
319 1846 348 1901 ἦ
375 1846 504 1887 οὐσία
541 1846 628 1900 μία.
678 1847 754 1898 μία
791 1846 838 1887 δὲ
878 1846 906 1900 ἢ
945 1848 1139 1902 συνεχείᾳ
1175 1847 1203 1901 ἢ
1231 1848 1332 1889 εἴδει
1356 1848 1384 1902 ἢ
1412 1848 1539 1902 λόγῳ,
1568 1851 1622 1892 cf.

157 1913 502 1960 lumbis—28,
531 1926 649 1963 quem
678 1912 822 1959 locum,
849 1914 939 1963 quia
966 1914 1081 1963 plura
1109 1914 1232 1953 habet
1259 1927 1362 1964 quae
1389 1920 1499 1952 arcte
1528 1927 1624 1953 con-

155 1977 289 2016 iuncta
316 1981 411 2015 sunt
438 1990 528 2014 cum
558 1976 605 2014 iis
637 1988 738 2026 quae
767 1988 871 2014 nune
898 1980 1144 2026 tractamus,
1179 1981 1305 2016 totum
1335 1978 1622 2017 exscribamus.

155 2037 205 2080 τὸ
224 2037 271 2079 δὲ
298 2037 357 2087 ὡς
383 2037 541 2091 ἀληθὲς
568 2040 634 2085 ὄν,
662 2035 734 2078 καὶ
760 2037 818 2091 μὴ
854 2037 908 2079 ὂν
935 2038 992 2087 ὡς
1018 2039 1195 2088 ψεῦδος,
1224 2037 1367 2093 ἐπειδὴ
1394 2039 1492 2092 περὶ
1519 2040 1621 2081 σύν-

155 2102 280 2144 θεσίν
307 2100 395 2144 ἐστι
421 2101 495 2144 καὶ
523 2102 744 2154 διαίρεσιν,
772 2102 821 2143 τὸ
851 2102 897 2144 δὲ
927 2103 1116 2145 σύνολον
1142 2102 1240 2156 περὶ
1267 2104 1476 2156 μερισμὸν
1503 2104 1620 2146 ἄντι-

158 2166 339 2219 φάσεως.
378 2167 427 2207 τὸ
463 2166 542 2218 μὲν
578 2166 662 2219 γὰρ
699 2166 857 2220 ἀληθὲς
891 2166 971 2221 τὴν
998 2169 1242 2221 κατάφασιν
1269 2166 1338 2209 ἐπὶ
1364 2170 1423 2225 τῷ
1453 2177 1619 2221 συγκει-

157 2229 272 2286 μένῳ
300 2230 403 2282 ἓχει,
440 2229 521 2283 τὴν
557 2230 597 2271 δ’
635 2231 855 2282 ἀπόφασιν
891 2230 958 2274 ἐπὶ
984 2235 1044 2288 τῷ
1074 2232 1333 2287 διῃρημένῳ,
1362 2233 1411 2273 τὸ
1440 2231 1486 2274 δὲ
1514 2236 1620 2282 ψεῦ·

159 2294 237 2343 δος
274 2294 433 2335 τούτου
468 2297 548 2335 τοῦ
586 2299 797 2348 μερισμοῦ
834 2295 914 2350 τὴν
950 2297 1197 2350 ἀντίφασιν.
1234 2299 1327 2345 πῶς
1364 2296 1410 2337 δὲ
1445 2297 1494 2338 τὸ
1531 2296 1622 2350 ἄμα

157 2358 186 2412 ἢ
222 2358 271 2400 τὸ
307 2357 435 2412 χωρὶς
469 2361 587 2399 νοεῖν
629 2359 877 2412 συμβαίνει,
906 2364 1034 2410 ἄλλος
1061 2362 1202 2415 λόγος.
1241 2361 1350 2414 λέγω
1380 2360 1427 2402 δὲ
1453 2362 1502 2403 τὸ
1530 2361 1619 2414 ἅμα

158 2421 230 2464 καὶ
268 2422 316 2464 τὸ
353 2421 481 2477 χωρὶς
519 2421 625 2463 ὥστε
662 2423 720 2477 μὴ
756 2423 805 2466 τὸ
839 2423 990 2479 ἐφεξῆς
1017 2426 1105 2466 ἀλλ’
1133 2424 1181 2467 ἔν
1208 2439 1249 2466 τι
1277 2425 1532 2478 γίγνεσθαι·
1562 2426 1617 2467 οὐ

159 2488 241 2540 γάρ
278 2485 363 2528 ἐστι
399 2487 447 2529 τὸ
478 2487 639 2536 ψεῦδος
666 2487 739 2529 καὶ
764 2489 813 2530 τὸ
841 2489 997 2543 ἀληθὲς
1025 2489 1072 2531 ἐν
1099 2493 1190 2538 τοῖς
1217 2490 1482 2542 πράγμασιν,
1523 2485 1620 2532 οἷον

159 2552 208 2593 τὸ
235 2551 313 2604 μὲν
339 2552 511 2605 α’γαθὸν
538 2552 720 2605 ἀληθές,
755 2551 804 2594 τὸ
843 2553 889 2594 δὲ
924 2555 1059 2595 κακὸν
1088 2549 1220 2602 εὐθὺς
1247 2553 1540 2605 ψεῦδος,’άλλ’
1570 2553 1618 2596 ἐν

161 2616 352 2672 διανοίᾳ·
380 2616 477 2669 περὶ
497 2616 542 2658 δὲ
562 2616 614 2658 τὰ
636 2615 748 2657 ἁπλᾶ
767 2617 840 2658 καὶ
862 2617 915 2659 τὰ
941 2618 982 2659 τί
1009 2617 1123 2659 ἐστιν
1151 2617 1245 2660 οὐδ’
1275 2616 1322 2659 ἐν
1348 2622 1403 2672 τῇ
1431 2618 1616 2675 διανοίᾳ.

108 2682 255 2720 Halo
283 2683 376 2722 Sive
404 2683 494 2733 quis
533 2682 583 2721 ad
622 2683 897 2734 quaestionem
934 2684 1079 2723 factam
1117 2685 1337 2737 respondet
1372 2696 1450 2723 uno
1491 2686 1616 2725 verbo

161 2745 244 2785 sive
278 2750 421 2798 sponte
456 2759 526 2787 sua
555 2747 793 2787 sententiam
820 2748 1020 2800 proponit.
1084 2747 1197 2799 Quae
1224 2761 1347 2801 quum
1372 2747 1494 2800 facit,
1535 2761 1615 2790 uno
