1806 3094
697 166 1049 201 PRAEFATIO.
1575 166 1624 200 lx

122 274 303 317 nimiam
325 270 606 332 diligentiam
625 269 753 314 nobis
776 269 1272 330 exprobretzssbrevitati
1295 274 1417 312 certe
1435 283 1622 328 operam

120 352 327 396 dedimus
375 366 509 409 quam
558 351 808 394 maximam.
891 349 1250 394 Commentarios
1290 362 1478 407 graecos
1519 354 1622 392 ante

115 430 399 479 Brandisium
432 430 592 484 editos,
629 429 789 486 quibus
822 428 900 472 ille
930 445 1034 472 usus
1059 435 1141 484 est,
1177 427 1415 471 maximam
1444 434 1621 485 partem

114 511 314 570 integros
344 509 644 568 perlegimus3
666 507 711 550 in
731 506 891 564 quibus
914 523 1050 565 quum
1072 523 1216 567 pauca
1239 513 1413 550 tantum
1433 506 1619 549 invene-

113 589 249 632 rimus
272 603 386 645 quae
417 588 473 630 ab
495 587 576 630 illo
598 586 763 630 omissa
790 586 918 629 uobis
942 586 1205 645 recipienda
1233 586 1371 630 fuisse
1395 585 1490 628 visa
1519 585 1621 638 sint,

112 667 274 710 nostris
298 666 481 709 scholiis
512 680 566 709 ex
594 666 923 708 commentariis
953 665 1084 708 editis
1118 665 1289 722 aliquid
1313 665 1506 707 inserere
1535 677 1620 706 no-

113 745 289 799 luimus,
326 745 405 788 sed
430 744 732 802 quodcunque
756 744 943 804 dignum
967 744 1217 788 invenimus
1246 743 1368 800 quod
1391 743 1621 801 recipere·

111 830 197 878 tur,
232 824 278 867 id
310 824 357 868 in
379 818 702 867 commentario
735 824 977 867 adiecimus
1008 829 1054 867 et
1083 823 1129 866 in
1152 838 1282 866 usum
1302 821 1618 865 convertimus.

113 903 315 957 Quorum
352 902 537 960 quidem
572 903 774 946 locorum
804 903 1008 962 paucitas
1042 917 1179 960 quum
1207 901 1375 961 probet
1411 901 1619 946 eximiam

111 982 336 1025 Brandisii
368 981 668 1041 diligentiam,
705 983 879 1025 scholia
905 982 1076 1025 inedita
1108 981 1268 1039 quibus
1300 981 1381 1023 ille
1411 995 1515 1023 usus
1551 985 1619 1022 est

112 1060 315 1119 relegere
359 1060 608 1113 noluimus,
656 1076 711 1104 ne
754 1061 918 1104 frustra
948 1065 1261 1104 retractaretur
1293 1059 1416 1117 quod
1446 1058 1620 1118 optime

110 1139 279 1182 factum
309 1145 437 1189 esset,
474 1138 581 1181 dum
613 1140 701 1182 alia
735 1146 1035 1198 superessent,
1072 1156 1201 1197 quae,
1238 1146 1285 1182 ut
1323 1138 1619 1197 perficeretur

110 1217 234 1275 quod
254 1218 540 1276 propositum
562 1224 692 1271 esset,
726 1219 1026 1276 praetermitti
1049 1233 1140 1261 non
1161 1218 1391 1260 deberent.
1426 1242 1491 1249 —
1549 1216 1618 1260 Ac

111 1297 306 1353 primum
339 1296 524 1353 quidem
557 1296 842 1340 adhibuimus
875 1297 1042 1341 Leonis
1077 1296 1344 1356 Magenteni
1386 1309 1618 1338 commen-

111 1373 294 1427 tarium,
340 1390 474 1430 quem
503 1376 728 1432 integrum
760 1382 934 1419 exstare
969 1391 1023 1419 ex
1057 1375 1242 1418 scholiis
1271 1375 1434 1417 nostris
1466 1388 1617 1433 appa-

109 1459 193 1505 ret,
229 1466 501 1509 quamquam
530 1467 621 1495 non
644 1452 726 1496 nisi
750 1468 803 1495 ea
832 1453 955 1512 typis
987 1468 1199 1512 expressa
1232 1459 1332 1495 sunt
1362 1468 1477 1511 quae
1512 1453 1617 1495 scri·

109 1531 202 1589 psit
242 1530 299 1574 de
343 1531 459 1574 libro
495 1528 594 1588 περὶ
633 1527 858 1591 ἑρμηνείας
903 1538 950 1575 et
990 1531 1048 1574 (le
1082 1531 1333 1590 Analyticis
1376 1531 1617 1590 prioribus,

111 1609 278 1652 deinde
299 1608 541 1653 Michaelis
561 1610 701 1653 Pselli
725 1609 1021 1670 paraphrasin
1051 1611 1152 1654 libri
1175 1608 1273 1666 περὶ
1295 1607 1522 1669 ἑρμηνείας
1540 1615 1616 1669 ty-

110 1689 182 1747 pis
230 1689 524 1747 exscriptam,
579 1688 803 1748 Stephani
846 1689 1145 1748 paraphrasin
1186 1690 1386 1733 eiusdem
1426 1690 1530 1732 libri
1573 1695 1618 1732 et

111 1767 340 1810 Ammonii
366 1768 733 1811 commentarium
763 1767 820 1810 de
839 1769 1091 1827 Analyticis
1120 1769 1344 1827 prioribus
1380 1768 1502 1824 (cod.
1523 1768 1618 1811 Pa—

103 1847 182 1888 ris.
204 1847 323 1906 Reg.
346 1843 531 1904 2064),
577 1846 816 1889 Theodori
844 1847 1083 1890 Prodromi
1109 1847 1286 1890 scholia
1316 1847 1373 1891 de
1403 1847 1616 1906 Analyti—

109 1939 263 1967 corum
300 1926 598 1982 posteriorum
636 1925 752 1967 libro
786 1925 833 1968 ΙΙ
867 1923 1034 1985 (Paris.
1067 1927 1183 1986 Reg.
1219 1924 1388 1984 1917),
1437 1926 1616 1969 Ioannis

110 2003 213 2046 Itali
236 2002 295 2045 de
315 2003 505 2061 Topicis
529 2001 699 2061 (Marc.
721 2001 862 2063 265),
896 2004 1141 2048 Michaelis
1165 2005 1359 2064 Ephesii
1389 2004 1447 2048 de
1469 2005 1615 2048 Elen-

110 2082 206 2125 chis
227 2081 483 2139 sophisticis
517 2083 684 2140 scripta
706 2081 871 2140 (Paris.
899 2085 1016 2143 Reg.
1046 2081 1218 2142 1918),
1253 2085 1448 2142 denique
1477 2083 1615 2127 scho-

109 2161 170 2204 lia
202 2175 427 2218 anonyma
470 2160 527 2203 de
562 2160 816 2220 Categoriis
853 2175 969 2218 quae
1008 2161 1232 2204 habentur
1276 2164 1321 2205 in
1357 2163 1459 2205 eod.
1489 2163 1614 2205 Lau-

110 2245 221 2282 rent.
255 2240 332 2292 71,
364 2240 452 2293 32,
498 2238 640 2281 Marc.
673 2227 797 2291 '2013
852 2239 909 2282 de
938 2240 1289 2302 Hermeneutica
1324 2241 1467 2284 Marc.
1499 2241 1613 2295 257,

108 2318 320 2362 Laurent.
354 2318 431 2370 71,
466 2318 543 2371 32,
588 2318 796 2361 Ambros.
825 2319 878 2372 L,
909 2320 988 2371 93,
1030 2320 1170 2363 Paris.
1210 2321 1324 2379 Reg.
1358 2318 1512 2371 20643
1557 2319 1615 2363 de

110 2397 360 2455 Analyticis
395 2397 618 2455 prioribus
644 2396 786 2440 Marc.
812 2399 925 2450 201,
961 2398 1170 2442 Ambros.
1191 2399 1243 2451 L,
1267 2399 1351 2449 933
1397 2398 1455 2442 de
1484 2398 1612 2442 Ana—

109 2476 347 2534 lyticorum
381 2476 680 2534 posteriorum
712 2476 824 2519 libro
857 2477 880 2519 Ι
903 2478 1109 2520 Ambros.
1130 2478 1183 2526 L,
1208 2478 1286 2531 93,
1321 2477 1460 2520 Paris.
1491 2478 1610 2537 Reg.

114 2555 267 2604 19723
293 2554 351 2597 (le
374 2554 485 2597 libro
510 2555 551 2596 ll
575 2555 783 2597 Riccard.
810 2555 950 2599 chart.
972 2557 1052 2599 fol.
1083 2557 1156 2608 10,
1179 2556 1318 2598 Paris.
1338 2556 1457 2616 Reg.
1484 2557 1612 2602 1917

109 2648 250 2692 marg.
319 2633 491 2687 Quibus
538 2633 720 2691 quidem
763 2633 945 2677 scholiis
981 2642 1029 2678 ut
1070 2635 1253 2677 nimium
1285 2636 1479 2694 pretium
1518 2642 1611 2679 sta-

109 2719 310 2766 tuamus,
347 2727 426 2755 nos
459 2719 581 2755 certe
606 2712 864 2772 longissime
894 2713 1127 2756 absumus:
1164 2714 1326 2757 etenim
1362 2715 1611 2774 colligendi

113 2791 313 2834 laborem
346 2805 436 2834 non
467 2798 558 2835 tam
591 2797 836 2850 propterea
864 2791 1144 2836 subeundum
1169 2794 1449 2852 putavimus,
1485 2794 1611 2852 quod
