1826 3112
330 210 410 249 246
837 214 1241 249 ΑΝΑΛῬΤΙΚΩΝ

303 325 320 353 ⁵
332 310 406 355 καὶ
425 307 471 355 ἓν
493 309 638 365 ποίοις
661 307 875 370 σχήμασιν
894 310 1102 371 ἐνδέχεται
1131 309 1204 358 διὰ
1222 315 1308 359 τῶν
1329 310 1624 401 ἀντικειμένων
1638 323 1749 375 προ-

332 374 498 422 τᾶσεων
518 375 720 436 γενέσθαι
743 377 1052 438 συλλογισμόν.

470 439 671 500 Φανερὸν
688 442 734 486 δε
747 439 860 487 καὶ
834 459 901 488 οτι
924 442 968 488 ἐκ
980 445 1157 497 ψευδῶν
1178 460 1255 502 μεν
1276 442 1387 489 εστιν
1408 441 1570 505 αληθὲς
1588 446 1750 489 συλλο-

333 507 556 568 γίσασθαι,
588 506 786 566 καθάπερ
817 509 978 570 εἴρηται
1003 508 1238 568 πρότερον,
1267 509 1312 554 ἐκ
1342 510 1388 554 δε
1410 513 1499 554 τῶν
1520 508 1752 569 ἀντικειμέ-

333 589 420 617 νων
452 571 540 618 οὐκ
569 573 704 618 ἔστιν·
740 572 807 618 dez
835 573 917 634 γὰρ
949 573 1177 630 ἐναντίος
1156 593 1180 620 ο
1192 573 1496 657 συλλογισμὸς
1517 576 1672 635 γίνεται
1692 579 1752 639 τῷ

285 654 318 681 10
333 636 562 719 πράγματι,
586 635 680 684 οἷον
702 639 782 684 εἰ”
760 651 870 685 εστιν
888 639 1069 701 ἄγαθόν,
1089 639 1148 702 μὴ
1170 646 1276 686 εἰναι
1303 639 1488 701 αγαθόν,
1513 639 1546 702 ἢ
1569 642 1606 686 εἰ
1625 644 1752 704 ζῷον,

333 701 393 765 μὴ
434 707 559 764 ζῶον,
594 702 665 753 δια
696 703 747 749 τὸ
782 703 875 759 ἕξ’
848 707 1116 764 αντιφάσεως
1138 703 1244 750 εἶναι
1261 705 1337 751 τὸν
1361 686 1666 766 συλλογισμὸν
1680 707 1753 750 καὶ

332 766 482 825 τούς
451 770 767 828 υποκειμένους
781 768 916 829 ὅρους
932 769 959 833 ἦ
979 769 1083 827 τοὺς
1101 770 1265 827 αὐτοὺς
1278 769 1384 816 εἶναι
1402 770 1434 832 ἢ
1452 770 1538 816 τόν
1548 773 1625 830 μὲν
1645 769 1753 816 ὅλον

333 832 409 880 τὸν
430 836 475 880 δε
496 835 639 894 μέρος.
673 838 811 896 δῆλον
837 839 882 882 δε
915 838 990 882 καὶ
1007 835 1072 881 ὅτι
1095 837 1139 881 ἐν
1157 842 1248 892 τοῖς
1267 840 1604 896 παραλογισμοῖς
1623 835 1754 882 οῦδὲν

333 899 492 946 κωλύει
512 901 708 960 γίνεσθαι
727 905 806 961 τῆς
818 900 1073 956 ὑποθέσεως
1092 900 1334 959 ἀντίφασιν,
1349 907 1442 946 οἱον
1461 901 1523 946 εἶ’
1510 903 1597 947 ε’στι
1609 917 1753 961 περιτ-

285 981 318 1009 1⁵
333 965 422 1019 τόν,
453 964 513 1026 μὴ
545 970 649 1044 εῒίναι
675 966 885 1025 περιττόν.
914 967 960 1012 ἐκ
981 965 1062 1027 γὰρ
1084 971 1169 1012 τῶν
1190 965 1484 1025 ἀντικειμένων
1503 967 1753 1025 προτάσεων

334 1023 571 1086 ἐναντίος
543 1047 598 1092 ην
613 1029 637 1076 6
650 1031 964 1093 συλλογισμός·
988 1031 1062 1078 ἐαν
1074 1026 1158 1078 οὖν
1170 1032 1280 1092 λάβῃ
1300 1032 1515 1089 τοιαύτας,
1541 1034 1655 1078 ε’σται
1675 1036 1754 1094 τῆς

333 1094 593 1152 ὑποθέσεως
615 1095 854 1157 αντί.φασις
881 1101 947 1144 δει
955 1099 1001 1143 δε
1012 1104 1235 1144 κατανοεῖν
1249 1096 1314 1144 ὅτι
1327 1096 1444 1144 οὕτω
1455 1116 1532 1157 μεν
1544 1116 1601 1144 ου
1590 1097 1629 1143 ’κ
1642 1099 1753 1144 εστιν

335 1162 506 1208 ἐναντία
538 1163 903 1245 συμπεράνασθαι
917 1162 962 1218 ἐξ
980 1162 1074 1219 ἑνὸς
1103 1167 1415 1246 συλλογισμοῦ,
1452 1161 1555 1209 ὥστ’
1576 1161 1682 1209 εἶναι
1702 1162 1752 1209 τὸ

334 1229 625 1310 συμπέρασμα
655 1227 706 1273 τὸ
738 1227 796 1290 μὴ
830 1227 882 1274 ὂν
912 1228 1083 1289 αγαθὸν
1112 1227 1283 1290 αγαθόν
1307 1228 1337 1291 η’
1357 1229 1463 1274 ἄλλο
1481 1244 1520 1275 τι
1537 1234 1751 1285 τοιοῦτον,

285 1292 408 1340 εοέᾶν
436 1292 495 1356 μὴ
526 1291 672 1350 εὐθυς
696 1293 725 1356 ἡ
752 1294 960 1353 πρότασις
988 1295 1170 1358 τοιαύτη
1198 1299 1367 1356 ληφθῇ,
1398 1293 1491 1340 οἷον
1521 1300 1608 1341 πᾶν
1638 1299 1753 1358 ζῶον

333 1358 491 1406 λευκὸν
521 1356 628 1405 εἶναι
661 1361 735 1405 καὶ
765 1359 824 1422 μὴ
858 1361 1031 1415 λευκόν,
1064 1359 1144 1407 τὸν
1170 1359 1209 1406 δ’
1243 1360 1477 1418 ανθρωπον
1501 1363 1624 1424 ζῷον
1661 1359 1752 1406 ἀλλ’

333 1423 364 1487 ἢ
399 1429 661 1485 προσλαβεῖν
697 1429 764 1471 δεῖ
794 1444 878 1487 την
913 1425 1164 1486 αντίφασιν,
1207 1424 1301 1472 οἷον
1333 1424 1400 1472 ὅτι
1429 1430 1549 1472 πᾶσα
1579 1426 1752 1488 ἐπιστή-

333 1510 394 1552 μη
422 1489 662 1553 ὑπόληψις,
692 1488 779 1537 εἶτα
807 1491 1003 1551 λαβεῖν”
974 1511 1040 1537 οτι
1060 1491 1088 1553 ἡ
1112 1491 1280 1554 ἰατρικὴ
1300 1492 1507 1554 ἐπιστήμη
1527 1493 1605 1551 μέν
1626 1493 1750 1548 ἐστιν,

334 1555 518 1615 οὐδεμία
547 1555 585 1602 δ’
610 1555 853 1618 ὑπόληψις,
879 1556 1020 1617 ω’σπερ
1049 1559 1091 1602 οἱ
1121 1560 1280 1618 ἔλεγχοι
1308 1559 1508 1618 γίνονται,
1541 1555 1571 1619 ἢ
1601 1559 1646 1603 ἐκ
1667 1558 1752 1604 δύο

285 1636 319 1664 25
336 1626 653 1683 συλλογισμῶν.
748 1620 882 1668 ὥστε
923 1622 961 1669 6'
1018 1621 1125 1670 εἶναι
1174 1625 1341 1669 ἐνα-’ντια
1395 1622 1487 1669 κατ’
1543 1622 1753 1685 αλήθειαν

333 1686 386 1734 τὰ
414 1688 671 1749 εἰλημμένα,
710 1687 799 1734 ουκ
830 1690 942 1735 ε’στιν
969 1687 1103 1769 αλλον
1139 1690 1301 1751 τρόπον
1330 1687 1359 1750 η’
1387 1693 1569 1746 τοῦτον,
1603 1688 1750 1735 καθα-

337 1765 417 1814 περ
446 1756 608 1836 εἴρηται
623 1753 849 1813 πρότερον.

252 1822 316 1866 16
470 1818 535 1866 Τὸ
566 1818 605 1865 δ’
637 1819 681 1865 ἐν
708 1818 823 1880 αρχῇ
854 1821 1067 1866 αἰτεῖσθαι
1099 1820 1171 1865 καὶ
1200 1820 1431 1879 λαμβάνειν
1461 1820 1547 1866 ε’στι
1573 1820 1662 1880 μέν,
1694 1838 1752 1876 ως

332 1885 376 1931 ἐν
396 1885 506 1945 γένει
536 1889 694 1945 λαβεῖν,
714 1887 759 1932 ἐν
770 1890 830 1932 τῶ
840 1884 899 1947 μὴ
917 1885 1226 1932 αποδεικνύναι
1243 1884 1293 1931 τὸ
1308 1888 1599 1946 προκείμενον,
1618 1890 1752 1932 τοῦτο

281 1949 370 1996 8οδ’
411 1952 706 2010 ἐπισυμβαίνει
752 1934 1006 2010 πολλαχῶς·
1059 1953 1132 1996 καὶ
1169 1969 1250 2010 γαρ
1284 1953 1321 1996 εἰ
1352 1949 1465 2007 ὅλως
1495 1950 1554 2013 μὴ
1588 1955 1750 1997 συλλο-

328 2017 498 2077 γίζεται,
534 2018 607 2062 καὶ
639 2017 677 2061 εἰ
708 2014 762 2061 δι’
792 2016 1116 2078 αγνωστοτέρων
1143 2014 1176 2078 ἢ
1206 2015 1363 2075 ὁμοίως
1393 2015 1648 2076 αγνοίστων,
1677 2018 1750 2062 καὶ

331 2083 368 2127 εἰ
391 2080 463 2127 δια
483 2086 568 2128 τῶν
588 2079 782 2140 ὑστέρων
800 2081 851 2128 τὸ
864 2081 1102 2142 πρότερον·
1128 2081 1157 2144 ἡ
1170 2100 1251 2142 γαρ
1267 2081 1483 2138 απόδειξις
1497 2083 1542 2128 ἐκ
1555 2082 1750 2128 πιστοτέ-

330 2164 419 2205 ρων
430 2166 473 2193 τε
486 2150 560 2193 καὶ
571 2148 792 2206 προτέρων
805 2149 928 2194 ἐστίν.
951 2147 1120 2194 τούτων
1130 2166 1206 2207 μεν
1219 2149 1303 2194 οὐν
1316 2146 1449 2194 οὐδέν
1461 2149 1548 2194 ἐστι
1561 2146 1609 2194 τὸ
1623 2149 1750 2194 αἰτεῖ-

330 2218 440 2259 σθαι
475 2212 526 2259 τὸ
569 2212 614 2268 ἐξ
653 2212 808 2275 ἀρχῆς·
850 2212 982 2258 αλλ’·
998 2214 1085 2259 ἐπεὶ
1133 2231 1185 2258 τα
1214 2231 1290 2272 μεν
1321 2212 1375 2259 δι’
1406 2232 1552 2259 αυτων
1581 2215 1749 2274 πέφυκε

279 2294 314 2322 35
330 2280 614 2340 γνωρίζεσθαι
651 2278 704 2324 τὰ
748 2281 793 2325 δὲ
832 2277 886 2325 δι’
922 2278 1064 2325 ἄλλων
1100 2280 1171 2341 (αἱ
1207 2281 1282 2338 μὲν
1311 2278 1392 2339 γὰρ
1421 2278 1548 2339 ἆρχαὶ
1577 2279 1631 2325 δι’
1663 2278 1748 2325 αύ-

329 2350 436 2404 τῶν,
476 2344 528 2391 τὰ
569 2344 607 2392 δ’
650 2343 744 2391 ὑπὸ
783 2343 861 2402 τὰς
893 2343 1028 2405 ἅρχάς
1057 2343 1112 2391 δι’
1155 2343 1345 2407 ἄλλων),
1387 2343 1492 2391 ὅταν
1522 2343 1581 2406 μὴ
1612 2344 1664 2391 τὸ
1694 2343 1749 2391 δι’

419 2519 439 2551 9
456 2516 475 2552 6
494 2517 656 2557 ἐναντίος
676 2521 713 2552 C.
732 2537 773 2543 —-
797 2521 831 2553 ll
846 2518 893 2563 μὴ
913 2517 1006 2553 εἶναι
1026 2520 1118 2566 ζῷον
1134 2532 1167 2553 τι.
1177 2539 1222 2545 —-
1240 2522 1279 2553 13
1297 2506 1409 2562 δῆλον
1427 2533 1459 2552 π.
1483 2539 1523 2545 -
1561 2522 1601 2554 16
1621 2521 1747 2555 τοιαύ-

329 2575 396 2602 τας
418 2559 666 2606 ἀντικειμένας
684 2563 782 2598 ἔσται
799 2577 834 2597 π.
865 2583 900 2588 -
940 2566 978 2597 18
995 2555 1303 2608 συμπεραίνεσθοιι
1326 2566 1362 2597 G.
1389 2586 1425 2591 —
1460 2561 1534 2597 22
1518 2562 1542 2607 η’
1567 2577 1620 2597 om
1642 2567 1677 2598 C.
1703 2584 1747 2592 —-

329 2609 525 2653 προλαβεῖν
538 2620 571 2640 π.
597 2627 639 2633 -
662 2610 706 2641 23
724 2608 785 2642 καὶ
798 2621 874 2664 ουχ
894 2606 1078 2653 ύπόληψις
1095 2618 1174 2643 ante
1193 2607 1270 2644 εἶτα
1289 2611 1355 2642 add
1375 2610 1522 2647 codices,
1548 2611 1609 2641 sed
1627 2622 1661 2642 rc
1684 2622 1747 2642 su—

331 2663 391 2706 pra
409 2665 447 2684 vs
457 2653 520 2685 Bu.
539 2672 584 2678 —
601 2653 646 2685 24
660 2649 698 2696 ἢ]
717 2650 815 2687 ιίεὶ”
792 2666 814 2696 η
835 2655 904 2686 fort
924 2665 1017 2697 prm,
1041 2664 1144 2698 supra
1165 2665 1243 2686 vsn.
1265 2673 1302 2678 —
1325 2655 1369 2687 25
1384 2652 1430 2688 τὰ
1459 2653 1653 2708 εἰλημμένα
1668 2652 1746 2688 κατ’

332 2694 512 2738 ἀλήθειαν
533 2698 570 2730 C.
602 2716 645 2722 --
677 2699 720 2731 30
737 2709 780 2732 σν
782 2698 926 2742 μβοιίνει
943 2710 975 2731 n.
1005 2717 1040 2723 -
1080 2700 1122 2732 33
1140 2710 1177 2732 τε
1198 2711 1252 2731 orn
1272 2700 1312 2731 A.
1337 2716 1380 2724 —-
1414 2699 1457 2731 34
1473 2696 1596 2733 αὖτων
1616 2700 1744 2742 ABnm,

333 2751 374 2783 pr
394 2741 430 2773 G.
457 2759 500 2767 —
524 2742 566 2775 35
583 2739 707 2776 αὐτῶν
727 2744 767 2784 Β,
790 2754 832 2786 pr
851 2745 888 2786 G,
914 2739 1010 2777 αὐτά
1026 2755 1059 2776 ιι.
1086 2761 1129 2769 -
1153 2744 1194 2776 36
1211 2739 1251 2777 τὸ
1271 2741 1320 2787 μὴ
1336 2745 1388 2785 ns,
1414 2755 1491 2776 corr
1508 2755 1558 2776 cu.
