1780 3100
254 213 337 254 392
772 215 1017 261 Analytica
1051 215 1222 260 priora.

367 308 466 363 cap.
501 312 541 351 7.
598 311 650 351 Si
689 311 827 351 altera
863 313 1089 366 propositio
1124 314 1331 366 affirmat,
1374 315 1513 353 altera
1551 314 1742 354 universe

258 378 399 425 negat,
426 388 586 428 semper
601 377 660 427 fit
688 375 906 424 conclusio,
935 377 978 414 in
1007 388 1088 428 qua
1115 377 1313 415 terminus
1341 378 1473 415 minor
1503 375 1556 415 de
1583 378 1742 415 maiore

253 435 541 488 praedicatur.
605 439 656 475 30
693 437 933 490 Imperfecti
967 439 1192 490 syllogismi
1228 452 1364 478 omnes
1400 439 1547 478 reduci
1569 444 1741 491 possunt

260 497 316 536 ad
346 500 525 550 primam
552 502 752 552 figuram.
808 501 867 539 bl
899 501 971 539 Ad
999 501 1023 539 1
1049 497 1085 540 α’
1115 507 1155 540 et
1183 496 1220 552 β’
1257 501 1514 541 reducuntur
1547 505 1588 540 et
1621 502 1742 553 syllo-

258 561 382 611 gismi
407 562 614 600 secundae
628 565 814 615 figurae,
840 564 866 600 6
895 567 936 602 et
963 565 1190 617 syllogismi
1216 565 1246 603 I
1265 559 1303 616 y'
1332 573 1371 604 et
1391 559 1440 613 δ’,
1470 567 1522 604 20
1551 570 1591 603 et
1618 565 1741 617 syllo-

258 623 385 673 gismi
399 626 573 675 figurae
599 627 765 667 tertiae.

259 685 405 723 29a21
442 687 533 725 Zeu
570 693 611 726 et
638 689 755 727 Biese
783 688 830 734 (l.
852 701 893 738 p.
919 690 995 726 146
1015 700 1073 726 vs.
1092 690 1137 733 4)
1166 689 1375 728 lectionem
1404 689 1551 728 codicis
1583 688 1618 727 G
1650 701 1742 740 pro-

309 748 521 796 baverunt,
561 762 676 800 quam
712 763 787 789 non
823 751 1061 801 recepimus,
1105 752 1198 803 quia
1233 753 1525 790 coniunctiones
1565 751 1743 789 binarum

311 812 623 860 propositionum
652 814 712 853 vel
742 813 1021 851 affirmantium
1049 812 1110 850 vel
1135 814 1357 863 negantium
1382 816 1630 864 opponuntur
1650 825 1743 851 con-

310 872 574 912 iunctionibus
602 875 885 927 propositionis
921 875 1154 913 affirmantis
1190 888 1278 914 cum
1318 880 1498 925 negante,
1537 876 1620 912 sive
1655 875 1743 912 uni-

311 936 485 974 versales
526 943 615 976 sunt
653 939 735 976 sive
773 936 1050 988 particulares:
1092 949 1212 986 quare
1243 938 1362 976 verba
1399 935 1470 977 καὶ
1496 933 1564 976 ἐπὶ
1590 934 1745 986 μέρους

311 1010 389 1036 non
425 999 588 1037 ferenda
625 1005 729 1038 sunt.
785 999 889 1037 Dicit
918 1000 1019 1037 enim
1048 999 1136 1038 hoc.
1201 1000 1243 1038 Si
1272 1013 1320 1038 ex
1347 1001 1622 1042 coniunctione
1650 1013 1744 1050 qua-

312 1072 467 1110 cunque
495 1063 800 1113 propositionum
830 1060 1180 1113 ὅμοιοσχημόνων
1205 1075 1280 1101 non
1308 1063 1354 1101 fit
1382 1076 1481 1101 unus
1510 1075 1645 1109 eorum
1664 1063 1745 1113 syl-

310 1122 567 1172 logismorum
597 1137 694 1176 quos
722 1126 852 1163 adhuc
880 1126 1146 1175 exposuimus,
1174 1126 1271 1165 nihil
1300 1126 1455 1164 omnino
1483 1138 1532 1164 ex
1560 1138 1607 1163 ea
1634 1126 1744 1163 colli-

312 1186 437 1236 gitur3
475 1187 630 1225 etiamsi
670 1191 800 1232 autem
829 1201 878 1226 ex
906 1188 1179 1227 coniunctione
1208 1189 1517 1240 propositionum
1546 1186 1744 1238 ἀνομοιο-

311 1247 548 1300 σχημόνων,
578 1262 677 1299 quae
697 1250 858 1288 alteram
881 1251 999 1289 habet
1026 1251 1207 1289 universe
1235 1255 1454 1300 negantem,
1470 1259 1558 1289 'non
1580 1252 1625 1289 fit
1643 1263 1744 1289 unus

313 1324 362 1350 ex
390 1313 438 1350 iis
467 1313 705 1364 syllogismis
734 1325 832 1363 quos
861 1314 1127 1365 exposuimus,
1165 1318 1294 1351 tamen
1323 1326 1372 1351 ex
1410 1326 1457 1351 ea
1495 1314 1585 1351 elici
1612 1316 1746 1364 potest

311 1375 526 1423 conclusio,
555 1375 593 1413 in
622 1388 695 1425 qua
725 1377 914 1414 terminus
942 1376 1068 1415 minor
1095 1377 1145 1414 de
1168 1377 1316 1414 maiore
1337 1375 1596 1427 praedicatur.
1639 1376 1746 1425 Quos

312 1438 468 1487 quidem
499 1437 762 1476 concludendi
780 1439 917 1477 modos
947 1439 1171 1477 scholastici
1198 1438 1423 1489 philosophi
1450 1439 1748 1489 appellaverunt

312 1500 560 1550 syllogismos
588 1500 817 1538 indirectos.
847 1522 895 1529 -—-
950 1501 1085 1539 Latius
1106 1506 1241 1551 patere
1261 1499 1309 1539 τὸ
1326 1499 1563 1551 ἀναγκαῖόν
1581 1514 1620 1540 τι
1639 1499 1745 1551 γίνε-

312 1563 414 1601 σθαι
443 1576 558 1614 quam
587 1562 634 1602 τὸ
664 1562 949 1613 συλλογισμὸν
975 1562 1171 1614 γίνεσθαι
1197 1568 1237 1601 et
1264 1564 1428 1613 probant
1456 1577 1555 1613 quae
1583 1565 1746 1616 legimus

311 1627 560 1664 47222—35
598 1629 640 1664 et
677 1626 762 1676 ipsa
799 1626 1018 1676 syllogismi
1054 1626 1229 1664 definitio
1267 1627 1437 1664 24b18:
1479 1640 1601 1677 quare
1642 1627 1745 1676 quod

312 1692 446 1726 nostro
476 1688 561 1726 loco
589 1689 685 1727 dicit
712 1687 839 1728 οὐδὲν
867 1686 974 1735 ὅλως
1001 1687 1159 1739 γίνεται
1187 1686 1420 1738 ἀναγκαῖον
1448 1690 1524 1726 hoc
1552 1693 1633 1727 est:
1671 1702 1747 1728 non

314 1751 440 1789 solum
482 1763 558 1789 non
594 1751 640 1788 fit
676 1752 940 1803 syllogismus,
982 1752 1053 1790 sed
1090 1751 1187 1789 nihil
1225 1753 1379 1790 omnino
1417 1743 1478 1790 est
1517 1752 1619 1802 quod
1655 1751 1748 1791 inde

312 1819 576 1864 consequatur
604 1816 842 1855 necessario.
1084 1826 1087 1828 ’

257 1877 339 1914 29³
353 1877 404 1913 26
431 1874 587 1925 ὁμοίως
614 1873 660 1915 δὲ
679 1875 780 1916 κάπὶ
801 1907 811 1919 .
827 1906 856 1917 ..
884 1877 1071 1916 Indirecti
1089 1876 1304 1928 syllogismi
1326 1877 1391 1927 qui
1412 1877 1510 1915 fiunt
1525 1877 1564 1915 in
1587 1876 1747 1927 reliquis

311 1939 449 1990 figuris
471 1944 553 1978 tres
578 1945 681 1979 sunt.
722 1940 762 1978 ln
779 1940 950 1978 secunda
966 1940 1036 1978 sic.
1076 1940 1109 1978 A
1125 1940 1174 1977 de
1189 1940 1319 1989 aliquo
1336 1939 1379 1983 Β,
1409 1939 1480 1976 sed
1501 1940 1551 1977 de
1571 1939 1676 1977 nullo
1692 1939 1748 1985 (ἷζε

313 2001 345 2040 C
375 2003 491 2051 igitur
520 2003 570 2040 de
596 2002 703 2040 nullo
731 2009 771 2040 et
798 2003 829 2039 Β
858 2003 908 2040 de
936 2002 1066 2052 aliquo
1095 2003 1142 2048 A,
1171 2014 1294 2050 quare
1322 2001 1394 2046 (ΙΙΙ
1417 1995 1471 2045 ς’)
1500 2001 1532 2039 C
1551 2002 1600 2039 de
1618 2002 1748 2051 aliquo

310 2065 343 2103 B
371 2077 448 2102 non
477 2065 739 2114 praedicatur.
777 2065 819 2101 ln
847 2064 965 2102 tertia
993 2064 1071 2102 duo
1099 2064 1205 2101 modi
1235 2067 1397 2101 restant.
1439 2064 1473 2102 A
1493 2064 1553 2101 vel
1574 2065 1624 2102 de
1644 2063 1748 2102 omni

310 2126 372 2165 vel
401 2126 451 2164 de
479 2126 608 2176 aliquo
639 2127 694 2172 C,
733 2126 764 2164 B
794 2127 844 2165 de
871 2126 977 2165 nullo
1006 2126 1060 2174 C,
1090 2139 1138 2164 ex
1165 2126 1308 2176 quibus
1338 2127 1536 2164 conversis
1565 2126 1612 2164 fit
1638 2126 1670 2164 C
1698 2126 1749 2164 de

311 2189 417 2228 nullo
446 2189 490 2235 B,
519 2190 590 2227 sed
618 2190 669 2227 de
696 2189 825 2240 aliquo
855 2190 913 2228 A:
942 2189 973 2226 B
1001 2189 1121 2239 igitur
1149 2189 1199 2226 de
1226 2189 1355 2238 aliquo
1379 2189 1412 2227 A
1441 2201 1518 2228 non
1546 2188 1749 2240 praedica-

312 2257 377 2290 tur
406 2251 462 2298 (ΙΙ
489 2245 560 2301 γ’).
1305 2247 1308 2251 ’

259 2318 405 2355 29827
432 2314 655 2354 Alexander
683 2326 861 2362 causam,
902 2326 971 2352 cur
998 2312 1046 2353 τὸ
1074 2312 1317 2364 α’διόριστον
1342 2314 1420 2352 hoc
1447 2314 1534 2352 loco
1562 2313 1612 2352 de
1637 2314 1747 2351 affir-

312 2378 455 2417 mativa
476 2378 748 2429 propositione
767 2377 992 2428 particulari
1016 2378 1097 2415 sola
1127 2378 1274 2416 dictum
1303 2378 1367 2424 sit,
1396 2376 1511 2415 nimis
1539 2377 1748 2426 quaesivit:

316 2446 378 2479 est
405 2446 536 2479 autem
565 2442 603 2479 in
633 2453 694 2490 eo,
723 2439 840 2490 quod,
869 2453 985 2490 quum
1003 2441 1238 2479 Aristoteles
1266 2453 1342 2479 non
1369 2445 1457 2491 agat
1484 2439 1558 2476 nisi
1587 2440 1637 2477 (le
1659 2451 1749 2477 con-

313 2505 512 2542 iunctione
538 2504 851 2555 propositionum
881 2500 1299 2555 ἅνομοιοσχημόνων,
1326 2515 1490 2552 quarum
1517 2502 1638 2539 altera
1664 2502 1748 2540 uni-

315 2579 430 2605 verse
458 2571 589 2616 neget,
618 2566 755 2615 altera,
784 2566 818 2604 si
846 2570 908 2605 est
927 2564 1178 2617 ἅδιόριστος,
1206 2579 1282 2621 non
1300 2569 1434 2617 potest
1451 2576 1528 2603 non
1550 2564 1749 2603 affirmare

315 2629 366 2667 de
391 2634 517 2680 parte.

264 2691 409 2730 29a31
437 2690 652 2740 δεικτικῶς
676 2689 951 2743 περαίνεσθαι
976 2693 1161 2733 dicuntur
1187 2689 1418 2743 syllogismi,
1448 2688 1514 2741 qui
1541 2689 1637 2727 nihil
1659 2689 1750 2728 novi

316 2759 535 2806 assumunt,
561 2755 631 2795 sed
660 2768 710 2796 ex
736 2756 823 2807 ipsa
849 2756 1022 2807 ratione,
1059 2768 1176 2808 quam
1202 2753 1358 2793 termini
1384 2752 1489 2792 inter
1515 2765 1560 2792 se
1585 2752 1748 2802 habent,
