1884 3100
726 207 1029 254 Gatcgoriac.
1552 204 1634 243 29⁰

172 344 182 353 .
196 343 207 354 .
221 342 230 352 .
248 309 416 363 ἀνάγκη
451 321 495 350 τε
522 304 706 350 ἑκάστου
732 305 845 358 ὕλην
870 302 983 347 εἶναι
1006 305 1057 347 τὸ
1084 303 1268 358 δυνάμει
1291 302 1499 344 τοιοῦτον
1525 300 1633 344 ὥστε

172 374 246 418 καὶ
272 374 440 423 οὐσίας·
469 373 518 415 τὸ
548 372 594 414 δὲ
620 372 729 424 πρός
755 385 797 413 τι
823 372 922 412 οὔτε
949 369 1133 422 δυνάμει
1159 367 1286 411 οὐσία
1314 369 1412 410 οὔτε
1435 366 1635 422 ἐνεργείᾳ.

174 443 348 481 125ι33
384 439 473 480 τῶν
513 438 622 491 πρός
651 451 692 478 τι
717 435 962 489 λεγομένων
988 434 1040 476 τὰ
1067 434 1146 488 μὲν
1173 432 1216 485 ἐξ
1242 433 1433 486 ἀνάγκης
1460 430 1508 474 ἐν
1534 429 1635 473 ἐκεί-

172 518 268 553 νοις
293 503 320 557 ἢ
347 502 443 556 περὶ
469 501 609 544 ἐκεῖνά
636 500 720 543 ἐστι
749 499 859 551 πρὸς
885 499 913 540 ἅ
940 513 1043 540 ποτε
1078 499 1277 553 τυγχάνει
1304 498 1512 552 λεγόμενα
1539 491 1636 538 οἷον

171 567 203 622 ἦ
229 568 422 616 διάθεσις
449 567 521 609 καὶ
557 566 587 620 ἦ
615 565 697 615 ἕξις
722 563 793 607 καὶ
819 564 849 619 ἦ
875 564 1188 618 συμμετρία...
1206 563 1259 605 τὰ
1290 563 1330 606 δ’
1361 564 1442 605 οὐκ
1470 562 1636 616 ἀνάγκη

171 630 254 685 μὲν
289 631 337 672 ἐν
363 630 542 680 ἐκείνοις
577 630 786 683 ὑπάρχειν
811 629 921 682 πρὸς
947 629 975 670 ἅ
1002 643 1105 670 ποτε
1131 629 1309 682 λέγεται,
1338 627 1551 682 ἐνδέχεται
1577 626 1636 679 δέ,

173 690 270 737 οἷον
306 695 343 736 εἰ
380 694 606 748 ἐπιστητὸν
639 694 668 749 ἦ
697 695 871 774 ψυχή..
887 693 968 735 ,τὰ
997 689 1040 735 δ’
1070 693 1214 743 άπλῶς
1242 694 1323 736 οὐκ
1350 691 1563 747 ἐνδέχεται
1589 691 1638 734 ἐν

171 757 350 808 ἐκείνοις
385 760 592 814 ὑπάρχειν
629 759 737 811 πρὸς
774 759 802 800 ἄ
837 772 941 800 ποτε
967 760 1168 812 τυγχάνει
1194 758 1425 811 λεγόμενα,
1465 753 1563 800 οἷον
1587 757 1638 799 τὸ

174 822 410 866 ἐναντίον’
393 839 439 865 εν
461 829 520 878 τῷ
541 824 735 878 ἐναντίῳ.
763 827 942 865 ⁶200b29
968 827 1049 865 τοῦ
1079 823 1125 864 δὲ
1153 823 1262 874 πρός
1288 837 1329 864 τι
1354 823 1404 864 τὸ
1431 822 1512 874 μὲν
1537 822 1638 864 καθ’

173 888 391 943 ὑπεροχὴν
415 889 578 943 λέγεται
604 888 676 931 καὶ
705 890 800 930 κατ’
827 888 1024 940 ἔλλειψιν,
1051 888 1101 930 τὸ
1130 887 1176 929 δὲ
1202 886 1311 929 κατὰ
1336 888 1386 929 τὸ
1412 887 1640 940 ποιητικὸν

173 952 247 996 καὶ
272 955 529 1008 παθητικόν,
557 953 630 996 καὶ
658 954 767 1002 ὅλως
794 954 1014 1005 κινητικόν
1039 967 1083 994 τε
1109 952 1182 994 καὶ
1208 953 1398 1004 κινητόν.
1438 956 1639 994 1021ι2ἵ

173 1017 226 1060 τὰ
274 1017 353 1072 μὲν
391 1015 474 1060 οὖν
510 1014 606 1061 κατ’
646 1019 836 1071 ἀριθμὸν
872 1017 946 1060 καὶ
980 1017 1167 1069 δύναμιν
1206 1018 1414 1071 λεγόμενα
1451 1017 1560 1069 πρός
1598 1032 1640 1058 τι

174 1083 316 1124 πάντα
356 1082 441 1124 ἐστὶ
482 1084 590 1137 πρός
629 1098 670 1124 τι
703 1084 763 1139 τῷ
804 1081 908 1135 ὅπερ
946 1081 1060 1124 ἐστὶν
1087 1084 1222 1123 ἄλλου
1250 1081 1453 1135 λέγεσθαι
1478 1082 1586 1134 αὐτὸ
1614 1081 1639 1124 ὅ

174 1144 309 1196 ἐστιν,
338 1147 444 1188 άλλὰ
472 1146 530 1201 μὴ
558 1153 616 1201 τῷ
644 1150 746 1188 ἄλλο
774 1146 884 1199 πρὸς
910 1146 1072 1189 ἐκεῖνο·
1103 1148 1152 1189 τὸ
1180 1146 1227 1189 δὲ
1254 1148 1465 1200 μετρητὸν
1491 1146 1566 1188 καὶ
1590 1147 1640 1189 τὸ

172 1210 399 1266 ἐπιστητὸν
445 1212 517 1254 καὶ
552 1213 601 1254 τὸ
643 1212 878 1265 διανοητὸν
914 1217 973 1264 τῷ
1010 1214 1114 1253 ἄλλο
1146 1211 1256 1264 πρὸς
1293 1212 1400 1254 αὐτὸ
1438 1211 1640 1266 λέγεσθαι

174 1277 283 1329 πρός
307 1292 349 1318 τι
375 1276 592 1330 λέγονταιι
628 1279 677 1316 ad
706 1292 823 1329 quam
852 1278 1088 1317 divisionem
1116 1279 1286 1329 respicit
1314 1280 1519 1318 10561135
1549 1278 1642 1332 διῄ-

176 1356 302 1394 ρηται
324 1342 363 1383 δ’
382 1342 487 1396 ἡμῖν
507 1339 554 1383 ἐν
581 1343 725 1390 ἄλλοις
752 1340 818 1382 ὅτι
846 1341 973 1394 διχῶς
1000 1340 1161 1394 λέγεται
1188 1341 1242 1383 τὰ
1268 1342 1379 1394 πρός
1404 1357 1458 1394 τι,
1487 1342 1540 1383 τὰ
1564 1341 1643 1397 μὲν

176 1405 233 1455 ὡς
260 1404 445 1457 ἐναντία,
475 1407 528 1448 τὰ
556 1406 594 1448 δ’
623 1406 680 1455 ὡς
708 1405 916 1460 ἐπιστήμη
945 1404 1053 1460 πρὸς
1082 1405 1330 1460 ἐπιστητόν,
1357 1408 1417 1464 τῷ
1445 1406 1645 1461 λέγεσθαί

175 1485 216 1511 τι
242 1473 347 1512 ἄλλο
375 1472 484 1523 πρὸς
512 1471 631 1512 αὐτό.
659 1475 763 1512 1057
775 1476 856 1511 ³37
884 1472 972 1512 τῶν
1000 1470 1047 1512 δὲ
1074 1472 1182 1524 πρός
1207 1486 1249 1512 τι
1275 1471 1357 1513 ὅσα
1383 1473 1443 1527 μὴ
1472 1472 1645 1515 ἐναντία

178 1536 260 1577 οὐκ
289 1536 369 1590 ἔχει
405 1535 573 1588 μεταξύ.
623 1534 763 1576 αἴτιον
794 1534 833 1576 δ’
862 1534 927 1576 ὅτι
954 1536 1035 1576 οὐκ
1064 1533 1113 1576 ἐν
1138 1538 1198 1593 τῷ
1228 1537 1343 1591 αὐτῷ
1371 1535 1487 1590 γένει
1513 1536 1642 1582 ἐστίν.

123 1602 248 1640 6⁸37
275 1600 302 1655 ἢ
330 1600 538 1643 ὁπωσοῦν
564 1602 714 1648 ἄλλως,
743 1601 848 1652 quod
879 1602 1098 1654 explicatur
1126 1603 1150 1640 b
1175 1606 1201 1640 8
1219 1616 1308 1654 sqq.
1434 1604 1440 1613 ”

121 1667 180 1704 fia
193 1668 244 1705 38
271 1668 523 1707 retinendum
553 1666 692 1719 putavi
720 1665 866 1716 μεῖζον
900 1672 993 1705 ante
1028 1666 1167 1715 τινός,
1198 1668 1293 1719 quia
1322 1681 1345 1706 a
1372 1668 1643 1708 scribentibus

175 1736 223 1770 ut
246 1744 582 1783 supervacaneum
611 1730 802 1769 omissum
831 1743 922 1769 esse
950 1732 1015 1770 ubi
1045 1743 1122 1769 non
1151 1732 1296 1783 legitur
1322 1733 1532 1783 probabile
1559 1737 1642 1772 est:

179 1794 278 1834 dicit
295 1796 398 1835 enim
421 1796 520 1833 hoc:
555 1807 670 1842 „nam
692 1795 824 1845 aliquo
842 1794 970 1832 maius
995 1795 1143 1834 dicitur
1163 1796 1269 1846 quod
1298 1796 1443 1834 dicitur
1470 1795 1643 1835 maius.’'

122 1858 246 1897 6b11
273 1860 501 1912 recepimus
525 1855 613 1898 ἔστι
641 1871 730 1897 cum
762 1858 852 1896 edd.
883 1859 1082 1909 prioribus
1111 1860 1310 1907 omnibus,
1339 1861 1446 1911 quod
1476 1872 1552 1899 non
1582 1859 1644 1900 fe-

176 1924 346 1963 rendum
380 1924 529 1976 putavit
560 1923 682 1969 Bkk.,
721 1935 958 1973 quamquam
995 1922 1116 1961 simili
1145 1924 1265 1962 modo
1295 1936 1484 1963 numerus
1514 1930 1643 1964 muta-

177 1993 242 2026 tur
267 2001 326 2027 vs.
358 1990 407 2026 13
430 2001 488 2039 sq.
520 1986 600 2027 εἰσὶ
620 1984 762 2034 θέσεις
777 2008 831 2015 -
845 1985 1022 2039 λέγεται,
1059 1987 1111 2025 cf.
1133 2000 1238 2038 quae
1259 1987 1433 2027 diximus
1461 1989 1512 2027 ad
1534 1990 1643 2030 4³8.

122 2052 248 2091 6h22
278 2053 507 2091 Ammonius
536 2052 669 2091 locum
698 2064 774 2090 non
807 2051 1004 2104 integrum
1034 2063 1125 2090 esse
1153 2052 1381 2102 suspicatus
1402 2056 1466 2090 est
1495 2053 1642 2099 (schol.

176 2117 378 2164 621245),
421 2118 513 2167 quia
551 2116 718 2168 aequale
757 2120 799 2155 et
827 2116 1036 2167 inaequale
1063 2128 1141 2155 non
1169 2122 1280 2155 recte
1307 2117 1491 2155 dicantur
1520 2118 1644 2168 magis

180 2192 272 2218 esse
312 2181 480 2231 aequale
508 2185 549 2219 et
578 2181 709 2220 minus
749 2180 926 2232 aequale.
978 2181 1266 2233 Argumentum
1290 2182 1388 2219 satis
1417 2181 1526 2228 leve3
1555 2195 1645 2220 nam

179 2255 257 2283 non
283 2244 502 2282 verisimile
536 2249 602 2283 est
628 2244 677 2282 ab
705 2244 794 2282 aliis
822 2244 976 2283 adiecta
1006 2257 1098 2283 esse
1127 2244 1323 2295 exempla,
1353 2257 1456 2295 quae
1485 2245 1543 2283 rei
1571 2259 1643 2297 pa-

178 2321 267 2347 rum
297 2314 389 2359 apta
417 2308 514 2346 sint:
554 2308 641 2358 quis
679 2313 742 2347 est
780 2308 884 2347 enim
926 2309 993 2359 qui
1032 2308 1083 2346 de
1120 2321 1194 2347 suo
1223 2309 1371 2359 aliquid
1401 2308 1537 2358 addat,
1563 2321 1644 2360 quo

178 2373 420 2412 Aristoteles
448 2372 517 2410 fiat
546 2371 777 2410 difficilior?
805 2372 942 2422 Quare
969 2374 1056 2424 ipsa
1085 2372 1315 2420 difficultas,
1346 2386 1464 2423 quam
1492 2373 1644 2413 invenit

179 2437 435 2483 Ammonius,
472 2436 629 2475 videtur
669 2436 884 2475 ostendere
932 2437 1033 2475 haec
1069 2438 1191 2475 verba
1228 2450 1305 2475 non
1346 2450 1436 2476 esse
1471 2438 1642 2480 intrusa.

179 2501 408 2554 Simplicius
442 2505 483 2540 et
503 2500 743 2539 lamblichus
765 2502 991 2540 habuerunt
1011 2499 1283 2552 α’νισαίτερον
1306 2502 1452 2547 (schol.
1475 2503 1528 2540 62
1542 2503 1643 2550 1123,

177 2568 254 2614 28,
294 2569 365 2612 32)
409 2579 539 2616 neque
587 2565 688 2603 alius
727 2565 911 2604 lectionis
948 2568 1193 2604 mentionem
1228 2566 1403 2604 faciunt:
1442 2578 1567 2616 quare
1602 2572 1643 2606 et

176 2632 280 2670 hanc
314 2629 604 2670 restituendam
643 2629 828 2668 duximus
856 2643 879 2668 e
908 2629 995 2668 cod.
1027 2643 1050 2668 e
1077 2635 1122 2668 ut
1150 2630 1418 2669 difficiliorem
1445 2635 1487 2669 et
1513 2631 1551 2669 in
1581 2644 1642 2670 se-

181 2696 395 2746 quentibus
423 2695 655 2743 recipienda
685 2706 779 2732 esse
806 2694 1031 2745 putavimus
1073 2707 1174 2744 quae
1210 2695 1316 2733 idem
1356 2695 1484 2734 codex
1523 2709 1642 2748 prae-

178 2760 258 2799 bet.
321 2759 494 2798 Omissis
533 2759 654 2809 igitur
692 2758 826 2797 verbis
862 2758 1026 2808 μᾶλλον
1057 2756 1130 2798 καὶ
1156 2749 1288 2811 ἧττον
1314 2758 1477 2812 λέγεται
1505 2773 1561 2799 vs.
1591 2762 1643 2799 23

185 2823 415 2874 scripsimus
442 2822 587 2864 αὐτῶν
611 2823 698 2863 τῶν
715 2821 822 2874 πρός
845 2822 952 2869 (τῶν
973 2824 1077 2863 enim
1101 2823 1219 2864 facile
1247 2825 1459 2877 praeteriri
1487 2829 1645 2878 poterat
