1832 3112
651 176 904 224 Anaiytlca
930 175 1100 223 priora.
1571 176 1650 217 511

191 275 434 316 deductione
460 275 511 316 sd
538 276 769 316 absurdum.
814 276 1053 329 Exemplum
1076 275 1330 316 manifestum
1355 275 1467 317 dedit
1486 277 1652 328 571216,

190 341 261 381 ubi
288 339 422 393 coegit
449 340 487 380 Β
515 354 608 382 esse
633 354 835 394 magnum,
862 342 897 380 si
925 354 1002 381 non
1031 342 1082 381 sit
1107 354 1306 393 magnum.

138 405 296 444 64b16
332 401 541 457 ἐναντίος,
568 407 695 446 intell.
723 409 782 457 τῷ
808 405 1021 458 πράγματι
1051 407 1155 447 sicut
1182 419 1242 445 rs.
1262 409 1315 455 93
1350 419 1388 446 v.
1417 419 1520 458 quse
1546 407 1651 447 dixi-

191 481 281 508 mus
310 470 358 508 ad
388 471 553 511 llb34.
591 493 644 500 —
707 470 909 519 τοιαύτας
947 472 1051 511 bene
1088 470 1265 524 explicat
1301 471 1388 512 cod.
1427 484 1458 511 n
1493 471 1651 512 adiecto

191 531 493 587 ἀντικειμένας.

137 598 287 637 64ὺ23
328 601 432 640 Ante
465 594 559 641 εἶτα
597 600 803 640 omisimus
832 599 954 639 rerba
989 597 1061 640 καὶ
1096 598 1174 652 οὐχ
1201 598 1413 653 ὑπόληψις
1439 598 1651 640 lectionem

190 663 455 704 restituentes
485 678 604 717 quam
649 670 692 705 et
719 665 886 717 praebet
914 669 992 704 vet.
1016 666 1086 705 int.
1106 665 1194 704 cod.
1214 665 1338 704 Goth.
1369 670 1413 705 et
1438 665 1551 718 prius
1579 665 1652 704 ha-

187 727 363 767 buerunt
399 730 560 769 codices
589 729 673 770 Bn.
711 729 782 768 lul.
811 729 952 769 Pacius
991 733 1103 768 recte
1140 729 1240 768 vidit
1275 730 1380 768 hunc
1416 729 1549 769 locum
1587 743 1652 770 sa-

190 804 285 831 num
305 805 384 832 non
407 806 513 836 esse.
568 794 712 841 Buhle,
741 794 810 845 qui
838 794 1009 845 priorem
1025 792 1174 845 Organi
1192 793 1411 834 editionem
1439 807 1556 845 quam
1584 795 1652 835 ille

192 856 367 897 instituit
404 859 455 898 ob
493 859 630 897 oculos
667 858 816 909 habuit,
852 857 1029 906 alterius,
1066 858 1106 897 in
1135 872 1213 910 qua
1240 871 1317 898 non
1346 871 1473 911 pauca
1501 864 1653 900 mutata

189 926 306 968 sunt,
359 923 557 962 rationem
594 935 672 962 non
709 923 862 962 habens
901 923 999 962 dicit
1032 922 1205 971 „Pacius
1244 922 1457 975 legendum
1496 925 1653 965 censuit

189 983 231 1025 εἴ
245 999 285 1026 τι
303 984 417 1040 veli)
437 982 540 1036 εἶτα,
568 988 683 1028 cuius
711 987 942 1027 mutationis
970 988 1078 1026 nulla
1106 987 1248 1026 idonea
1271 1001 1390 1027 causa
1408 988 1513 1028 est''.
1553 989 1650 1029 Plus

191 1050 317 1089 semel
359 1052 505 1092 accidit
534 1052 678 1091 Buhlio
716 1053 822 1103 quod
862 1052 940 1090 hoc
968 1052 1057 1092 loco
1087 1052 1293 1091 videmus:
1331 1052 1465 1092 facilia
1492 1053 1531 1093 ei
1559 1058 1653 1093 sunt

190 1127 296 1166 quae
323 1128 486 1156 sensum
515 1117 675 1156 omnino
715 1129 793 1156 non
822 1116 984 1155 habent.
1050 1116 1147 1155 Loci
1185 1117 1383 1156 sententia
1420 1117 1538 1170 plana
1575 1123 1650 1160 est.

188 1177 253 1219 Ex
279 1192 360 1220 uno
386 1181 633 1233 syllogismo,
661 1181 761 1221 dicit
776 1181 1032 1229 Aristoteles,
1061 1193 1137 1219 non
1166 1180 1263 1220 licet
1290 1180 1529 1234 colligereA
1559 1195 1652 1223 esse

187 1255 266 1283 non
304 1245 353 1295 A,
389 1246 468 1285 nisi
504 1246 594 1299 ipsa
630 1246 849 1298 propositio
887 1245 979 1285 talis
1018 1249 1212 1294 sumatur,
1250 1258 1286 1284 e.
1324 1258 1358 1286 c.
1398 1246 1432 1284 si
1470 1251 1651 1287 sumatur

188 1306 320 1348 Omne
355 1310 500 1349 animal
541 1315 584 1350 et
621 1311 752 1349 album
781 1316 844 1349 est
870 1315 911 1349 et
948 1322 1025 1349 non
1053 1309 1199 1356 album,
1238 1309 1360 1349 homo
1395 1315 1458 1350 est
1492 1311 1650 1359 animal,

108 1391 112 1399 ·
189 1385 288 1426 ergo
316 1374 438 1413 homo
466 1379 509 1414 et
534 1374 648 1414 albus
676 1380 741 1414 est
767 1379 809 1414 et
836 1387 914 1414 non
942 1374 1069 1413 albus.
1130 1374 1212 1413 lam
1247 1374 1290 1414 in
1326 1379 1501 1415 mentem
1539 1376 1651 1416 venit

187 1438 398 1478 Aristoteli
434 1438 509 1478 alia
536 1440 728 1485 conditio,
767 1441 841 1479 sub
870 1451 947 1490 qua
981 1438 1115 1490 colligi
1154 1439 1283 1490 possit
1311 1440 1346 1479 A
1374 1452 1466 1478 esse
1494 1451 1571 1479 non
1600 1441 1649 1489 A,

188 1515 223 1541 e.
250 1516 289 1555 g.
319 1503 355 1541 si
383 1503 472 1555 quis
501 1508 632 1543 sumat
672 1516 830 1543 omnem
869 1503 1074 1542 scientiam
1105 1503 1275 1554 positam
1312 1516 1404 1542 esse
1442 1504 1482 1543 in
1510 1504 1651 1544 existi-

186 1567 362 1606 matione
391 1568 574 1618 quadam,
614 1567 760 1606 deinde
796 1567 858 1606 vel
888 1571 1020 1606 sumat
1047 1567 1111 1606 vel
1140 1567 1300 1606 aliunde
1331 1567 1494 1620 colligat
1521 1568 1650 1609 medi-

187 1631 317 1670 cinam
346 1631 553 1670 scientiam
581 1632 742 1683 quidem
779 1643 871 1670 esse
898 1643 1028 1681 neque
1065 1636 1199 1670 tamen
1228 1632 1523 1672 existimatione
1553 1646 1650 1684 qua-

186 1695 280 1735 dam
307 1695 516 1743 contineri,
543 1695 652 1734 unde
679 1694 767 1745 cogi
795 1694 960 1745 poterit,
1001 1695 1107 1744 quod
1136 1694 1270 1744 aliqua
1297 1696 1463 1735 scientia
1489 1709 1568 1736 non
1596 1697 1651 1736 sit

186 1759 374 1798 scientia:
417 1763 460 1798 et
486 1758 562 1798 hac
591 1759 754 1810 quidem
782 1758 935 1797 ratione
962 1758 1155 1808 colligere
1190 1757 1288 1797 licet
1315 1759 1350 1798 A
1379 1772 1470 1799 esse
1506 1773 1585 1800 non
1613 1761 1650 1800 A

183 1835 321 1875 *neque
348 1822 530 1875 pluribus
558 1823 805 1876 syllogismis
834 1821 1024 1861 adhibitis
1051 1834 1181 1873 neque
1219 1823 1346 1862 altera
1374 1825 1650 1876 propositione

186 1888 241 1927 ita
281 1891 428 1934 sumta,
466 1891 512 1927 ut
547 1887 628 1926 iam
665 1887 706 1927 in
745 1887 821 1926 hac
858 1886 946 1938 ipsa
984 1886 1157 1938 positum
1194 1887 1246 1926 sit
1274 1887 1307 1926 A
1346 1900 1440 1927 esse
1480 1901 1559 1928 non
1598 1889 1647 1930 A.

186 1952 303 1992 Hanc
339 1952 465 2003 igitur
491 1951 775 2000 conditionem,
814 1951 888 1990 sub
917 1963 993 2002 qua
1021 1950 1055 1989 A
1094 1963 1187 1989 esse
1224 1963 1303 1991 non
1331 1951 1367 1991 A
1405 1965 1484 1992 uno
1524 1953 1647 2005 syuo-

180 2017 315 2070 -gismo
344 2020 603 2069 (quamquam
639 2028 686 2055 re
711 2028 805 2055 vera
832 2027 910 2054 non
950 2019 1014 2054 est
1041 2027 1155 2063 unus,
1194 2016 1268 2055 sed
1305 2016 1442 2069 plures
1481 2018 1550 2068 qui
1585 2017 1647 2057 fa-

188 2081 319 2120 ciendi
347 2086 452 2129 suut,
493 2085 540 2120 ut
566 2080 786 2120 habeamus
814 2079 921 2132 quod
949 2079 1152 2127 volumus)
1182 2080 1315 2132 colligi
1342 2081 1483 2132 possit,
1524 2094 1646 2133 quum

187 2151 303 2185 antea
331 2158 410 2185 non
435 2144 594 2195 viderit,
622 2157 727 2185 nunc
755 2144 1074 2184 animadvertens
1103 2145 1233 2196 pergit
1249 2158 1304 2184 vs.
1327 2147 1379 2185 21
1408 2143 1498 2185 ἀλλ’
1525 2143 1554 2199 ἢ
1582 2176 1593 2186 .
1609 2175 1644 2189 ..

188 2209 289 2260 „sed
326 2214 396 2250 aut
427 2209 469 2249 in
504 2210 603 2263 ipsis
640 2209 981 2262 propositionibus
1020 2209 1213 2249 sumenda
1254 2210 1334 2248 erit
1371 2211 1644 2262 repugnantia,

186 2274 311 2314 etiam
338 2274 373 2313 si
400 2286 479 2314 non
507 2287 670 2328 semper
696 2273 737 2312 in
768 2271 891 2312 altera
919 2274 1018 2322 sola,
1058 2273 1162 2326 quod
1190 2274 1342 2313 factum
1371 2279 1435 2314 est
1462 2274 1502 2313 in
1531 2280 1645 2315 ante-

186 2337 422 2378 cedentibus
455 2350 513 2380 va.
538 2341 693 2390 20211„
731 2341 800 2376 aut
836 2350 909 2389 per
945 2338 1024 2378 duo
1063 2338 1316 2390 syllogismos
1355 2338 1644 2380 conficiendum

185 2402 263 2442 erit
290 2403 397 2454 quod
424 2403 649 2444 volumus'’.
711 2402 829 2453 Quod
857 2402 890 2441 si
919 2416 968 2442 ea
999 2402 1154 2442 ratione
1182 2416 1299 2454 quam
1335 2402 1455 2442 modo
1493 2416 1644 2457 propo-

184 2466 339 2507 suimus
366 2467 474 2508 hunc
501 2468 634 2508 locum
663 2466 860 2519 explicare
887 2467 1086 2517 nolumus,
1115 2467 1281 2506 servatis
1304 2467 1437 2507 verbis
1464 2464 1537 2508 καὶ
1563 2467 1642 2522 οὐχ

184 2528 398 2585 ’ὑπόληψις
423 2537 505 2572 tum
535 2546 647 2572 mera
682 2532 723 2572 in
762 2531 827 2571 his
854 2531 975 2572 inerit
1002 2531 1189 2584 repetitio
1226 2544 1363 2570 eorum
1392 2544 1496 2583 quae
1523 2533 1643 2574 modo

183 2596 287 2636 dixit
301 2597 555 2647 Aristoteles,
584 2603 670 2637 tum
697 2596 817 2635 verba
848 2594 1026 2648 οὐδεμία
1052 2594 1091 2636 δ’
1119 2593 1331 2648 ὑπόληψις
1356 2609 1414 2635 vs.
1439 2598 1493 2637 24
1521 2609 1641 2649 quem

186 2671 348 2701 sensum
375 2661 526 2701 habere
553 2661 706 2713 possint
732 2673 810 2700 non
838 2661 1037 2712 intelligo:
1064 2674 1154 2700 nam
1183 2661 1218 2700 si
1245 2660 1385 2700 datum
1419 2666 1482 2701 est
1507 2661 1640 2702 scieu-

194 2723 290 2764 tiam
317 2738 409 2766 esse
435 2731 477 2766 et
503 2726 539 2765 A
566 2730 607 2765 et
634 2737 711 2764 non
739 2725 789 2771 A,
829 2730 876 2765 ut
902 2725 1162 2765 concludatur
1198 2724 1434 2765 medicinam
1469 2739 1562 2766 esse
1598 2730 1642 2766 et

186 2788 222 2828 A
249 2792 291 2829 et
317 2801 395 2831 uon
419 2791 467 2841 A,
496 2803 598 2843 opus
624 2802 703 2831 non
730 2792 807 2840 est,
835 2793 882 2830 ut
907 2790 1151 2830 concedatur
1177 2790 1416 2831 medicinam
1442 2802 1522 2831 non
1548 2802 1640 2831 esse
