1794 3086
609 197 871 245 Analytica
894 197 1068 243 priora.
1485 197 1567 238 4oe

115 304 163 339 ut
187 296 349 350 saepius
375 296 482 349 apud
502 297 777 345 Aristotelem,
805 309 844 337 v.
867 297 1070 338 134oh24
1093 293 1144 338 ἓν
1169 294 1252 350 γάρ
1277 308 1320 336 τι
1344 294 1434 337 τῶν
1458 295 1565 339 ἄδυ-

114 361 260 404 νοέτων
293 359 322 415 ἢ
349 360 543 414 χαλεπῶν
568 358 655 403 ἐστὶ
680 359 740 416 μὴ
765 360 1115 416 κοινωνήσαντας
1139 361 1226 402 τῶν
1251 358 1393 413 ἔργων
1418 361 1566 415 κριτὰς

114 425 317 481 γενέσθαι
343 425 623 475 σπουδαίους.

173 533 272 588 Cap.
299 533 339 574 8.
371 532 590 574 Conversio
617 533 849 586 syllogismi
859 533 968 586 fieri
986 532 1156 583 dicitur,
1174 546 1300 589 quum
1318 533 1454 574 altera
1465 546 1567 587 pro-

58 599 212 654 positio
248 597 412 638 tollitur
444 610 524 650 per
551 597 832 650 syllogismum
856 598 999 650 posita
1019 599 1308 651 propositione
1335 610 1444 652 quae
1470 611 1567 638 con-

63 663 242 703 clusioni
281 661 496 701 contraria
526 666 611 707 est,
647 663 700 700 25
730 662 799 702 vel
831 663 974 715 posita
1009 675 1117 716 quae
1155 668 1379 716 repugnat.
1433 664 1485 702 37
1514 662 1567 702 In

58 724 387 780 particularibus
405 725 651 778 syllogismis
668 727 832 780 primae
839 728 1017 781 figurae
1043 727 1081 766 si
1106 727 1283 766 sumitur
1311 740 1566 780 repugnans,

61 796 241 845 utraque
264 789 494 844 propositio
521 789 695 839 tollitur,
722 791 762 830 si
784 791 997 831 contraria
1025 791 1371 840 (subcontrario),
1398 796 1566 831 neutra.

61 878 187 917 59b1
214 877 275 917 De
301 877 422 916 verbo
450 874 744 929 ἀναστρέφειν
770 889 806 916 v.
834 890 935 929 quae
963 878 1132 917 diximus
1159 878 1211 917 ad
1237 879 1288 918 25
1300 879 1371 918 ao.

62 943 184 982 59b5
213 939 248 981 εἰ
274 938 357 993 γὰρ
385 938 513 991 ἔσται,
542 942 581 981 h.
611 955 645 981 e.
675 940 711 982 εἰ
737 939 819 994 γὰρ
848 941 930 982 οὐκ
957 939 1192 994 ἀναιρεῖται
1216 940 1246 996 ἦ
1274 941 1416 996 λοιπή.

62 1006 149 1046 591)
164 1009 212 1045 Π
239 1005 319 1047 οὐκ
347 1003 461 1046 ἔστιν
479 1005 769 1047 ἀνασκευάσαι
788 1006 998 1047 καθόλου.
1051 1007 1168 1057 Quod
1194 1006 1464 1059 propositioni
1488 1020 1569 1046 ma-

114 1071 191 1110 iori
220 1072 462 1111 contrarium
490 1078 554 1111 est
581 1073 842 1111 conversione
869 1072 1087 1124 syllogismi
1114 1071 1276 1122 probari
1302 1073 1452 1124 nequit.

61 1136 211 1175 59b21
243 1135 433 1174 Dedimus
463 1133 530 1182 ἂν,
560 1137 665 1176 sicut
692 1138 826 1176 final.
893 1127 896 1132 ⁴

61 1200 212 1239 59b39
240 1198 294 1239 οὐ
320 1197 402 1253 γὰρ
430 1195 490 1240 ἔτι
510 1230 519 1240 .
541 1230 552 1242 .
573 1230 584 1242 .
621 1200 721 1240 Nam
747 1200 789 1240 in
817 1201 880 1239 his
911 1213 988 1239 non
1015 1199 1173 1239 tollitur
1192 1199 1315 1239 altera
1335 1201 1569 1254 propositio,

115 1267 159 1303 ut
185 1265 540 1305 inuniversalibus
568 1264 822 1317 syllogismis,
850 1266 888 1304 in
916 1265 1058 1316 quibus
1086 1264 1300 1304 tollebatur
1327 1265 1449 1304 etiam
1474 1278 1570 1318 par-

115 1328 276 1368 ticulari
305 1336 436 1369 sumta
463 1329 734 1382 propositione
761 1342 887 1381 esque
914 1329 1155 1368 conclusioni
1183 1333 1450 1382 repugnantez
1478 1342 1571 1369 nam

115 1392 319 1432 conclusio
346 1395 490 1433 dicitur
526 1390 729 1434 ἐλλείπειν
754 1391 863 1434 κατὰ
888 1391 968 1446 τὴν
994 1391 1308 1446 α’ντιστροφήν,
1349 1406 1469 1445 quum
1496 1406 1571 1446 pro

117 1457 327 1496 universali
348 1459 604 1498 conclusione
625 1459 794 1509 sumitur
819 1459 1067 1512 particularis
1096 1471 1337 1510 repugnans,
1366 1470 1468 1509 quae
1496 1457 1571 1496 mi-

116 1533 191 1560 nus
228 1521 308 1561 late
335 1527 446 1574 patet
471 1535 590 1574 qutun
617 1524 835 1572 contraria,
863 1527 908 1562 ut
937 1523 988 1561 de
1016 1522 1167 1561 ambitu
1192 1522 1342 1574 aliquid
1370 1522 1409 1561 ei
1437 1522 1572 1560 detra-

114 1589 223 1637 ctum
261 1598 352 1624 esse
388 1586 582 1625 videatur.
639 1586 723 1625 Res
765 1587 824 1625 sic
858 1599 903 1625 se
940 1586 1072 1625 habet.
1126 1585 1169 1624 Si
1195 1586 1235 1624 in
1263 1586 1570 1637 particularibus

74 1670 78 1674 -
118 1648 360 1699 syllogismis
379 1649 548 1688 sumitur
565 1650 670 1700 quod
691 1650 935 1689 conclusioni
951 1650 1191 1689 contrarium
1212 1650 1570 1696 (subcontrarium)

116 1716 195 1757 est,
225 1713 448 1763 propositio
477 1714 603 1752 maior
629 1726 705 1752 non
733 1714 901 1762 tollitur,
934 1713 1024 1764 quin
1053 1726 1076 1752 e
1103 1713 1205 1752 binis
1231 1714 1571 1765 propositionibus

118 1773 421 1826 particularibus
460 1777 620 1815 omnino
654 1790 732 1817 non
761 1777 806 1816 fit
833 1777 1108 1828 syllogismus,
1143 1777 1272 1816 minor
1298 1789 1378 1816 non
1403 1777 1571 1826 tollitur,

116 1840 233 1892 quia,
262 1840 295 1878 si
325 1840 372 1880 fit
409 1841 688 1893 syllogismus,
727 1841 929 1880 conclusio
957 1841 1207 1893 particularis
1235 1845 1322 1891 est,
1362 1853 1466 1894 quse
1491 1854 1570 1882 non

117 1904 223 1944 tollit
250 1903 459 1952 minorem,
488 1917 608 1956 quum
637 1905 886 1957 particularis
914 1905 982 1946 sit.

176 2008 276 2063 Cap.
302 2011 342 2050 9.
374 2009 426 2048 In
448 2010 752 2050 universalibus
769 2011 1015 2064 syllogismis
1042 2024 1125 2050 non
1153 2011 1317 2064 cogitur
1344 2009 1454 2065 quod
1476 2023 1572 2064 pro-

59 2074 262 2128 positioni
287 2074 438 2114 maiori
455 2076 708 2114 contrarium
737 2081 811 2123 est,
839 2074 915 2115 sed
942 2074 1051 2129 quod
1078 2076 1122 2114 ei
1144 2081 1379 2128 repugnat:
1409 2076 1573 2128 cogitur

65 2138 176 2193 quod
202 2138 354 2177 minori
373 2139 628 2178 contrarium
658 2145 720 2179 est
746 2140 814 2179 vel
840 2139 949 2194 quod
974 2145 1197 2193 repugnat,
1220 2140 1367 2193 prouti
1392 2141 1573 2179 sumitur
1643 2139 1646 2141 ’

65 2202 135 2242 vel
161 2201 272 2257 quod
299 2203 555 2242 conclusioni
573 2203 829 2243 contrarium
858 2210 916 2244 est
946 2205 1013 2244 vel
1040 2203 1149 2258 quod
1175 2208 1399 2258 repugnat.
1439 2206 1491 2243 33
1520 2203 1573 2244 In

60 2266 406 2321 particularibus,
434 2267 474 2306 si
486 2268 662 2320 ponitur
682 2266 792 2321 quod
811 2269 1065 2308 conclusioni
1087 2269 1344 2308 contrarium
1364 2273 1441 2318 est,
1469 2281 1573 2308 neu·

66 2337 137 2371 tra
161 2331 394 2385 propositio
421 2330 613 2378 tollitur;
638 2332 677 2370 si
703 2331 812 2385 quod
836 2338 1060 2387 repugnat,
1087 2338 1282 2386 utraque.

65 2419 150 2458 60·
164 2419 216 2457 16
242 2416 408 2458 ἀνελεῖν
427 2414 643 2467 ἐναντίως,
670 2417 814 2458 tollere
838 2418 1156 2471 propositionem
1184 2418 1442 2459 conclusione
1466 2419 1575 2459 facta

119 2494 222 2534 quae
249 2483 287 2522 ei
314 2483 513 2522 contraria
540 2487 615 2523 est.

66 2547 120 2586 60
130 2559 155 2585 a
166 2548 217 2586 2¹1
228 2547 318 2587 Erit
328 2547 505 2587 fortasse
520 2559 638 2598 quem
650 2547 787 2586 turbet
796 2546 995 2599 oppositio
1011 2547 1281 2587 membrorum
1294 2560 1410 2600 quam
1421 2545 1500 2600 μὲν
1515 2579 1525 2589 .
1540 2580 1550 2590 .
1565 2578 1574 2588 .

120 2608 168 2652 δέ
186 2611 375 2660 indicant,
397 2624 517 2663 quum
539 2615 582 2650 et
602 2609 708 2661 quod
727 2609 992 2662 propositioni
1006 2610 1085 2650 AB
1104 2615 1301 2665 repugnet
1319 2613 1575 2653 concludatur

123 2679 164 2714 et
190 2677 296 2728 quod
320 2675 583 2728 propositioni
612 2675 703 2725 ΑΓ,
730 2679 775 2714 ut
801 2672 1014 2725 utriusque
1039 2675 1159 2727 plane
1187 2676 1326 2715 eadem
1356 2677 1456 2716 ratio
1485 2690 1576 2717 esse

123 2739 316 2782 videatur.
385 2740 468 2779 Cur
504 2740 621 2791 igitur
648 2739 836 2791 opposuit
863 2739 1029 2778 alteram
1059 2740 1208 2780 alteri'l
1234 2740 1317 2780 Res
1344 2741 1402 2780 sic
1429 2754 1475 2782 se
1500 2741 1574 2781 ha-

124 2804 202 2844 bet.
268 2804 376 2844 Dixit
411 2804 730 2857 propositionem
757 2803 947 2843 maiorem
974 2815 1052 2843 non
1078 2803 1134 2844 ita
1161 2804 1246 2844 tolli
1274 2816 1409 2866 posse,
1437 2811 1482 2846 ut
1510 2818 1574 2845 co-

1229 2866 1306 2901 32*
