1664 3126
107 210 193 249 534-
620 213 872 259 Analytica
895 214 1075 258 priora.

159 320 238 357 qua
264 307 388 347 soluta
416 308 580 348 solvitur
605 309 702 360 ipsa.
755 310 865 359 Hoc,
903 323 1020 362 quum
1058 311 1272 363 propositio
1306 313 1427 351 maior
1452 313 1575 352 mani-

162 370 264 410 festa
292 375 380 417 est,
417 376 483 410 aut
522 373 567 410 fit
604 385 651 411 eo
679 374 782 423 quod
810 373 935 412 omnis
963 375 1138 425 quaestio
1165 379 1368 414 revocatur
1396 376 1443 414 ad
1481 388 1576 427 pro-

161 433 325 472 bandam
352 435 657 485 propositionem
685 436 875 475 minorem
915 442 981 475 aut
1007 449 1055 475 eo
1082 438 1185 487 quod
1212 440 1424 489 propositio
1451 440 1577 477 minor
1652 435 1664 501 l

161 509 306 547 paucos
333 501 481 535 tantum
512 520 560 526 —
588 511 755 549 paucos,
783 500 815 536 si
843 512 976 538 eorum
1005 512 1188 539 numerus
1215 505 1464 551 comparetur
1485 513 1573 539 cum
1657 510 1664 540 4

160 559 207 596 iis
236 559 373 609 quibus
404 571 501 610 opus
530 565 658 607 esset,
698 566 744 600 ut
779 562 819 599 id
854 562 981 612 ipsum
1010 563 1111 612 quod
1148 564 1390 614 propositum
1419 567 1480 602 est
1507 563 1577 601 de-

162 626 443 660 monstraretur
459 623 667 661 —medios
690 624 878 663 terminos
900 625 1031 673 habet,
1055 626 1191 675 quibus
1214 627 1396 664 adhibitis
1416 626 1577 677 propius

161 685 381 723 accedimus
410 685 456 722 ad
494 685 532 723 id
570 686 673 735 quod
708 687 999 725 ratiocinatione
1036 699 1272 739 cognoscere
1307 689 1497 728 volumus.
1526 709 1576 718 —

162 748 337 799 Apparet
362 744 440 799 τὴν
466 745 696 800 ἀπαγωγὴν
723 762 836 800 quam
861 750 958 787 dicit
985 750 1216 788 Aristoteles
1243 749 1357 802 plane
1384 752 1577 790 diversam

161 823 250 849 esse
276 809 324 848 ab
353 822 400 848 ea
427 810 716 850 demonstrandi
743 813 891 850 ratione
931 824 1044 861 quam
1071 824 1141 850 nos
1169 813 1414 863 apagogicam
1442 813 1576 864 appel-

161 873 244 912 lare
271 873 465 920 solemus,
491 886 528 911 v.
555 873 715 924 Trdlbg.
745 873 871 911 Elem.
899 875 976 925 log.
1004 886 1044 922 p.
1066 875 1156 912 113.
1199 874 1349 913 Eadem
1376 872 1579 926 ἀπαγωγὴ

164 948 275 988 quam
304 936 406 986 apud
433 936 683 975 Aristotelem
711 936 899 973 habemus
939 937 1055 975 etiam
1083 936 1185 987 apud
1214 937 1509 977 mathematicos
1536 938 1577 977 in

160 1011 235 1038 usu
274 997 373 1044 fuit,
410 1010 446 1037 v.
485 997 612 1037 Procl.
652 997 692 1036 in
729 997 881 1036 Euclid.
911 999 1037 1038 Elem.
1060 998 1127 1039 lib.
1146 999 1199 1037 111
1222 1013 1259 1050 p.
1285 1002 1336 1039 59
1360 1000 1442 1048 (ed.
1462 1001 1576 1040 Eucl.

163 1060 281 1100 Basil.
307 1061 408 1098 1533
437 1058 553 1103 fol-J:
589 1057 618 1111 ἦ
654 1056 699 1099 δὲ
733 1058 936 1113 ἀπαγωγὴ
964 1060 1185 1112 μετάβασίς
1213 1059 1324 1102 ἐστιν
1349 1062 1419 1103 ἀπ’
1447 1064 1578 1103 ἄλλου

97 1131 99 1133 ’
161 1121 457 1174 προβλήματος
483 1120 509 1174 ἢ
536 1123 808 1175 θεωρήματος
835 1121 898 1164 ἐπ’
938 1126 1039 1164 ἄλλο
1077 1117 1129 1164 οὗ
1154 1124 1419 1176 γνωσθέντος
1444 1125 1471 1179 ἢ
1497 1138 1575 1167 πο-

164 1183 383 1238 ρισθέντος
409 1183 481 1226 καὶ
506 1185 553 1226 τὸ
579 1186 855 1239 προκείμενόν
881 1186 966 1228 ἐστι
991 1186 1241 1239 καταφανές.

108 1253 258 1290 69322
285 1247 426 1301 ὀλίγα,
455 1261 489 1287 v.
519 1263 618 1300 quae
645 1251 811 1290 diximus
840 1253 889 1290 ad
919 1255 1045 1291 12a2.

108 1317 190 1353 6921
203 1316 254 1352 28
281 1312 505 1364 ἐγγύτερον
530 1311 610 1364 γὰρ
638 1342 649 1353 .
674 1340 684 1350 .
705 1342 714 1351 .
745 1315 821 1364 Qui
849 1315 1049 1353 scientiam
1076 1327 1151 1353 non
1178 1315 1324 1353 habent
1347 1314 1460 1365 pro-⁸
1495 1331 1503 1337 ’
1536 1331 1566 1341 ··

160 1391 244 1416 eam
287 1378 500 1424 accedunt,
551 1377 583 1414 si
617 1380 760 1426 cogunt
796 1370 1095 1428 propositionem
1133 1378 1216 1416 ΑΓ
1243 1377 1372 1416 medio
1410 1379 1422 1415 i
1580 1367 1629 1433 „¹

161 1441 236 1478 sito
259 1440 307 1487 Β,
336 1452 411 1478 non
432 1443 475 1477 ut
495 1440 765 1478 demonstrent
784 1441 885 1491 quod
910 1441 1030 1480 velint
1050 1463 1098 1469 —
1117 1441 1401 1479 conclusionem
1429 1493 1432 1495 Α
1471 1473 1473 1475 .
1523 1438 1525 1442 '
1544 1476 1550 1495 ,Α

158 1503 230 1542 sed
270 1507 315 1541 ut
349 1503 515 1540 doceant
550 1514 702 1540 omnem
739 1504 1003 1552 quaestionem
1041 1503 1117 1541 iam
1155 1503 1302 1541 versari
1335 1505 1376 1543 in
1545 1503 1547 1507 ⁴
1600 1499 1602 1501 ¹

161 1565 316 1604 stranda
342 1563 611 1615 propositione
638 1564 723 1602 ΒΓ.

109 1630 257 1667 oon-32
283 1625 330 1667 τὸ
358 1625 458 1677 μετὰ
485 1626 700 1676 μηνίσκων
727 1652 738 1663 .
759 1652 769 1662 .
790 1651 801 1662 .
837 1624 1043 1673 Quomodo
1071 1626 1330 1676 Hippocrates
1358 1628 1480 1665 Chius
1509 1643 1579 1678 per

162 1691 359 1738 lunulam,
387 1701 486 1739 quae
512 1690 560 1727 ab
588 1700 635 1725 eo
664 1699 805 1725 nomen
830 1687 971 1734 habet,
1013 1688 1198 1726 circulum
1227 1689 1417 1739 quadrare
1443 1689 1578 1728 volue-

161 1755 214 1792 rit
241 1752 422 1803 exposuit
448 1751 525 1789 Ios.
555 1750 768 1788 Blancanus
795 1749 1021 1788 Aristotelis
1049 1750 1134 1788 loca
1163 1751 1405 1791 mathematt.
1432 1751 1521 1791 coll.
1540 1755 1581 1791 et

163 1816 266 1867 expl.
298 1816 445 1854 Bonon.
480 1815 580 1851 1615
609 1827 647 1864 p.
677 1814 729 1850 44
757 1824 814 1862 sq.
862 1812 925 1851 Cf.
949 1813 1137 1851 Brandisii
1168 1814 1291 1853 schol.
1321 1814 1368 1852 ad
1399 1816 1580 1854 185816.

160 1878 413 1929 Hippocratis
442 1888 529 1914 cum
557 1876 732 1925 Brysone
758 1876 994 1914 mentionem
1021 1875 1117 1914 facit
1144 1877 1375 1915 Aristoteles
1396 1878 1583 1916 171b15.

162 1963 214 1971 ——-
237 1941 365 1979 Alium
388 1939 502 1977 huius
529 1938 706 1976 vocabuli
732 1950 888 1976 sensum
914 1938 1072 1977 adnotat
1097 1938 1261 1988 Lessing
1285 1939 1582 1986 (Collectaneen

163 2017 233 2043 zur
259 2003 354 2041 Litt.
400 2001 576 2040 Siimmtl.
606 1998 806 2038 Schriften
834 1999 925 2038 Tm.
954 2000 1047 2039 XVI
1073 2014 1112 2050 p.
1141 2003 1236 2047 151)
1273 2001 1467 2049 „Menisci
1503 2004 1581 2042 cir-

165 2067 247 2107 culi
275 2064 426 2104 Christi
454 2068 495 2102 et
522 2063 752 2102 Sanctorum
780 2063 977 2112 capitibus
1005 2063 1216 2115 appositi''.

221 2176 318 2229 Cap.
344 2174 408 2214 26.
465 2173 649 2213 Obiectio
678 2176 738 2210 est
761 2172 984 2223 propositio
1023 2183 1129 2223 quae
1161 2172 1434 2224 propositioni
1459 2185 1581 2226 oppo-

115 2242 256 2279 nitur.-
294 2239 317 2278 b
333 2240 356 2276 5
384 2250 490 2290 quae
516 2237 552 2276 si
580 2241 638 2275 est
665 2234 935 2282 universali3‚
970 2234 1014 2272 in
1038 2234 1174 2286 prima
1188 2237 1334 2287 figura
1361 2235 1582 2288 colligitur,

115 2305 153 2342 si
175 2301 467 2356 particularia,
496 2301 539 2338 in
565 2299 705 2338 tertia.

116 2387 236 2427 69b3
264 2382 555 2435 ἄντικείμεναι.
598 2384 631 2423 A
660 2381 844 2432 singulari
871 2393 1030 2420 numero
1058 2381 1188 2419 subito
1214 2381 1351 2420 transit
1377 2381 1425 2419 ad
1451 2383 1581 2434 plura-

170 2451 260 2488 lem.
298 2448 363 2487 Cf.
387 2450 528 2487 65a15
546 2443 904 2497 ἀντιστρέφουσιν.
932 2445 1104 2482 6201)ἳὸ
1122 2441 1359 2484 αλίσκονται
1372 2442 1452 2496 γὰρ
1469 2442 1582 2496 ἔχον-

168 2525 233 2559 τες
252 2509 445 2562 κεστρέας
466 2509 664 2557 πολλακις
693 2510 809 2555 ὄντες
834 2505 953 2547 αὐτοι
982 2506 1257 2558 βραδύτατοι,
1291 2507 1365 2548 τὸν
1393 2507 1584 2559 τάχιστον

169 2576 255 2615 τῶν
276 2574 449 2626 ἰχθύων.
503 2576 666 2613 503311
694 2571 892 2624 βλέπουσι
923 2570 960 2610 δ’
984 2568 1030 2610 ἐν
1057 2570 1134 2623 μὲν
1161 2572 1218 2626 τῷ
1250 2569 1372 2611 ὕδατι

171 2637 244 2688 ἔξω
265 2638 303 2678 δ’
324 2637 537 2688 ὀξύτατον.
585 2635 664 2689 τὴν
689 2635 766 2688 μὲν
793 2630 871 2676 οὖν
897 2633 1058 2687 ἡμέραν
1085 2633 1131 2675 ἐν
1160 2639 1212 2687 τῇ
1236 2638 1292 2687 γῇ
1320 2632 1367 2674 τὸ
1497 2630 1503 2640 ’

171 2701 387 2753 διατρίβει.
446 2702 621 2742 ’1111)22
648 2698 847 2747 ἐναντίως
875 2697 920 2739 δὲ
949 2697 1206 2750 καμπτοντες
1230 2697 1379 2758 μικρὸν
1400 2709 1457 2761 ¹...,
1491 2747 1505 2762 Φ
1646 2735 1664 2756 ·,

172 2767 249 2819 γῆς
270 2763 324 2806 ἂν
346 2759 503 2813 αὐτοὺς
523 2762 786 2817 ἐμετεώριζον
807 2761 877 2804 διὰ
893 2760 940 2803 τὸ
959 2761 1034 2803 τόν
1063 2775 1106 2803 τε
1123 2761 1259 2814 μηρὸν
1283 2757 1383 2803 ὅλον
1404 2786 1406 2788 -
1559 2761 1579 2795 ’ν
1614 2755 1624 2767 ’
