1884 3100
601 216 952 251 ΠΡΟΤΕΡΩΝ
978 218 1018 250 Β.
1455 213 1536 253 237

84 313 193 363 ὥστε
210 313 298 363 οὐκ
316 314 603 398 ἀναιροῦνται
625 316 672 363 αἱ
691 314 937 377 προτάσεις.
958 312 1065 362 ὅταν
1081 313 1129 361 δὲ
1149 311 1202 361 τὸ
1224 312 1533 375 ἀντικείμενον,

84 381 386 445 ἀιαιροῦνται.
436 385 476 430 εἰ
502 381 586 445 γάρ
619 382 671 430 τὸ
702 388 741 430 Α
769 384 898 430 παντὶ
920 387 985 428 τιῖ
1019 386 1055 428 Β
1077 382 1151 428 καὶ
1180 379 1231 428 τὸ
1253 385 1291 428 Β
1313 386 1379 448 τῷ
1402 385 1454 441 Γ,
1477 380 1531 429 τὸ

84 455 122 497 Α
148 430 278 498 πάντὶ
306 455 370 517 1:93
407 454 470 496 Γ·
508 449 604 497 ἀλλ’
630 469 689 497 οι
677 449 782 497 ’δενὶ
811 449 1024 512 ὑπῆρχεν.
1049 450 1184 496 πάλιν
1203 450 1241 496 εἰ
1258 447 1311 496 τὸ
1331 454 1370 496 A
1403 450 1531 498 παντὶ
1548 465 1584 494 3⁵

83 522 145 584 τῷ
176 522 238 575 Β,
267 523 332 565 τῶ
359 519 406 565 δὲ
440 521 486 564 Γ
521 518 697 581 μηδενί,
733 515 792 564 τὸ
810 521 848 563 Β
880 515 1030 564 οὐδενὶ
1061 521 1126 582 τῷ
1159 521 1220 563 Γ·
1258 515 1372 563 ἀλλά
1401 518 1533 565 παντὶ

83 566 292 648 ὑπῆρχεν.
336 584 501 645 ὁιιοίως
533 587 579 631 δὲ
609 585 830 631 δείκνυται
858 585 932 630 καὶ
965 586 1004 630 εἰ
1033 583 1094 647 un}
1124 584 1335 632 καθόλου
1357 586 1467 632 εἰσὶν
1487 585 1533 632 αἱ

82 652 331 712 προτάσεις.
369 653 528 713 γίνεται
560 650 643 713 γάρ
668 650 721 697 τὸ
751 655 839 698 ΑΓ
861 651 1068 698 καθόλου
1094 670 1139 697 τε
1169 653 1240 698 καὶ
1263 651 1532 715 στερητικόν,

82 716 322 779 θάτερονδ’
338 718 982 803 ἐπὶμέρουςκαὶκατηγορικόν.
1011 720 1050 764 εἰ
1065 719 1144 778 μὲν
1166 737 1255 765 ουν
1273 717 1325 766 τὸ
1348 725 1386 766 Α
1403 720 1534 768 παντὶ

81 790 146 851 τῷ
172 782 326 843 Β,τὸ
354 787 401 832 δὲ
437 789 474 831 Β
502 786 587 831 τινὶ
621 789 683 851 τῷ
723 789 785 843 Γ,
834 784 885 832 τὸ
922 789 960 831 A
993 786 1076 831 τινὶ
1101 789 1166 850 τῷ
1201 789 1248 831 Γ
1273 789 1528 847 συμβαίνει·
1546 801 1583 830 40

83 852 178 899 ἀλλ’
205 821 360 899 ἀύδενὶ
387 851 602 916 ὑπῆρχεν.
638 852 772 899 πάλιν
797 854 836 900 εἰ
866 850 918 899 τὰ
947 857 985 898 Α
1013 853 1140 899 παντὶ
1161 857 1224 917 τῷ
1247 856 1297 910 Β,
1329 858 1394 919 τῷ
1423 856 1471 901 δὲ
1492 857 1540 900 Γ

82 921 253 983 μηδενί,
283 917 335 965 τὸ
364 923 402 965 Β
432 919 583 966 οὐδενὶ
613 924 678 985 τῷ
712 923 763 966 Γ.
811 921 850 966 εἰ
884 921 931 966 δὲ
956 918 1008 966 τὰ
1028 925 1065 966 Α
1091 922 1176 966 τινὶ
1205 924 1271 985 τῷ
1301 924 1339 967 Β
1367 923 1442 968 καὶ
1478 919 1582 977 τὰρ
1592 934 1639 969 61

83 991 120 1033 Β
157 988 242 1034 τινὶ
277 990 342 1052 τῷ
379 990 431 1043 Γ,
464 1005 524 1034 ου
551 988 713 1049 γίνεται
738 986 1060 1071 συλλογισιιός·
1099 986 1202 1034 οὐδ’
1232 989 1272 1034 εἰ
1299 987 1351 1035 τὸ
1377 992 1416 1035 A
1446 990 1530 1036 τινὶ

80 1058 146 1119 τῷ
184 1058 245 1111 Β,
294 1057 360 1117 τῷ
410 1055 457 1100 δὲ
491 1057 538 1099 Γ
569 1055 748 1117 μηδενί,
793 1052 894 1101 οὐδ’
921 1052 1079 1111 οὕτως.
1119 1052 1220 1101 ωστ’
1248 1055 1421 1114 ἐκείνως
1452 1057 1533 1118 μὲν

81 1102 383 1183 ἀναιροῦνται,
402 1118 521 1167 οὕτω
541 1119 580 1167 δ’
599 1139 687 1168 ουκ
706 1119 993 1182 ἀναιροῦνται
1014 1123 1058 1168 αἱ
1078 1121 1325 1183 προτάσεις

217 1185 420 1247 Φανερόν
441 1180 525 1234 οὖν
546 1186 619 1234 διὰ
639 1192 728 1235 τῶν
748 1189 986 1251 εἰρημένων
1004 1193 1102 1245 πῶς
1123 1188 1530 1274 ἀναστρεφομένου
1546 1208 1565 1237 ⁵

78 1258 164 1302 τοῦ
207 1255 576 1314 συμπεράσματος
612 1255 658 1302 ἐν
700 1255 868 1321 ἑκάστῳ
907 1254 1096 1319 σχήιι-ατι
1126 1257 1287 1318 γί-νεται
1319 1260 1530 1319 συλλογι-

79 1321 208 1382 σμός,
242 1323 316 1367 καὶ
352 1321 448 1368 πότ’
468 1322 670 1380 ἐναντίως
694 1326 750 1383 τῇ
768 1322 980 1406 προτάσει
999 1325 1075 1369 καὶ
1092 1322 1192 1370 πότ’
1213 1322 1530 1384 ἀντικειμένως,

78 1391 154 1435 καὶ
177 1386 244 1436 ὅτι
276 1389 321 1435 ἐν
346 1407 424 1448 μεν
454 1393 517 1455 τῷ
544 1389 706 1455 πρώτῳ
737 1389 924 1453 σχήματι
951 1389 1025 1437 διὰ
1055 1395 1141 1437 τοῦ
1163 1391 1306 1451 μέσου
1340 1393 1415 1438 καὶ
1446 1395 1532 1439 τοῦ

79 1455 267 1517 ἐσχάτου
293 1474 484 1517 γινονται
513 1457 556 1502 οἱ
583 1459 890 1518 συλλογισμοί,
923 1459 997 1503 καὶ
1028 1456 1056 1521 ἡ
1086 1476 1166 1518 μεν
1186 1456 1299 1519 πρὸς
1317 1463 1383 1524 τῷ
1403 1459 1531 1506 ἐλάτ-

77 1541 171 1570 τονι
201 1521 323 1588 ἄκρῳ
350 1521 417 1569 ἀεὶ
446 1521 520 1569 διὰ
549 1527 636 1570 τοῦ
659 1524 803 1584 μέσου
824 1523 1075 1584 ἀναιρεῖται,
1100 1523 1126 1587 ἡ
1147 1526 1194 1572 δε
1214 1524 1328 1585 πρὸς
1348 1530 1415 1591 τῷ
1436 1526 1531 1587 μεί-
1547 1544 1582 1572 10

79 1593 173 1648 ζονι
191 1588 266 1636 διὰ
286 1593 371 1637 τοῦ
389 1589 600 1651 ἐσχάτου·
632 1591 677 1638 ἐν
696 1592 743 1638 δὲ
757 1595 823 1657 τῷ
841 1593 1032 1657 δευτέρῳ
1054 1590 1128 1639 διὰ
1146 1597 1232 1639 τοῦ
1251 1573 1434 1653 πρώτου
1455 1595 1532 1640 καὶ

76 1661 160 1704 τοῦ
186 1655 386 1717 ἐσχάτου,
415 1659 490 1704 καὶ
523 1655 554 1721 ἠ
579 1659 658 1718 μὲν
678 1639 800 1719 πρὸς
810 1663 873 1724 1:93
893 1658 1146 1706 ἐλάττονι”
1115 1679 1240 1725 ακρῳ
1259 1659 1325 1707 ἀεὶ
1347 1658 1422 1708 διὰ
1445 1665 1532 1709 τοῦ

76 1723 260 1785 πρώτου
292 1724 526 1787 σχηματος,
554 1723 584 1788 ἢ
609 1727 655 1772 δὲ
674 1724 792 1787 πρὸς
810 1730 876 1791 1:93
905 1729 1070 1787 μείζονι
1098 1725 1173 1773 διὰ
1202 1732 1290 1774 τοῦ
1317 1727 1530 1790 ἐσχάτου·

78 1792 124 1838 ἐν
156 1793 202 1838 δὲ
233 1795 296 1837 τῶ
326 1793 456 1856 τρίτῳ
485 1789 559 1838 διὰ
585 1797 671 1839 τοῦ
695 1793 882 1853 πρωτου
911 1795 986 1839 καὶ
1015 1792 1090 1840 616
1117 1798 1204 1841 τοῦ
1224 1795 1382 1855 μέσου,
1406 1797 1482 1841 καὶ
1499 1793 1531 1859 ἡ

77 1877 156 1920 μεν
185 1857 299 1919 πρὸς
325 1863 391 1941 1593
421 1861 588 1919 μείζονι
628 1858 702 1906 διὰ
732 1864 818 1908 τοῦ
848 1861 1031 1923 πρώτου
1061 1859 1152 1919 ἀεί,
1186 1859 1216 1925 ἡ
1254 1863 1302 1909 δε
1323 1860 1438 1925 πρὸς
1466 1866 1531 1928 τῷ
1546 1882 1582 1910 1⁵
1640 1916 1647 1928 ⁸

77 1925 269 1973 ἐλάττονι
298 1928 371 1971 δια
389 1930 476 1972 τοῦ
495 1927 651 1987 μέσου.

217 1994 274 2039 Τι’
301 2011 381 2052 μεν
411 2011 499 2040 ουν
524 1994 613 2040 ἐστὶ
642 1992 694 2041 τὸ
726 1993 1028 2055 ἀντιστρέφειν
1057 1996 1133 2042 καὶ
1158 1998 1254 2053 πῶς
1289 1996 1335 2043 ἐν
1362 1996 1532 2063 ἑκάστῳ

78 2058 265 2123 σχήματι
308 2061 383 2106 καὶ
419 2061 485 2118 τίς
513 2061 674 2122 γίνεται
708 2061 1019 2124 συλλογισμός,
1051 2062 1260 2124 φανερόν.
1318 2061 1345 2111 ὁ
1376 2065 1424 2111 δε
1455 2045 1529 2112 διὰ
1550 2072 1611 2117 ll

75 2131 161 2174 τοῦ
188 2125 418 2174 ἀδυνάτου
447 2127 746 2190 συλλογισμὸς
777 2132 999 2178 δείκνυται
1030 2131 1122 2190 μέν,
1150 2149 1259 2178 οταν
1280 2129 1310 2194 ἡ
1340 2129 1530 2193 ἀντίφα-

76 2205 146 2250 σις
174 2198 287 2254 τεθῇ
312 2198 398 2240 τοῦ
429 2196 799 2257 συμπεράσματος
820 2199 897 2244 καὶ
915 2202 1200 2279 προσληφθῇ
1224 2196 1339 2261 ἄλλη
1359 2199 1581 2259 πρότα-ιιο

76 2271 174 2318 σις,
215 2261 376 2321 γίνεται
418 2259 458 2307 δ’
497 2262 542 2308 ἐν
570 2260 707 2309 ἅπασι
736 2270 828 2322 τοῖς
856 2264 1098 2327 σχήμασιν·
1142 2262 1298 2324 ὅμοιον
1326 2265 1410 2349 γάρ
1441 2266 1531 2313 ἐστι

75 2331 129 2388 τῇ
159 2325 449 2388 ἀντιστροφῇ,
479 2326 597 2391 πλὴν
627 2331 826 2392 διαφέρει
857 2336 1078 2379 τοσοῦτον
1109 2329 1176 2379 ὅτι
1199 2330 1531 2394 ἀντιστρέφεται

75 2396 155 2456 μεν
181 2395 471 2458 γεγενημένου
502 2400 808 2459 συλλογισμοῦ
833 2401 908 2446 καὶ
935 2400 1204 2463 εἰλημιιένων
1236 2397 1406 2461 ἀμφοῖν
1439 2404 1532 2448 τοῖν

75 2462 344 2524 προτάσεων,
373 2461 584 2526 ἀπάγεται
608 2463 647 2512 δ’
670 2466 732 2524 εἰς
753 2465 977 2515 ἀδύνατον
1001 2465 1063 2514 ου’
1081 2467 1529 2532 προομολογηθέντος

166 2624 210 2658 89
229 2623 291 2659 καὶ
314 2637 370 2658 om
390 2638 425 2659 n.

165 2668 284 2704 61a1”
266 2682 382 2706 εκειτο
399 2669 439 2707 δε
449 2672 522 2707 τινί
531 2679 611 2716 post
621 2673 673 2718 τῷ
685 2674 785 2717 yadd
799 2675 861 2708 Cn.
874 2695 914 2701 —
936 2676 952 2709 1
966 2682 1000 2708 et
1013 2677 1033 2710 3
1044 2675 1120 2710 τῶν
1131 2675 1154 2720 β
1167 2687 1203 2708 n.
1217 2693 1263 2701 —
1286 2675 1308 2708 2
1321 2688 1469 2721 τωνγη.
1483 2695 1527 2703 -

77 2713 98 2746 7
118 2710 282 2756 ἐναντίος
300 2724 335 2749 et
352 2715 604 2762 ἀντικείμενος
621 2708 685 2752 Αἠ.
699 2737 742 2746 -
771 2721 809 2755 11
827 2727 909 2765 post
925 2720 989 2754 καὶ
1013 2733 1117 2778 supra
1135 2733 1174 2754 vs
1194 2719 1260 2755 διὰ
1277 2721 1347 2754 add
1365 2733 1400 2762 n,
1424 2734 1466 2766 pr
1481 2734 1526 2760 m.

76 2759 311 2794 —lssxoelom
327 2763 422 2795 ACn.
435 2782 479 2789 —
506 2765 548 2798 14
562 2765 614 2797 alt
634 2763 699 2799 διὰ
718 2767 822 2808 oms.
834 2784 880 2792 —
905 2766 956 2800 alt
973 2765 1038 2802 καὶ
1058 2778 1115 2800 om
1131 2767 1207 2801 Ac.
1226 2785 1272 2794 —
1297 2767 1340 2802 16
1362 2766 1443 2812 διὰ]
1465 2766 1527 2805 ἀεὶ

77 2802 140 2838 διὰ
155 2815 190 2837 π.
213 2824 256 2832 —·
279 2807 325 2841 23
343 2810 456 2849 σνλλ.]
474 2810 544 2845 τοῦ·
561 2812 659 2845 συλλ.
676 2822 711 2847 n.
