1794 3086
631 246 889 301 Anul‘yticu
912 244 1092 299 priores
1534 239 1615 291 469

108 355 235 395 491)2
261 352 309 396 ἐν
334 352 452 408 μέρει
478 359 595 396 vocat
622 367 714 405 eos,
754 354 820 406 qui
855 365 933 393 non
969 351 1111 401 ἁπλῶς
1136 363 1200 402 τι,
1227 351 1300 391 sed
1325 340 1424 392 τόδε
1448 363 1490 391 τι
1515 356 1612 390 con-

161 419 341 462 cludunt.
408 420 541 471 Quare
578 425 692 460 recte
729 418 847 457 Biese
874 417 904 458 1.
934 432 973 470 p.
1000 420 1079 458 179
1105 422 1187 458 not.
1215 417 1243 455 2
1279 415 1413 467 „Weil
1438 415 1480 455 in
1518 416 1611 455 dem

159 483 336 524 zusatze
373 485 464 524 eine
502 483 726 523 besondere
754 481 1029 534 Bestimmung
1056 482 1256 522 enthalten
1282 481 1350 531 ist,
1379 494 1424 520 so
1449 478 1612 520 werden

157 549 271 589 diese
299 549 491 589 Schliisse
519 548 621 587 auch
647 546 692 588 οἱ
717 544 764 587 ἐν
790 544 905 599 μέρει
931 544 1207 599 συλλογισμοί
1232 544 1442 598 genannt''.

214 665 312 719 Cap.
338 665 405 707 39.
435 665 488 705 In
515 665 683 718 analysi
704 664 1032 718 syllogismorum
1059 665 1232 704 termini
1259 665 1323 703 ita
1349 675 1512 716 semper
1537 673 1611 701 su-

105 729 248 770 mendi
281 735 379 771 sunt
422 737 464 770 et
497 729 712 779 mutandi,
748 734 795 769 ut
831 730 916 768 sint
952 742 1076 783 quam
1112 729 1297 785 maxime
1332 728 1541 781 simplices
1569 730 1609 765 et

100 808 328 849 perspicui.
1455 809 1458 812 “

213 880 314 935 Gap.
341 881 409 923 4⁰.
434 881 644 932 4Τεηηὶηἰε
679 879 942 920 adiiciendus
970 886 1031 921 est
1060 881 1263 922 articulus
1289 879 1358 920 vel
1384 891 1467 918 non
1496 876 1611 918 adii-

105 946 277 986 ciendus
299 947 447 1000 prouti
475 946 682 986 conclusio
705 946 907 999 postulat.

214 1032 314 1086 Gap.
343 1032 397 1071 41
428 1031 562 1082 Quum
599 1030 775 1072 dicimus
810 1030 912 1072 καθ’
951 1021 1005 1071 οὗ
1031 1030 1079 1072 τὸ
1107 1032 1144 1072 Β
1171 1029 1280 1073 κατὰ
1305 1027 1466 1077 παντὸς
1491 1025 1541 1069 τὸ
1568 1028 1611 1067 A

102 1095 324 1149 λέγεσθαι,
364 1096 461 1145 hoc,
502 1109 749 1150 quamquam
772 1110 853 1150 per
878 1110 926 1137 se
954 1110 1038 1136 non
1065 1096 1176 1137 idem
1205 1102 1265 1137 est
1292 1095 1401 1151 quod
1425 1094 1526 1136 καθ’
1555 1084 1611 1134 οὗ

102 1161 263 1210 παντὸς
289 1160 337 1201 τὸ
365 1161 424 1205 Β,
464 1157 572 1200 κατὰ
608 1159 768 1201 τούτου
806 1159 966 1209 παντὸς
1004 1158 1077 1202 καὶ
1112 1159 1161 1201 τὸ
1188 1162 1242 1212 A,
1269 1166 1414 1200 tamen
1441 1159 1496 1199 de
1521 1164 1609 1198 ter-

102 1229 226 1268 minis
253 1228 326 1281 qui
349 1226 630 1279 syllogismum
647 1227 823 1278 faciunt
851 1227 914 1265 ita
944 1227 1184 1280 accipimus,
1212 1232 1259 1265 ut
1288 1225 1342 1265 de
1367 1236 1610 1279 quocunque

100 1292 375 1347 praedicetur
401 1290 466 1339 B,
504 1289 558 1330 de
595 1304 644 1330 eo
683 1291 796 1330 omni
836 1292 965 1330 etiam
993 1291 1268 1345 praedicetur
1295 1290 1349 1329 A.
1390 1291 1442 1328 33
1474 1288 1610 1344 Certis

103 1358 294 1397 terminis
329 1369 413 1395 non
448 1355 646 1404 ιιιίπιιιν,ν
670 1360 718 1394 ut
755 1368 951 1407 cogamus
986 1355 1097 1410 quod
1132 1353 1502 1396 demonstrandum
1538 1353 1608 1401 sit,

101 1421 177 1461 sed
203 1426 249 1461 ut
278 1421 545 1460 illustremus.

102 1521 254 1559 491114
284 1518 483 1558 Differunt
510 1517 804 1569 propositiones
831 1515 880 1558 τὸ
896 1518 933 1557 Β
952 1516 1129 1571 ὑπάρχει
1154 1521 1213 1570 τῷ
1232 1518 1275 1558 Γ
1287 1520 1328 1556 et
1346 1514 1394 1557 τὸ
1414 1516 1451 1556 Β
1471 1512 1609 1567 ὑπάρ-

153 1597 215 1637 χει
242 1580 369 1624 παντὶ
395 1585 453 1634 τῷ
483 1582 534 1621 Γ.
581 1581 624 1619 Si
653 1581 824 1620 diversis
848 1584 1190 1635 propositionibus
1218 1582 1400 1634 adiungis
1427 1580 1610 1630 eandem,

154 1650 389 1689 coniunctae
417 1645 710 1698 propositiones
739 1657 817 1684 non
844 1647 949 1686 idem
978 1649 1185 1687 valebunt:
1219 1660 1343 1699 quare
1370 1647 1404 1684 si
1431 1646 1531 1685 dicis
1558 1644 1608 1685 τὸ

154 1715 197 1754 A
222 1711 399 1764 ὑπάρχει
426 1706 554 1750 παντὶ
580 1711 638 1761 τῷ
666 1709 716 1759 Β,
744 1708 793 1749 τὸ
823 1710 860 1749 Β
878 1708 1066 1788 ὑπάρχει
1090 1716 1148 1765 τῷ
1177 1713 1220 1752 Γ
1244 1711 1371 1763 (quod
1400 1711 1520 1750 etiam
1548 1711 1608 1750 sic

155 1779 381 1830 exprimere
408 1776 526 1814 licet.
555 1772 604 1814 τὸ
630 1774 672 1813 Α
698 1771 827 1815 παντὶ
863 1773 1042 1828 ὑπάρχει
1078 1767 1111 1815 ὦ
1137 1775 1187 1816 τὸ
1216 1777 1254 1815 Β
1280 1774 1502 1827 ὑπάρχει),
1529 1775 1609 1814 hoc

153 1856 231 1883 non
270 1842 377 1880 idem
418 1846 482 1879 est
518 1852 564 1877 ac
601 1839 637 1877 si
676 1839 776 1879 dicis
804 1838 853 1879 τὸ
881 1841 923 1879 Α
948 1839 1129 1893 ὑπάρχει
1155 1838 1285 1881 παντὶ
1310 1843 1369 1892 τῳ
1397 1839 1456 1889 Β,
1492 1834 1541 1879 τὸ
1570 1839 1608 1878 Β

153 1905 333 1959 ὑπάρχει
368 1916 498 1944 παντι
520 1906 580 1955 τῷ
609 1903 653 1942 Γ
685 1903 813 1954 (quod
850 1906 909 1944 sic
934 1906 1105 1957 exprimi
1133 1910 1294 1958 potest:
1334 1903 1384 1945 τὸ
1410 1905 1453 1943 A
1478 1916 1609 1944 παντι

152 1971 332 2024 ὑπάρχει
360 1961 394 2023 ᾡ
421 1968 470 2010 τὸ
491 1969 528 2008 Β
555 1965 682 2008 παντὶ
708 1966 919 2021 ὑπάρχει).

101 2038 250 2077 49b20
277 2036 321 2074 Si
349 2034 571 2088 propositio
599 2034 724 2071 maior
750 2034 872 2083 (AB)
901 2046 978 2073 non
1006 2038 1070 2074 est
1096 2033 1348 2083 universalis,
1374 2033 1414 2074 h.
1444 2046 1480 2072 e.
1509 2032 1544 2072 si
1564 2033 1607 2072 A

153 2115 231 2142 non
257 2102 374 2140 latius
402 2101 515 2151 patet
543 2111 660 2149 quam
688 2097 739 2145 Β,
768 2099 852 2138 sive
880 2099 914 2137 si
942 2098 984 2137 A
1010 2111 1087 2137 non
1117 2099 1371 2151 praedicatur
1398 2097 1450 2136 de
1477 2097 1606 2136 omni-

152 2168 251 2214 bus,
280 2164 422 2215 quibus
449 2162 640 2201 tribuitur
668 2162 731 2211 Β,
770 2175 902 2214 neque
929 2163 1164 2202 universalis
1195 2163 1272 2201 erit
1300 2161 1505 2200 conclusio
1531 2175 1605 2201 ne-
1628 2188 1630 2190 -

155 2243 232 2282 que
259 2228 415 2268 omnino
453 2227 531 2265 erit
557 2227 784 2277 conclusio,
825 2228 909 2266 sive
945 2228 1072 2266 minor
1101 2227 1227 2274 (ΒΓ)
1270 2225 1504 2264 universalis
1541 2230 1606 2266 est

153 2295 238 2334 sive
265 2291 538 2346 particularis:
568 2291 627 2329 sin
654 2294 789 2330 autem
806 2292 847 2330 A
873 2291 1130 2344 praedicatur
1158 2291 1209 2330 de
1236 2290 1434 2339 omnibus,
1463 2290 1604 2340 quibus

154 2372 199 2399 re
234 2370 326 2396 vera
365 2355 553 2394 tribuitur
587 2354 618 2393 B
654 2353 849 2407 (άληθῶς
875 2352 1075 2408 λέγεσθαι
1102 2369 1157 2394 vs.
1188 2356 1239 2393 23
1279 2358 1342 2392 est
1379 2354 1604 2406 praedicari

154 2435 273 2462 sensu
301 2420 462 2472 proprio
492 2419 594 2458 sicut
621 2432 744 2469 genus
773 2420 823 2458 de
850 2421 1000 2472 specie,
1030 2432 1152 2471 quare
1172 2419 1276 2470 quod
1296 2416 1470 2467 άληθῶς
1486 2431 1603 2470 prae-

155 2487 309 2526 dicatur
336 2485 376 2522 id
405 2484 552 2523 dicitur
588 2481 695 2523 κατὰ
723 2482 903 2531 παντόςε
938 2484 1154 2536 opponitur
1180 2480 1228 2522 τὸ
1255 2481 1363 2523 κατὰ
1388 2481 1602 2535 συμβεβη-

155 2548 229 2598 κὸς
253 2564 286 2592 s.
316 2546 430 2599 παρὰ
459 2546 606 2598 φύσιν,
635 2549 738 2586 sicut
764 2549 973 2600 pulchrum
1002 2550 1053 2587 de
1080 2548 1169 2586 albo
1198 2560 1255 2586 vs.
1278 2550 1348 2595 18)
1371 2552 1412 2586 et
1433 2548 1601 2600 utraque

155 2614 375 2667 propositio
404 2613 638 2651 universalis
667 2613 743 2651 erit
771 2615 812 2651 et
825 2613 1053 2657 ficonclusio.
1080 2633 1134 2639 —-
1173 2611 1232 2650 De
1259 2612 1388 2651 verbis
1417 2612 1518 2652 καθ’
1547 2603 1602 2652 οὗ

155 2678 258 2718 bene
303 2682 463 2717 annotat
498 2676 727 2716 Alexander
760 2676 830 2716 fol.
860 2678 971 2716 155³
1007 2675 1087 2716 οὐκ
1123 2673 1235 2715 ἔστιν
1269 2674 1366 2715 ἴσον
1403 2679 1462 2729 τῷ
1499 2677 1600 2717 καθ’

155 2739 273 2782 ὅτου.
311 2740 360 2782 τὸ
387 2739 465 2794 μὲν
491 2740 574 2795 γὰρ
601 2741 702 2782 καθ’
732 2738 835 2780 ὅτου
862 2738 1143 2792 διωρισμένον
1170 2737 1258 2780 ἐστὶ
1285 2739 1523 2793 δηλωτικὸν
1547 2736 1602 2783 ὂν

156 2808 238 2847 τοῦ
265 2806 458 2848 καθόλου
482 2836 492 2846 .
513 2836 523 2846 .
546 2837 555 2847 .
581 2805 630 2847 τὸ
660 2803 705 2846 δὲ
731 2805 834 2846 καθ’
863 2798 916 2846 οὗ
944 2804 1203 2858 άδιόριστον.
1250 2836 1253 2838 -

106 2871 258 2911 491125
286 2872 330 2913 Si
358 2885 562 2912 servamus
591 2884 745 2912 comma
772 2874 864 2924 post
891 2868 1062 2924 λέγηται
1088 2883 1146 2912 vs.
1173 2871 1250 2922 26,
1278 2871 1473 2912 sententia
1498 2870 1598 2912 haec
