1734 3100
192 190 270 231 472
704 197 963 241 Analytica
994 197 1165 241 priora.

244 292 313 332 bet
337 297 416 332 vet.
430 294 526 346 intp.
550 292 706 340 Goth),
730 293 795 342 qui
821 293 938 332 verba
964 291 1052 333 ἄλλ’
1080 292 1156 346 οὐχ
1183 306 1239 336 vs.
1259 296 1310 333 36
1325 325 1335 335 .
1355 324 1365 336 .
1387 324 1399 337 .
1416 296 1663 349 ’συλλογιζό-

244 367 371 406 μενος
397 358 454 396 sic
482 355 688 406 exprimit:
729 352 829 394 οὐδὲ
854 357 942 403 τοῖς
966 355 1373 410 καταγεγραμμένοις
1397 359 1662 411 προσχρώμε-

245 432 321 467 νος
357 419 570 460 δείκνυσιν
605 416 718 472 αὐτῷ
745 417 793 458 τὸ
827 419 1122 471 προκείμενον,
1160 418 1263 460 ἀλλὰ
1288 420 1456 469 τούτοις
1482 422 1664 475 σημείοις

246 483 395 535 χρῆται
431 479 559 522 οὐδὲν
592 482 866 523 συντελοῦσιν
891 482 918 536 ἢ
946 480 1270 535 συνεισφέρουσι
1295 483 1400 534 πρὸς
1425 485 1473 526 τὸ
1501 485 1663 526 δεικνύ-

244 557 385 597 μενον.
431 545 656 583 Reiecimus
683 551 811 584 autem
839 547 943 598 quod
972 547 1087 598 vulgo
1117 547 1319 599 legebatur
1345 543 1491 598 οὖσαν,
1520 551 1664 602 quippe

244 607 350 658 quod
379 611 598 646 correctum
625 608 824 647 videretur
862 610 909 648 ab
947 623 995 649 eo
1030 611 1095 660 qui
1131 610 1378 661 participium
1411 626 1487 652 nou
1512 613 1588 651 nisi
1615 613 1664 652 ad

245 668 406 723 ἅπλατῆ
434 670 683 709 referendum
712 675 889 721 putaret:
916 669 1091 724 loquitur
1117 678 1246 711 autem
1264 674 1499 714 Aristoteles
1518 688 1594 715 non
1614 676 1664 715 de

247 746 322 773 una
350 734 472 783 linea,
500 746 612 784 quae,
639 734 813 784 quamvis
841 747 967 786 neque
993 736 1141 786 pedalis
1169 736 1222 775 sit
1249 749 1375 787 neque
1400 743 1510 777 recta
1537 751 1664 789 neque

243 796 449 836 latitudine
475 801 618 841 careat,
646 800 776 835 tamen
805 810 826 835 a
853 804 1052 849 geometra
1080 803 1254 836 sumatur
1280 799 1428 849 pedalis
1453 805 1560 839 recta
1582 802 1665 840 sine

244 858 464 907 latitudine,
491 859 561 897 sed
590 858 640 898 de
666 860 806 907 tribus,
837 861 942 910 quod
970 865 1012 899 et
1037 860 1123 910 ipse
1149 860 1332 899 indicavit
1359 874 1407 899 eo
1434 862 1521 900 loco
1547 868 1663 912 quem

245 923 525 973 adscripsimus
555 925 595 959 et
620 921 844 960 Alexander
865 923 1056 973 significat
1078 923 1233 961 verbis:
1261 924 1356 963 οὔτε
1372 922 1449 976 τὴν
1468 924 1666 965 ποδιαίαν

246 983 449 1024 ποδιαίαν
474 982 701 1035 λαμβάνων
728 985 823 1023 οὔτε
849 982 927 1036 τὴν
954 984 1124 1024 εὐθεῖαν
1145 984 1329 1028 εὐθεῖαν.
1367 988 1475 1037 Quae
1496 1001 1665 1038 sequun-

245 1051 313 1086 tur
340 1046 428 1087 ἀλλ’
457 1046 534 1099 οὐχ
562 1044 697 1094 οὕτως
717 1076 728 1088 .
749 1075 758 1085 .
776 1076 785 1085 .
813 1048 1084 1087 difficultatem
1111 1049 1278 1089 liabent:
1311 1063 1428 1089 sensu
1455 1056 1561 1088 certe
1588 1064 1665 1091 non

246 1111 439 1149 destituta
466 1115 569 1158 sunt,
597 1112 679 1149 sive
706 1111 902 1150 omittitur
929 1110 1005 1163 οὐχ
1029 1113 1109 1150 sive
1137 1118 1325 1151 servatur.
1360 1113 1439 1151 lam
1467 1114 1501 1151 si
1518 1114 1664 1153 omitti-

244 1177 322 1221 tur,
351 1174 540 1212 sententia
567 1173 667 1212 haec
695 1180 770 1214 est.
810 1174 1013 1225 Exemplis
1040 1175 1313 1214 ratiocinantes
1341 1177 1496 1225 utimur,
1523 1189 1600 1215 non
1620 1181 1666 1216 ut

244 1235 586 1285 demonstremus,
620 1236 690 1275 sed
718 1240 762 1275 ut
787 1236 1025 1276 illustremus
1052 1238 1156 1288 quod
1181 1238 1357 1277 volumus
1384 1239 1488 1277 idem
1515 1238 1664 1278 facien-

242 1304 306 1339 tes
335 1300 439 1350 quod
472 1304 692 1351 geometra,
731 1299 797 1349 qui
834 1304 981 1338 rectam
1018 1300 1117 1339 dicit
1152 1301 1294 1339 lineam
1330 1314 1430 1352 quae
1454 1307 1561 1340 recta
1588 1314 1665 1341 non

249 1367 326 1411 est,
354 1362 424 1401 sed
451 1362 589 1414 figuris
609 1363 732 1401 utitur
751 1363 799 1400 ad
817 1363 1138 1413 ratiocinandum,
1166 1365 1275 1413 quasi
1293 1377 1338 1404 re
1357 1377 1447 1403 vera
1470 1364 1569 1403 tales
1589 1366 1665 1404 sint

247 1425 383 1476 quales
417 1438 494 1464 non
531 1430 639 1472 sunt,
678 1425 747 1463 sed
786 1425 921 1475 quales
948 1425 1029 1464 ruit
1054 1431 1253 1476 geometra
1280 1431 1322 1465 et
1345 1427 1480 1481 quales
1506 1440 1549 1466 re
1574 1440 1666 1466 vera

247 1501 314 1527 eas
343 1501 433 1527 esse
459 1489 547 1539 ipse
574 1488 708 1538 fingit:
743 1500 831 1526 nam
867 1489 939 1526 nisi
973 1489 1067 1539 quid
1095 1494 1267 1528 sumatur
1293 1490 1534 1537 universale,
1569 1490 1666 1528 nihil

246 1551 380 1603 colligi
409 1551 570 1602 poterit.
608 1551 674 1589 Sin
702 1554 831 1588 autem
860 1552 1057 1589 servamus
1086 1552 1312 1601 particulam
1335 1550 1424 1603 οὐχ,
1453 1552 1555 1602 quod
1575 1553 1665 1591 Ari-

245 1614 410 1653 stoteles
446 1614 540 1652 dicit
578 1617 640 1652 est
674 1614 766 1652 hoc.
820 1613 1023 1663 Exemplis
1060 1613 1207 1652 utimur
1243 1614 1282 1652 in
1316 1615 1584 1654 ratiocinando
1620 1619 1666 1653 ut

243 1680 443 1727 geometra
470 1676 629 1727 figuris:
666 1688 831 1725 namque
864 1680 1065 1724 geometra
1102 1675 1196 1713 nihil
1230 1675 1376 1727 colligit
1412 1690 1460 1715 ex
1495 1678 1543 1716 iis
1567 1678 1664 1729 ipsis

243 1739 382 1791 figuris
410 1751 506 1788 quas
531 1739 762 1789 descripsit:
789 1737 884 1776 nihil
911 1738 1012 1776 enim
1041 1738 1236 1789 colligitur
1263 1751 1286 1777 e
1306 1751 1350 1777 re
1371 1739 1566 1790 singulari,
1593 1741 1664 1779 sed

242 1800 450 1840 universali
484 1801 753 1852 propositione
790 1812 888 1852 opus
917 1805 991 1842 est.
1046 1802 1220 1852 Apparet
1245 1801 1405 1840 alteram
1433 1803 1663 1853 explicatio-

242 1875 332 1903 nem
360 1864 488 1902 minus
516 1863 770 1901 artificiosam
798 1876 908 1902 esse:
945 1876 1032 1902 nam
1070 1876 1283 1914 pronomen
1319 1864 1662 1906 demonstrativum

242 1925 407 1966 τούτων
433 1938 490 1964 vs.
515 1927 566 1964 3⁷
591 1926 740 1964 rectius
766 1926 996 1977 intelligitur
1023 1927 1073 1965 de
1100 1927 1217 1965 rebus
1246 1927 1524 1978 singularibus,
1563 1940 1663 1979 quae

243 1990 294 2028 ad
318 1989 626 2028 ratiocinandum
654 1988 811 2027 inutiles
839 1990 937 2036 sint,
974 2001 1088 2039 quam
1125 1989 1175 2027 de
1207 1989 1488 2028 universalibus
1515 2003 1661 2041 propo-

244 2052 465 2100 sitionibus,
492 2051 742 2102 sinequibus
769 2052 1050 2091 demonstratio
1078 2064 1167 2090 esse
1187 2056 1375 2102 nequeat:
1405 2065 1524 2103 quare
1541 2065 1660 2104 nega-

244 2116 300 2155 tio
339 2111 415 2166 οὐχ
453 2115 641 2153 servanda
677 2115 761 2153 erit.
814 2115 865 2154 At
903 2115 1176 2153 difficultatem
1201 2115 1319 2153 habet
1344 2115 1531 2166 particula
1559 2112 1662 2155 ἀλλὰ

242 2192 299 2219 vs.
319 2181 391 2217 36:
418 2178 673 2228 exspectabas
701 2178 817 2224 enim,
846 2178 881 2216 si
906 2179 1004 2217 haec
1031 2178 1150 2216 verba
1177 2178 1234 2215 sic
1261 2178 1549 2228 interpretanda
1572 2183 1663 2218 sunt

242 2247 286 2281 ut
305 2241 422 2280 modo
441 2242 622 2289 diximus,
649 2244 693 2278 ut
710 2241 941 2279 Aristoteles
965 2242 1116 2280 diceret
1132 2236 1203 2280 καὶ
1220 2237 1300 2292 γὰρ
1318 2240 1395 2292 οὐχ
1413 2238 1546 2288 οὕτως
1562 2243 1660 2295 χρῆ-

242 2317 312 2344 ται
333 2333 343 2343 .
366 2335 375 2344 .
392 2335 403 2346 .
459 2304 550 2357 Ipsa
576 2303 788 2342 difficultas
816 2316 886 2342 nos
913 2304 1046 2352 movit,
1075 2307 1117 2342 ut
1142 2303 1347 2343 lectionem
1375 2303 1462 2343 ἀλλ’
1490 2304 1567 2356 οὐχ
1587 2303 1659 2345 οὕ-

243 2381 327 2415 τως
363 2367 662 2419 praeferendam
700 2366 936 2405 duxerimus.
990 2366 1196 2416 Quomodo
1234 2371 1442 2405 excusetur
1468 2369 1659 2419 particula

248 2429 365 2479 ἄλλά,
393 2430 512 2469 facile
538 2433 600 2468 est
626 2430 674 2467 ad
701 2428 1010 2479 intelligendum,
1038 2429 1167 2468 sinon
1187 2433 1264 2467 tam
1283 2429 1364 2467 eius
1382 2431 1483 2479 quod
1504 2431 1658 2469 Aristo-

246 2495 349 2534 teles
377 2493 616 2544 expresserit
643 2492 834 2530 rationem
861 2492 1071 2531 habeamus
1098 2505 1212 2542 quam
1239 2491 1324 2529 eius
1350 2493 1453 2542 quod
1469 2492 1509 2531 in
1528 2500 1659 2533 mente

244 2557 446 2597 habuerit:
486 2556 675 2605 siquidem
713 2555 890 2594 dicturus
929 2558 1015 2594 'erat
1048 2556 1146 2594 hoc:
1194 2550 1319 2594 οὐδὲν
1353 2554 1658 2606 προσχρώμεθα

242 2620 301 2675 τῷ
327 2618 422 2659 τόδε
447 2631 487 2658 τι
512 2612 633 2667 εἶναι,
662 2616 766 2657 ἀλλὰ
791 2616 988 2669 χρώμεθα
1013 2621 1065 2670 τῇ
1091 2618 1177 2658 τῶν
1204 2611 1319 2668 ὅρων
1345 2614 1504 2658 ἐκθέσει
1520 2617 1657 2672 ὥσπερ

243 2680 268 2723 ὅ
293 2679 528 2735 γεωμέτρης
553 2683 702 2735 χρῆται
726 2679 803 2732 μὲν
828 2682 917 2728 τοῖς
942 2680 1251 2733 διαγράμμασιν
1286 2679 1411 2727 (hunc
1437 2683 1540 2722 enim
1568 2696 1658 2723 sen-

243 2757 329 2786 sum
367 2758 457 2786 esse
491 2748 700 2787 verborum
737 2742 874 2797 ὥσπερ
899 2757 957 2788 vs.
977 2747 1028 2785 35
1047 2774 1059 2788 .
1083 2771 1094 2784 .
1114 2770 1125 2784 .
1163 2742 1242 2784 οὐκ
1269 2737 1402 2786 οὖσαν
1427 2758 1542 2787 nemo
1568 2746 1657 2799 erit,
