1884 3100
606 208 948 243 ΠΡΟΤΕΡΩΝ
974 211 1014 242 Α.
1452 207 1532 246 149

82 304 128 352 ἐν
137 304 264 391 μέρει
277 301 531 368 στερητικὸν
539 303 627 353 οὐκ
637 305 915 369 ἀντιστρέφει
927 304 1003 354 διά
1011 303 1093 371 τὴν
1102 303 1248 370 αὐτήν
1257 305 1399 352 αἰτίαν
1408 303 1466 352 δι’
1476 303 1533 370 ἣν
1547 322 1582 350 8⁵

79 374 154 419 καὶ
175 371 390 434 πρότερον
408 372 586 434 ἔφαμεν.

213 438 311 486 Ἐπὶ
355 440 402 486 δὲ
442 444 533 487 τοῖν
565 439 876 523 ἐνδεχομένων,
912 437 1062 504 ἐπειδὴ
1090 443 1325 502 πολλαχως
1364 438 1532 501 λέγεται

78 503 130 552 τὸ
161 505 411 568 ἐνδέχεσθαι
438 508 538 570 (καὶ
565 505 649 569 γάρ
679 505 730 554 τὸ
760 505 998 568 ἀναγκαῖον
1026 509 1101 554 καὶ
1134 506 1185 555 τὸ
1206 505 1269 572 μὴ
1293 505 1533 570 ἀναγκαῖον

81 574 156 619 καὶ
167 572 218 620 τὸ
231 578 290 621 δυ
281 572 423 620 ννατὸν
432 576 683 635 ἐνδέχεσθαι
700 575 922 637 λέγομεν),
944 575 990 621 ἐν
1007 576 1087 635 μὲν
1105 581 1198 634 τοῖς
1215 579 1532 637 καταφατικοῖς

79 637 241 700 ὁμοίως
268 639 349 696 ἔξει
378 640 489 687 κατά
518 639 599 705 τὴν
621 639 919 705 ἀντιστροφὴν
939 639 1032 688 ἐν“
1004 655 1181 690 απασιν,
1236 645 1275 691 εἰ
1303 640 1388 705 γάρ
1418 640 1470 689 τὸ
1492 647 1527 690 Α
1542 666 1579 694 40

76 708 206 754 παντὶ
238 704 271 770 ἢ
299 708 381 754 τινι
415 712 477 774 τῷ
504 713 543 756 Β
571 709 798 770 ἐνδέχεται,
828 711 902 755 καὶ
930 707 982 756 τὸ
1013 713 1051 756 Β
1071 711 1155 757 τινὶ
1176 714 1239 777 τῷ
1255 716 1293 757 Α
1313 711 1568 772 ε’νδέχοιτοῐ)

77 771 159 820 ἄν·
184 776 222 821 εἰ
240 773 325 837 γάρ
348 776 516 838 μηδενί,
541 775 643 823 0136'
663 796 718 823 αν
737 774 788 823 τὸ
810 781 848 824 Α
868 796 927 823 ου
917 774 1020 824 ’δενὶ
1048 780 1110 842 τῷ
1134 781 1191 824 Β·
1220 778 1434 824 δέδεικται
1444 775 1528 840 γάρ

76 845 211 888 τοῦτο
248 841 475 903 πρότερον.
538 843 584 890 ἐν
625 844 672 891 δὲ
714 849 807 901 τοῖς
848 825 1142 906 ἀποφατικοῖς
1186 843 1271 906 οὐχ
1299 843 1526 929 οἶσαύτως,

76 906 170 955 ἀλλ’
219 906 306 955 οσα
339 911 417 970 μὶν
443 911 695 971 ἐπιδέχεσθαι
729 912 893 973 λέγεται
922 916 984 958 το]
1016 911 1063 968 ἐξ
1073 910 1284 998 ἀνάγκης
1309 910 1526 973 ὑπάρχειν

76 972 107 1038 ἢ
123 979 186 1022 τῶ
205 975 266 1039 μή
290 975 384 1033 ἐξ’
356 977 549 1040 ανάγκης
568 976 794 1063 ὑπάρχειν,
823 977 1007 1040 ὁμοίως,
1045 976 1142 1027 οἷον
1170 981 1213 1027 εἴ
1223 999 1289 1038 τις
1313 981 1429 1044 φαίη
1445 978 1523 1028 τὸν
1539 996 1556 1024 ⁵

77 1023 581 1105 ἄνθρωπονένδέχεσθαι
592 1044 654 1108 μή
668 1051 777 1093 εἰναι
797 1048 932 1093 ἵππον
949 1044 980 1109 ἢ
998 1044 1050 1092 τὸ
1071 1045 1236 1094 λευκὸν
1257 1048 1434 1111 μηδενὶ
1421 1067 1523 1107 ιμα-

73 1110 151 1175 τίω
178 1107 404 1172 ὑπάρχειν
437 1111 610 1158 τούτων
637 1111 723 1174 γὰρ
751 1111 802 1160 τὸ
831 1132 910 1174 μεν
930 1112 1026 1169 ἑξ’
997 1113 1193 1178 ανάγκης
1210 1113 1296 1175 οὐχ
1317 1112 1523 1175 υπάρχει,

72 1175 124 1224 τό
154 1178 201 1224 δε
220 1176 307 1225 οὐκ
326 1177 497 1242 ἀνάγκη
516 1177 753 1241 ὑπάρχειν,
784 1182 859 1226 καὶ
880 1179 1044 1240 ὁμοίως
1063 1179 1384 1242 ἀντιστρέφει
1357 1201 1388 1245 η
1407 1181 1522 1242 πρό-

73 1256 217 1303 τασις·
247 1247 286 1292 εἰ
312 1244 395 1307 γάρ
417 1246 627 1307 ἐνδέχεται
648 1249 800 1311 μηδενὶ
829 1245 1059 1313 ἀνθρώπω
1080 1251 1228 1305 ιππον,
1248 1250 1323 1294 καὶ
1342 1247 1522 1310 ανθρω-

72 1325 160 1359 πον
189 1313 364 1374 ἐγχωρεῖ
387 1315 539 1377 μηδενὶ
573 1316 713 1360 ἵππω·
747 1315 822 1361 καὶ
851 1316 889 1362 εἰ
915 1313 966 1361 τὸ
993 1314 1158 1362 λευκὸν
1177 1316 1354 1378 ἐγχωρεῖ
1369 1317 1524 1400 μηδενὶ
1540 1335 1575 1362 ιο

74 1379 242 1445 ἱματίω,
275 1382 350 1426 καὶ
375 1380 426 1427 τὸ
461 1380 630 1441 ἱμάτιον
665 1383 842 1444 ἐγχωρεῖ
868 1383 1022 1445 μηδενὶ
1049 1387 1218 1449 λευκῷ·
1258 1385 1297 1430 εἰ
1325 1383 1410 1445 γάρ
1439 1401 1523 1431 τινι

74 1444 256 1510 ἀνάγκη,
286 1449 360 1494 καὶ
384 1446 436 1495 τὸ
459 1447 655 1495 λευκὸν
643 1451 795 1515 ιματίω
814 1451 897 1496 τινὶ
919 1451 1038 1496 εσται
1065 1449 1156 1506 ἐξ’
1128 1450 1348 1514 ανάγκης·
1385 1455 1523 1498 τοῦτο

71 1512 155 1575 γάρ
176 1515 389 1561 δέδεικται
410 1515 640 1599 προτερον.
668 1515 831 1577 ὁμοίως
846 1518 892 1563 δὲ
915 1519 989 1563 καὶ
1010 1518 1077 1563 ἐπι
1093 1522 1173 1581 τῆς
1198 1518 1244 1564 ἐν
1265 1519 1386 1579 μέρει
1407 1517 1522 1565 dsto-

73 1585 277 1644 φατικῆς.
314 1580 399 1629 ὅσα
429 1584 475 1629 δε
505 1587 567 1629 τῶ
589 1581 652 1640 ὥς
671 1584 738 1630 ἐπὶ
761 1582 881 1630 πολὺ
910 1585 983 1630 καὶ
1005 1589 1068 1631 τῶ
1086 1586 1335 1645 πεφυκέναι
1355 1586 1524 1648 λέγεται

72 1648 350 1734 ἐνδέχεσθαι,
380 1648 485 1697 καθ’
515 1648 567 1696 ὃν
592 1650 760 1710 τρόπον
790 1652 1038 1712 διορίζομεν
1054 1651 1105 1699 τὸ
1122 1653 1416 1714 ἐνδεχόμενον,
1435 1672 1522 1716 ουχ
1537 1673 1571 1702 1⁵

73 1713 234 1776 ὁμοίως
254 1715 334 1772 ε’ξει
358 1717 403 1763 ἐν
425 1723 520 1775 ταῖς
538 1724 809 1781 στερητικαῖς
828 1717 1154 1780 ἀντιστροφαῒς,
1176 1719 1271 1766 ἀλλ’
1290 1719 1319 1784 ἡ
1337 1740 1416 1782 μεν
1434 1741 1520 1768 κα-

73 1782 224 1829 θόλου
245 1782 473 1849 στερητική
494 1785 706 1843 πρότασις
721 1784 809 1832 ουίι
819 1784 1105 1848 ἀντιστρέφει,
1118 1786 1147 1850 ἡ
1161 1789 1208 1834 δε
1218 1787 1430 1848 ἐνμέρει’
1401 1807 1521 1835 αντι-

71 1850 261 1910 στρέφει.
287 1854 420 1898 τοῦτο
442 1852 488 1897 δε
516 1852 633 1898 εσται
649 1871 741 1913 φαι
743 1871 858 1912 ερον,
890 1851 996 1900 ὅταν
1013 1855 1109 1914 περι
1129 1859 1216 1901 τοῦ
1233 1855 1522 1916 ἐνδεχομένου

70 1917 271 1979 λέγωμεν.
299 1922 386 1965 νῦν
398 1920 444 1965 δε
456 1923 598 1965 τοσοῦ
598 1937 676 1966 τον
688 1918 794 1984 ἡμῖν
811 1920 918 1966 ε’στω
938 1919 1051 1982 πρὸς
1069 1927 1161 1979 τοῖς
1183 1923 1426 1986 εἰρημένοις
1438 1926 1496 1969 δ
1466 1942 1521 1987 η-

69 1987 163 2042 λον,
197 2003 264 2031 οτι
293 1982 344 2031 τὸ
381 1986 638 2046 ἐνδέχεσθαι
665 1985 859 2050 μηδενι”
838 1986 868 2051 η’
889 1989 972 2034 τινὶ
997 1986 1059 2051 μὴ
1078 1987 1297 2051 ὑπάρχειν
1316 2008 1571 2052 καταφα-ειο

69 2049 196 2101 τικόν
219 2052 301 2112 εχει
331 2051 382 2098 τὸ
402 2057 571 2116 σχῆμα·
609 2051 660 2100 τὸ
680 2073 764 2116 γαρ
786 2055 998 2116 ἐνδέχεται
1017 2060 1079 2118 τῷ
1098 2057 1213 2103 ἔστιν
1229 2056 1395 2118 ὁμοίως
1417 2058 1519 2105 τάτ-

68 2135 197 2176 τεται,
229 2117 280 2166 τὸ
312 2121 358 2166 δε
390 2121 516 2176 εστιν,
546 2118 612 2178 οἷς
636 2140 690 2168 αν
720 2127 1146 2186 προσκατηγορηται,
1177 2126 1431 2186 κατάφασιν
1452 2125 1520 2188 ἀεὶ

69 2191 190 2233 ποιεῖ
208 2187 280 2232 και
301 2186 487 2245 πάντως,
507 2185 603 2235 οἷον
611 2187 662 2235 τὸ
674 2190 788 2236 ε’στιν
800 2208 886 2237 ουκ
897 2189 1100 2252 ἀγαθόν’ἱ
1083 2212 1108 2255 η
1120 2193 1234 2239 ε’στιν
1246 2211 1305 2240 ου
1293 2191 1519 2240 ’λευκόνἋ
1488 2213 1518 2256 η

70 2250 222 2312 ἄπλως
230 2251 280 2300 τὸ
292 2255 406 2301 εστιν
416 2273 474 2301 ου
485 2259 632 2302 τοῦτο.
653 2257 931 2321 δειχθήσεται
943 2259 989 2305 δε
1001 2260 1074 2304 καὶ
1084 2264 1219 2307 τοῦτο
1231 2259 1304 2307 δια
1312 2279 1403 2307 των
1413 2260 1518 2307 επο-

69 2321 223 2383 μένων.
259 2319 369 2369 κατὰ
396 2323 443 2370 δε
469 2321 548 2381 τὰς
567 2321 862 2387 άντιστροφάς
881 2324 1048 2388 ὁμοίως
1068 2325 1219 2383 ἕξουσι
1238 2333 1333 2386 ταῖς
1352 2326 1517 2386 άλλαις.
1534 2344 1569 2372 25

162 2527 206 2561 36
226 2526 377 2572 ειπομεν
396 2539 429 2562 m
448 2529 547 2563 Marc
565 2530 644 2564 231.
670 2547 715 2555 —
751 2530 796 2563 38
814 2529 1052 2576 ἐνδεχόμενον
1069 2533 1171 2566 Marc
1188 2533 1268 2567 931.
1292 2551 1339 2560 -
1367 2532 1431 2568 καὶ
1447 2532 1519 2581 γάρ

69 2572 133 2607 καὶ
148 2569 190 2607 τὸ
206 2585 251 2606 m.

159 2616 380 2672 25b1w3vp
402 2620 471 2652 Ac.
497 2637 542 2645 -
567 2619 644 2653 τοῖν
665 2632 689 2653 α
708 2620 746 2653 C.
773 2638 812 2645 —
839 2622 862 2654 2
879 2621 1068 2664 μηδενὶπι.
1094 2641 1135 2648 -
1161 2623 1235 2657 τῶν
1255 2623 1292 2657 G.
1317 2642 1363 2648 —
1385 2624 1518 2671 4τῷτε

70 2660 109 2704 ἐξ
127 2664 149 2695 ἰ
165 2682 207 2688 -
233 2660 411 2720 ανάγκης]
425 2663 596 2717 ἀνάγκης
611 2664 676 2720 μὴ
688 2665 810 2698 Cmdui
812 2679 858 2710 ,μ
902 2680 939 2699 rc
958 2679 1060 2720 supra
1079 2679 1117 2699 vs
1132 2669 1209 2701 AB.
1222 2686 1265 2693 -—
1290 2669 1312 2702 5
1328 2667 1393 2705 τὸν
1405 2660 1515 2727 divae.

71 2708 167 2762 φαίη
184 2719 230 2742 m.
254 2728 295 2736 -
320 2710 344 2743 8
361 2707 503 2754 ἀνάγκη
524 2710 575 2754 μὴ
597 2723 779 2789 υπαρχειν
798 2712 837 2752 C,
860 2679 899 2753 ἒξ
915 2710 1080 2768 ἀνάγκης
1099 2709 1259 2759 υπάρχει
1273 2725 1318 2748 m.
1329 2734 1375 2742 —
1398 2715 1458 2752 ἰπὶ
1473 2713 1515 2752 τό

69 2751 164 2787 πολὺ
195 2754 270 2787 emi
291 2753 351 2799 (τὸ
368 2767 472 2800 supra
490 2768 530 2789 vs
549 2757 599 2800 i),
632 2769 712 2790 corr
739 2756 773 2789 d.
807 2775 850 2781 —
886 2758 927 2790 16
943 2755 982 2792 ἐν
996 2765 1036 2791 et
1059 2759 1098 2792 17
1118 2758 1310 2806 στερητικὴ
1327 2772 1384 2795 om
1402 2774 1447 2799 m.
1468 2781 1516 2791 —

73 2798 115 2834 19
130 2799 325 2844 τοσοῦτον]
347 2800 411 2836 καὶ
437 2802 551 2837 τοῦτο
577 2809 661 2847 post
676 2799 764 2848 ἡμῖν
780 2813 826 2836 m.
851 2822 891 2828 -
927 2803 968 2837 21
990 2814 1032 2847 pr
1049 2801 1093 2839 τὸ
1115 2816 1170 2839 om
1190 2817 1236 2840 m·
