1826 3112
321 229 400 269 182
815 231 1229 266 ΑΝΑΛΤΤΙΚΩΝ

322 326 488 375 τάσεων
521 325 574 373 τὰ
611 327 687 387 μὲν
729 330 767 373 Β
803 330 868 391 τῷ
898 330 936 373 Α
965 326 1114 374 οὐδενὶ
1145 326 1350 387 ὑπάρξει,
1393 327 1444 375 τὸ
1469 329 1517 376 δὶε
1549 332 1587 375 Α
1616 331 1743 377 παντὶ

322 412 383 458 τω
438 398 484 440 Γ
519 393 747 453 ἐνδέχεται·
790 394 946 455 γίνεται
984 392 1040 456 δὴ
1079 392 1131 440 τὸ
1160 399 1334 478 πρωτον
1373 399 1531 456 σχῆμα.
1587 413 1671 442 καν
1707 396 1745 443 εἰ

323 439 435 520 πρὸς
461 463 525 522 τῷ
554 462 599 504 Γ
618 458 763 521 τεθείη
789 457 838 505 τὸ
872 462 1143 523 στερητικόν,
1179 460 1400 518 ὡσαύτως.
1436 459 1510 507 ἐὰν
1535 461 1582 506 δε
1610 479 1744 543 κατη-

324 526 496 587 γορικαὶ
525 528 725 580 τεθῶσιν,
753 523 838 572 οὐκ
869 527 984 572 ἔσται
1011 526 1318 588 συλλογισμός.
1360 530 1443 572 τοῦ
1472 527 1548 586 μὲν
1578 524 1658 587 γὰρ
1680 525 1741 589 μὴ

277 610 310 637 1⁵
326 590 539 650 ὑπάρχειν
568 587 598 652 ἢ
629 594 713 637 τοῦ
741 590 786 646 ἐξ
814 590 1004 655 ἀνάγκης
1027 591 1087 655 μὴ
1113 591 1323 653 ὑπάρχειν
1346 590 1541 652 φανερὸν
1573 610 1639 638 οτι
1658 591 1745 638 οὐκ

325 657 444 703 ἔσται
475 654 546 702 διὰ
575 654 625 702 τὸ
657 655 717 720 μή
754 659 965 720 εἰλῆφθαι
990 658 1245 722 στερητικὴν
1276 658 1487 718 πρότασιν
1504 656 1598 719 μητ’
1617 659 1661 704 ἐν
1684 661 1745 740 τῷ

324 721 536 782 ὑπάρχειν
577 722 680 782 μήτ’
719 724 763 769 ἐν
798 729 858 789 τῷ
894 723 940 779 ἐξ
985 723 1174 787 ἀνάγκης
1217 724 1438 784 ὑπάρχειν.
1506 722 1615 769 ἀλλὰ
1655 722 1745 786 μὴν

324 787 430 834 οὐδε
465 791 547 834 τοῦ
572 771 839 849 ἐνδέχεσθαι
858 788 917 851 μὴ
947 788 1184 849 ὑπάρχειν·
1215 789 1261 845 ἐξ
1289 789 1476 851 ἀνάγκης
1496 788 1577 849 γὰρ
1603 787 1744 846 οὕτως

325 854 508 914 ἐχόντων
547 852 597 900 τὸ
638 858 676 900 Β
712 860 772 917 τῷ
804 860 849 901 Γ
872 874 955 914 ουχ
985 854 1189 912 ὑπάρξει,
1227 853 1321 900 οἷον
1351 857 1388 900 εἰ
1416 854 1467 900 τὸ
1504 873 1580 912 μεν
1609 859 1646 899 Α
1675 873 1745 901 τε-

275 937 310 963 20
324 921 426 982 θείη
457 919 640 975 λευκόν,
683 920 751 979 ἐφ’
781 923 815 966 ὠ
846 922 892 966 δὲ
921 918 970 965 τὸ
1000 924 1036 965 Β
1066 921 1244 976 κύκνος,
1277 919 1327 966 τὸ
1361 921 1406 966 δε
1436 918 1744 978 Γᾶνθρωπος.

326 984 434 1031 οὐδέ
470 1002 515 1044 γε
556 989 646 1030 τοῖν
675 983 991 1067 ἀντικειμένων
1001 985 1309 1046 καταφάσεων,
1340 986 1429 1031 ἐπεὶ
1459 985 1667 1031 δέδεικται
1695 984 1747 1032 τὸ

325 1054 362 1096 Β
393 1053 453 1114 τῷ
486 1053 531 1094 Γ
556 1048 601 1104 ἐξ
626 1049 818 1113 ἀνάγκης
846 1050 930 1111 οὐχ
959 1049 1171 1112 ὑπάρχον.
1215 1051 1300 1098 οὐκ
1330 1049 1416 1113 ἄρα
1447 1052 1605 1113 γίνεται
1636 1055 1745 1097 συλ-

324 1097 536 1196 λογισμός
556 1113 679 1173 ὅλως.

451 1179 704 1240 Ομοίωςδ
707 1179 842 1236 ἐ’ξει
883 1180 991 1227 κάπὶ
1043 1186 1129 1228 τῶν
1172 1182 1216 1228 ἐν
1259 1182 1375 1242 μέρει
1416 1185 1744 1242 συλλογισμῶν·

274 1262 309 1290 25
325 1244 429 1293 ὅταν
458 1265 535 1307 μεν
564 1245 647 1308 γάρ
673 1240 703 1307 ᾗ
731 1245 781 1293 τὸ
808 1246 1060 1310 στερητικὸν
1086 1248 1291 1294 καθόλου
1318 1265 1362 1293 τε
1393 1249 1467 1292 καὶ
1498 1246 1746 1308 ἀναγκαῖον,

325 1312 391 1359 ἀεὶ
439 1311 731 1373 συλλογισμὸς
771 1314 887 1359 ἔσται
931 1315 1004 1359 καὶ
1046 1318 1132 1359 τοῦ
1170 1314 1418 1373 ἐνδέχεσθαι
1455 1314 1528 1360 καὶ
1566 1331 1648 1359 του
1687 1311 1747 1375 μὴ

324 1377 537 1438 ὑπάρχειν
566 1377 810 1440 (ἀπόδειξις
843 1380 889 1425 δε
920 1378 991 1425 διὰ
1017 1383 1096 1441 τῆς
1127 1374 1513 1440 ἀντιστροφῆς),
1496 1376 1599 1424 όταν
1630 1379 1676 1424 δε
1694 1377 1746 1425 τό

325 1447 639 1505 καταφατικόν,
661 1443 891 1491 οὐδέποτε·
921 1444 997 1491 τὸν
1021 1443 1160 1491 αὐτὸν
1186 1444 1267 1506 γὰρ
1287 1444 1453 1502 τρόπον
1474 1444 1749 1506 δειχθήσεται

329 1508 384 1557 ὃν
413 1513 486 1557 καὶ
504 1512 548 1558 ἐν
569 1516 659 1567 τοῖς
677 1511 892 1566 καθόλου,
925 1513 997 1557 καὶ
1020 1509 1092 1557 διὰ
1111 1515 1199 1557 τῶν
1218 1510 1362 1557 αὐτῶν
1388 1529 1514 1568 ορων.
1535 1509 1634 1556 0136'
1645 1528 1749 1557 οταν

276 1590 311 1618 80
327 1575 567 1636 ἀμφότεραι
597 1581 807 1639 ληφθῶσι
836 1578 1127 1637 καταφατικαί
1140 1594 1149 1603 ·
1190 1579 1262 1623 καὶ
1296 1574 1378 1636 γὰρ
1396 1576 1560 1622 τούτου
1580 1574 1611 1638 ἡ
1634 1575 1746 1639 αὐτὴ

326 1641 544 1699 ἀπόδειξις
570 1641 599 1705 ἢ
627 1644 698 1688 καὶ
732 1641 954 1700 πρότερον.
998 1641 1102 1689 ὅταν
1128 1644 1173 1688 δὲ
1196 1642 1436 1703 ἀμφότεραι
1456 1643 1533 1701 μὲν
1554 1654 1747 1703 στερητι-

324 1710 420 1764 καί,
452 1708 654 1755 καθόλου
687 1710 733 1754 δὲ
767 1710 841 1754 καὶ
871 1707 1082 1769 ἀναγκαία
1112 1707 1141 1770 ἡ
1169 1707 1220 1754 τὸ
1254 1707 1314 1770 μὴ
1348 1707 1558 1767 ὑπάρχειν
1590 1709 1748 1769 σημαί-

323 1786 481 1831 νουσα,
511 1773 566 1820 δι’
595 1773 744 1821 αὐτῶν
770 1775 847 1834 μὲν
874 1778 962 1820 τοῖν
991 1775 1253 1838 εἰλημμένων
1281 1773 1366 1820 οὐκ
1400 1775 1515 1820 ἔσται
1543 1772 1594 1819 τὸ
1616 1772 1748 1835 ἀναγ-

324 1846 474 1897 καῖον,
505 1839 864 1902 ἀντιστραφείσης
893 1842 938 1887 δὲ
968 1845 1050 1903 τῆς
1082 1839 1189 1886 κατὰ
1223 1838 1274 1887 τὸ
1309 1841 1558 1900 ἐνδέχεσθαι
1587 1839 1747 1900 προτά-

275 1922 310 1949 35
326 1918 435 1963 σεως
472 1907 588 1952 ἕσται
627 1906 950 1989 συλλογισμός,Ἣ
963 1907 1163 1966 καθάπερ
1198 1906 1243 1952 ἐν
1269 1911 1359 1962 τοῖς
1396 1905 1622 1963 πρότερον.
1673 1904 1750 1952 ἐάν

325 1972 365 2019 δ’
384 1972 625 2032 ἀμφότεραι
646 1971 890 2030 ἀδιόριστοι
919 1970 950 2034 ἢ
968 1973 1012 2018 ἐν
1030 1973 1147 2032 μέρει
1168 1975 1366 2029 τεθῶσιν,
1399 1990 1483 2017 ουκ
1505 1973 1619 2017 εσται
1638 1975 1748 2018 συλ-

296 2037 543 2100 λογισμός.
574 2036 793 2094 ἀπόδειξις
817 2037 855 2084 δ’
880 2057 907 2100 η
931 2056 1044 2100 αυτη
1068 2039 1140 2084 καὶ
1162 2036 1234 2084 διὰ
1251 2042 1337 2084 τῶν
1357 2035 1501 2083 αὐτῶν
1522 2035 1647 2095 όρων.

460 2101 662 2163 Φανερὸν
683 2104 769 2150 οὖν
797 2104 843 2149 ἑκ
862 2107 947 2150 τῶν
969 2104 1201 2166 ειρημένων
1222 2102 1288 2150 ὅτι
1307 2108 1384 2166 τῆς
1405 2121 1481 2162 μεν
1499 2106 1750 2165 στερητικῆς

324 2173 403 2232 τῆς
448 2169 656 2216 καθόλου
697 2170 924 2231 τιθεμένης
966 2169 1201 2231 ἀναγκαίας
1239 2168 1305 2215 ἀεὶ
1341 2171 1498 2252 γίνεται
1541 2173 1748 2230 συλλογι-
1805 2230 1807 2234 ¹

274 2252 311 2279 40
326 2234 448 2295 σμός,
500 2254 558 2281 ου
599 2236 733 2296 μόνον
762 2240 844 2282 τοῦ
885 2237 1132 2296 ἐνδέχεσθαι
1161 2233 1220 2297 μὴ
1261 2234 1494 2295 ὑπάρχειν,
1529 2233 1639 2281 ἀλλὰ
1675 2235 1749 2281 καὶ

325 2305 410 2347 τοῦ
440 2299 500 2363 μὴ
530 2299 756 2361 ὑπάρχειν,
782 2306 863 2363 τῆς
893 2303 938 2348 δὲ
970 2306 1270 2363 καταφατικῆς
1302 2301 1534 2348 οὐδέποτε·
1576 2302 1650 2347 καὶ
1681 2298 1768 2347 ὅτιμ

325 2366 402 2414 τὸν
430 2365 566 2414 αὐτὸν
583 2367 749 2428 τρόπον
771 2368 952 2428 ἐχόντων
974 2370 1018 2415 ἕν
1036 2374 1079 2416 τε
1104 2374 1194 2425 τοῖς
1215 2367 1462 2429 ἀναγκαίοις
1493 2367 1566 2412 καὶ
1597 2367 1640 2413 ἐν
1658 2371 1748 2424 τοῖς

194 2463 197 2464 ⁷
221 2459 254 2491 p.
265 2447 310 2480 39
324 2431 575 2495 ὑπάρχουσι
610 2434 770 2496 γίνεταί
797 2452 841 2481 τε
872 2436 947 2481 καὶ
975 2434 1035 2482 ου’
1066 2436 1224 2497 γίνεται
1257 2433 1565 2496 συλλογισμός.
1610 2436 1748 2496 δῆλον

415 2636 454 2670 11
476 2633 632 2679 ὑπάρχει
649 2636 765 2669 Aean.
791 2655 834 2662 —
871 2636 910 2670 16
933 2643 966 2669 et
987 2637 1028 2670 17
1040 2633 1126 2690 μηδ
1141 2637 1183 2670 A.
1205 2655 1251 2662 —-
1278 2636 1318 2669 17
1337 2633 1375 2669 ἐν
1393 2646 1448 2667 om
1464 2647 1497 2668 ιι.
1522 2653 1563 2660 -
1595 2635 1635 2667 21
1654 2631 1748 2669 ἀπο-

324 2677 495 2723 φάνσεων
507 2682 633 2722 BCum,
645 2683 775 2722 corrA,
784 2677 1032 2734 ἀντιφάσεων
1050 2682 1084 2722 d,
1105 2678 1359 2723 ἀντιφάνσεων
1380 2681 1467 2722 prA,
1487 2677 1747 2734 ἀποφάσεωνί,

323 2724 568 2767 καταφάσεων
585 2725 645 2760 καὶ
662 2723 888 2779 ἀποφάσεων
902 2738 935 2759 τι.
950 2743 996 2752 -—
1017 2725 1142 2769 ἐπειδὴ
1168 2726 1204 2759 G.
1215 2743 1260 2750 -
1282 2727 1326 2758 24
1343 2724 1406 2759 καὶ
1426 2723 1486 2758 ἐπὶ
1496 2725 1544 2779 ΗΟ.
1558 2743 1602 2749 -
1625 2722 1747 2769 25γά9

325 2781 381 2802 om
397 2769 430 2804 d.
455 2788 499 2797 -—
522 2771 566 2804 30
582 2767 676 2815 αιῖτὴ
694 2782 749 2804 om
768 2782 801 2805 u.
828 2789 871 2797 -
893 2772 936 2806 33
954 2769 996 2806 τὰ
1016 2783 1057 2814 pr
1076 2781 1131 2804 om
1122 2739 1185 2804 nul
1209 2788 1255 2796 -
1275 2768 1385 2812 4261]
1406 2769 1480 2805 τῶν
1494 2781 1592 2816 ορων
1610 2767 1648 2805 ἒν
1665 2781 1700 2802 ιι.
