1884 3100
615 174 1007 210 KATHFOPJAJ.
1489 176 1545 216 99

99 272 267 330 δόλιον,
301 271 335 338 ἢ
358 270 576 321 ὁπωσοῦν
596 271 763 332 ἄλλως·
795 271 939 335 ὄνομα
967 273 1055 337 γὰρ
1079 272 1140 322 οὕ
1159 279 1322 322 κεῖται..
1362 276 1438 322 καὶ
1459 275 1541 323 οἷν-

97 340 318 402 τιστρέφει
353 359 424 403 γε,
458 338 536 388 ἐὰν
579 342 751 398 οἰκείως
779 339 1014 403 α’ποδοθῇ·
1056 341 1109 389 τὸ
1138 339 1227 404 γὰρ
1255 341 1542 426 πηδαλιωτὸν

94 409 298 494 πηδαλίῳ
336 407 631 472 πηδαλιωτόν.
699 406 914 466 ὡσαύτως
950 411 998 456 δὲ
1036 411 1110 456 καὶ
1147 409 1216 456 ἐπὶ
1251 414 1342 458 τῶν
1378 408 1539 469 ἄλλων,
1555 424 1590 452 1⁵

96 472 193 522 οἷον
212 473 241 538 ἡ
259 474 433 540 κεφαλὴ
452 472 774 559 οἰκειοτέρως“”ἱ
743 494 800 522 αν
821 474 1072 558 α’ποδοθείη
1092 481 1359 538 κεφαλωτοῦ
1376 497 1405 541 η
1385 475 1540 543 Ἅζῶου

96 540 416 605 αποδιδομένη·
462 541 524 589 οὐ
551 541 636 604 γὰρ
665 536 698 605 ᾗ
728 546 863 608 ζῷον,
898 543 1152 607 κεφαλὴν”
1127 562 1232 605 εχει·
1261 544 1423 630 Ἃπολλιὶ
1451 543 1537 609 γὰρ

94 626 185 655 των
214 609 337 671 ζῴων
355 607 555 671 κεφαλὴν
583 608 670 655 οὐκ
693 610 790 669 ἔχει.
862 608 981 656 οὕτω
1012 613 1059 656 δὲ
1085 610 1285 674 ᾧι]ἷστιιι’Ν
1255 632 1311 658 αν
1338 615 1443 670 ἴσως
1470 631 1539 670 τις

92 674 307 736 λαμβάνοι
325 673 392 732 οἷς
417 673 479 738 μή
502 680 635 722 κεῖται
670 673 893 736 ὀνόματα,
930 677 969 723 εἰ
998 675 1090 724 ιῖπὸ
1123 695 1216 724 των
1245 678 1434 740 πρώτων
1461 682 1537 727 καὶ

91 748 184 800 τοῖς
221 740 338 803 πρὸς
383 739 413 788 ἃ
446 741 788 803 ιῖντιστρέφουσι
823 744 970 807 τιθείη
1010 762 1064 790 τα
1107 742 1331 805 ὀνόματα,
1384 744 1585 831 ὥσπεριιι

91 810 161 856 ἐπὶ
180 814 272 856 τῶν
295 810 622 892 προειρημένων
641 808 733 857 ιῖπὸ
752 814 839 858 τοῦ
858 815 1028 873 πτεροῦ
1047 809 1100 859 τὸ
1121 811 1345 874 πτερωτον
1353 816 1427 861 καὶ
1439 813 1533 861 απὸ

89 881 174 924 τοῦ
193 878 420 940 πηδαλίου
436 876 489 924 τὸ
509 877 804 941 πηδαλιωτόν.
868 878 1013 926 πάντα
1031 872 1118 927 οὖν
1137 877 1191 926 τὰ
1212 880 1330 941 πρός
1347 899 1414 940 τι,
1457 881 1535 929 ἐάν

89 957 171 1005 περ
198 946 370 1002 οἰκείως
398 942 687 1002 αποδιδωται,
718 943 837 1007 πρὸς
866 944 1213 1008 ἀντιστρέφοντα
1233 949 1414 1010 λέγεται,
1442 949 1535 996 ἐπεὶ

90 1010 168 1058 ἐάν
194 1029 240 1072 γε
275 1010 394 1071 πρὸς
422 1009 476 1058 τὸ
511 1011 651 1073 τυχὸν
685 1011 960 1060 οἷποδιδωται
987 1016 1061 1060 καὶ
1103 1012 1165 1078 μὴ
1200 1013 1319 1076 πρὸς
1352 1014 1468 1063 αὐτὸ
1504 1035 1532 1063 ο

90 1078 272 1139 λέγεται,
295 1077 388 1125 ουίι
394 1076 695 1163 ἀντιστρέφει.
750 1080 862 1142 λέγω
884 1078 984 1128 δὲ“
954 1100 1021 1129 οτι
1040 1080 1149 1128 ου’δὲ
1166 1099 1259 1129 των
1277 1081 1531 1145 ὃμολογου-
1547 1095 1583 1124 2⁵

86 1146 226 1206 μένως
241 1143 356 1205 πρὸς
377 1143 724 1207 ἀντιστρέφοντα
740 1148 1007 1208 λεγομένων,
1035 1150 1110 1194 καὶ
1132 1147 1360 1209 ὀνομάτων
1381 1149 1536 1208 αὐτοῖς

87 1213 307 1274 κειμένων,
334 1231 392 1260 ου
382 1212 470 1260 ’δεν
488 1211 774 1275 αντιστρέφει,
797 1213 873 1261 ἐὰν
889 1215 1003 1275 πρός
1026 1233 1065 1261 τι
1085 1233 1173 1262 των
1191 1217 1535 1301 συμβεβηκότων

88 1278 357 1327 ἀποδιδῶται
395 1281 468 1326 καὶ
498 1278 560 1343 μὴ
599 1280 714 1342 πρὸς
741 1279 855 1328 αὐτὸ
884 1279 910 1328 ὃ
945 1283 1139 1343 λέγεται,
1182 1280 1280 1330 οἷον
1309 1283 1336 1331 6
1366 1288 1534 1342 δοῦλος

88 1345 166 1394 ἐὰν
183 1345 244 1410 μή
269 1346 489 1394 δεσπότου
508 1346 719 1409 αποδοθῇ
739 1347 833 1395 αλλ’
851 1346 1142 1412 ιῖνθριόπου”“
1114 1369 1141 1432 η
1157 1349 1532 1415 δίποδοςῆὁτου-

87 1416 175 1461 οὖν
191 1432 282 1461 των
302 1414 527 1471 τοιούτων,
558 1413 644 1462 οὐκ
662 1414 955 1478 ἀντιστρέφει·
1003 1416 1062 1464 οὐ
1081 1415 1165 1479 γὰρ
1185 1418 1380 1466 οἰκεία
1415 1418 1581 1466 ‹ind-so

88 1482 214 1539 δοσίς
236 1482 363 1528 ἐστιν.
426 1501 483 1529 ετι
505 1481 544 1529 δ’
563 1481 639 1530 ἐὰν
655 1483 736 1543 μέν
754 1501 795 1530 τι
816 1485 988 1542 οἰκείως
1006 1483 1335 1546 αποδεδομένον
1359 1506 1389 1548 ῃ
1418 1486 1533 1548 πρὸς

88 1546 115 1595 6
142 1550 330 1611 λέγεται,
379 1549 554 1597 παντων
594 1552 969 1612 περιαιρουμένων
996 1570 1087 1599 των
1119 1550 1266 1600 ἄλλων
1298 1551 1386 1601 οσα
1415 1566 1532 1616 συμ-

85 1616 300 1680 βεβηκότα
328 1617 442 1674 ἐστι’,
487 1619 863 1679 καταλειπομένου
901 1621 949 1666 δὲ
996 1619 1140 1679 μόνου
1167 1620 1335 1668 τούτου
1362 1620 1476 1682 πρὸς
1506 1620 1533 1669 6

88 1682 295 1746 ἀπεδόθη
317 1685 511 1742 οικείως,
547 1684 614 1732 ἀεὶ
636 1684 749 1745 πρὸς
766 1684 878 1733 αὐτὸ
898 1686 1167 1750 ῥηθήσεται,
1201 1686 1299 1736 οἷον
1317 1687 1344 1736 6
1366 1692 1534 1747 δοῦλος

86 1749 163 1797 ἐὰν
194 1749 308 1811 πρὸς
338 1751 565 1833 δεσπότην
602 1753 803 1814 λέγηται,
859 1754 1237 1814 περιαιρουμένων
1272 1760 1360 1802 τῶν
1387 1755 1582 1803 αλλωνδᾰ

87 1815 293 1864 ἆπαντων
333 1812 421 1865 οσα
456 1819 763 1883 συμβεβηκότα
790 1821 879 1867 ἐστὶ
908 1825 971 1887 τῷ
1002 1820 1221 1882 δεσπότῃ,
1255 1820 1353 1869 οἷον
1379 1821 1431 1869 τὸ
1462 1825 1531 1869 δι’-

86 1888 192 1932 ποδι
228 1882 338 1932 εἶναι
376 1887 449 1932 καὶ
491 1885 544 1933 τὸ
585 1888 825 1951 ἐπιστήμης
863 1891 1047 1954 δεκτικῷ
1091 1890 1166 1935 καὶ
1200 1887 1252 1936 τὸ
1290 1888 1534 1957 ἄνθρωπω,

89 1954 406 2010 καταλειπομέι
408 1971 467 1999 ου
487 1954 534 2000 δε
553 1954 698 2013 μόνου
716 1959 802 2002 τοῦ
821 1956 1042 2019 δεσπότην
1062 1952 1124 2003 εἶν
1126 1976 1192 2013 αι,
1230 1955 1297 2004 αεὶ
1323 1956 1349 2004 6
1368 1961 1536 2016 δοῦλος

85 2017 199 2080 πρὸς
226 2015 339 2065 αὐτὸ
358 2017 628 2082 ρηθήσεται·
665 2020 692 2066 6
712 2020 796 2081 γὰρ
816 2026 905 2070 δοι
894 2028 986 2081 λος
1012 2023 1237 2071 δεσπότου
1265 2028 1433 2082 δοῦλος
1458 2026 1532 2072 λέ-

178 2217 258 2260 13γ
236 2215 308 2261 γὰρ
324 2212 445 2251 αυτοῦ
461 2213 507 2251 ου’
527 2217 565 2250 G.
590 2234 635 2242 -
661 2217 703 2250 16
724 2217 911 2259 οἰκείωςσ.
937 2237 980 2243 -
1005 2214 1048 2263 ἢ]
1070 2219 1215 2263 κεφαλὴ
1232 2232 1255 2260 η
1275 2231 1304 2253 e.
1322 2238 1371 2246 -·
1409 2220 1452 2253 18
1467 2218 1534 2253 λά-

85 2262 146 2306 βοι
167 2274 224 2301 τις
252 2261 341 2301 ἴσως
366 2273 402 2302 e,
438 2275 495 2301 τις
520 2261 628 2307 λάβοι
655 2262 743 2302 ἴσως
768 2275 801 2297 ιι.
828 2283 870 2289 -—
918 2265 959 2298 19
990 2265 1099 2308 λάβοι
1124 2266 1278 2319 Aedefg
1280 2266 1313 2298 h.
1338 2284 1383 2290 —
1424 2262 1533 2319 λάβοι

84 2319 142 2347 τις
161 2319 195 2341 ιι.
218 2325 266 2331 --
289 2308 334 2340 20
352 2303 394 2351 α]
414 2306 513 2342 αὐτὰ
531 2307 704 2351 ACdghn,
724 2319 803 2341 corr
822 2310 863 2342 Β.
889 2327 936 2335 -·
966 2311 1006 2344 21
1027 2309 1103 2364 ἐπὶ]
1124 2308 1200 2345 ἀπὸ
1219 2322 1248 2342 e.
1273 2328 1320 2336 --
1351 2311 1395 2343 93
1409 2310 1532 2354 λέγον-

84 2365 148 2386 ται
163 2363 192 2395 c,
219 2364 259 2408 pr
274 2351 309 2386 d.
333 2372 376 2378 -—
410 2349 495 2386 24*
471 2366 518 2387 αν
535 2365 568 2386 n.
594 2371 640 2377 —
671 2350 765 2387 αὐτὸ
785 2365 840 2386 om
858 2365 887 2388 e.
913 2373 958 2378 —
987 2356 1033 2388 27
1048 2353 1283 2401 ἀντιστρέφει
1302 2352 1413 2390 οὐδεν
1433 2367 1461 2410 e:
1485 2374 1530 2380 —

86 2397 196 2441 28μῆ
216 2392 244 2443 ᾖ
260 2394 407 2454 πρόςιι.
430 2416 476 2424 -
513 2395 611 2434 αὐτοὶ
638 2410 712 2431 απ.
735 2417 783 2426 -
814 2400 859 2434 29
885 2395 1065 2456 οἷποδοθῇ
1091 2401 1276 2436 δεσπότου
1300 2412 1328 2434 e.
1355 2420 1397 2425 —
1433 2399 1532 2434 ἄπο-

86 2442 187 2496 δοθῇ
204 2443 338 2483 δοῦλος
355 2441 432 2477 ἀλλ’
451 2456 486 2476 ιι.
495 2462 535 2471 —
565 2439 697 2478 ὁτιοῦν
714 2444 773 2477 dn.
785 2461 825 2468 -—
853 2444 932 2478 31*
913 2457 966 2479 ετι
988 2446 1030 2480 δὲ
1051 2459 1131 2479 corr
1150 2448 1188 2489 C,
1215 2444 1313 2480 ἔστιν
1334 2457 1375 2478 en
1394 2446 1530 2478 omissis

86 2483 118 2522 δ’
138 2496 298 2522 ett1.—
323 2484 407 2523 δὲ
381 2502 430 2523 αν
446 2490 481 2523 d.
501 2507 542 2514 -—
567 2486 615 2523 ἄν
635 2490 673 2522 C.
697 2508 745 2515 —
768 2489 826 2533 εἴη
846 2491 884 2523 G·
910 2509 954 2515 —
979 2493 1024 2525 32
1038 2488 1208 2533 παντων]
1228 2488 1472 2525 τῶνᾶλλωνο.
1486 2510 1528 2516 -

86 2534 130 2567 83
147 2532 366 2577 λειπομένου
386 2546 427 2578 pr
442 2545 477 2568 ιι.
504 2555 544 2561 -
570 2532 690 2578 μόνου
706 2541 785 2578 post
800 2532 938 2570 τούτου
957 2548 1009 2578 en,
1036 2548 1092 2569 om
1113 2537 1146 2570 d.
1165 2556 1209 2562 -
1235 2532 1260 2569 ὁὶ
1278 2547 1311 2568 ιι.
1339 2555 1368 2560 -
1405 2537 1450 2570 35
1464 2534 1530 2570 ἐὰν

87 2589 142 2610 om
167 2591 202 2612 ιι.
236 2598 281 2606 —-
323 2578 518 2634 λέγεταιπ.
550 2600 596 2606 -
639 2579 731 2624 τῶν]
759 2577 800 2615 δὲ
826 2580 902 2615 τῶν
925 2592 962 2623 e,
995 2593 1104 2614 omn.
1136 2601 1172 2607 —
1205 2576 1326 2615 ἄλλων
1351 2592 1460 2614 omn.
1484 2599 1530 2606 —-

89 2624 133 2658 36
157 2622 347 2669 ἁπάντων]
370 2622 522 2660 πάντων
542 2637 578 2667 e,
606 2637 661 2659 om
682 2627 719 2659 G.
743 2642 787 2651 —
814 2623 890 2660 ἐστὶ
919 2627 1068 2672 συμβεβ.
1087 2638 1116 2659 e.
1140 2644 1184 2650 —-
1217 2627 1261 2659 36
1279 2633 1315 2658 et
1328 2626 1373 2659 37
1387 2624 1449 2670 τὸ]
1476 2627 1528 2673 τῷ

88 2677 144 2700 ter
164 2670 198 2703 d.
223 2689 265 2696 -—
302 2671 346 2705 37
372 2671 512 2725 Biuodgz
528 2682 581 2726 g.
606 2690 644 2696 -
681 2669 746 2704 καὶ
773 2670 824 2703 bis
850 2683 906 2704 om
934 2683 998 2710 ne,
1022 2683 1065 2714 pr
1094 2683 1128 2704 ιι.
1153 2691 1194 2697 --
1229 2668 1400 2706 δεκτικὸν
1420 2682 1459 2716 g.
1483 2690 1530 2698 —

85 2710 287 2769 ἄνθρωπον
305 2726 345 2759 g·
370 2735 413 2742 —
445 2716 498 2763 τῷ
513 2714 706 2763 ἅνθρωπῳ
724 2728 765 2760 pr
781 2717 850 2750 AG.
874 2734 919 2742 —
952 2717 997 2750 39
1012 2715 1154 2759 λέγεται
1172 2716 1304 2756 δοῦλος
1320 2718 1375 2760 es,
1399 2717 1531 2757 δοῦλος

81 2755 286 2805 ῥηθῆσεται
303 2761 401 2804 Rea,
425 2774 505 2796 corr
519 2774 548 2797 e.

1192 2814 1258 2849 71
