1826 3112
288 210 366 249 142
725 211 871 243 HEPI
897 210 1260 244 ΕΡΜΗΝΕῙΑΣ.

239 322 275 350 2⁵
287 325 347 373 τῳ
328 304 488 354 εἶναι’
519 306 665 371 ἐκείνῳ
672 303 770 387 γὰρ
790 303 1034 351 ακολουθεῖ
1045 303 1096 351 τὸ
1117 304 1333 352 ἀδύνατον
1351 302 1458 352 εἶναι
1474 305 1596 352 καὶ’
1568 325 1698 369 αναγ-

287 379 413 420 καῖον
422 370 482 435 μὴ
499 369 617 425 εἶναι,
630 372 689 416 οὐ
703 370 727 433 ἡ
738 369 960 451 α’πόφασις
971 369 1021 417 τὸ
1032 390 1116 417 ουκ
1129 370 1362 432 ἀναγκαῖον
1369 370 1437 452 μὴ
1442 368 1561 419 εἶναι.
1594 371 1699 418 ἄκο-

287 439 516 486 λουθοῦσί-
533 455 575 483 τε
599 435 682 494 ἄρα
704 439 774 482 καὶ
796 430 923 483 αὗται
943 438 987 483 αὶ
1007 436 1255 497 ἀντιφάσεις
1275 437 1382 483 κατὰ
1393 436 1468 483 τὸν
1478 438 1701 500 εἰρημένον

287 505 464 586 τρόπον
486 505 557 549 καὶ
578 501 710 548 οὐδὲν
727 501 943 548 οῗδύνατον
967 505 1193 562 συμβαίνει
1215 505 1448 562 τιθεμένων
1469 502 1620 560 οὕτως.

408 568 666 652 ἰΑπορησειε
695 568 733 614 6'
762 567 817 614 ἄν
833 586 897 624 τις
919 571 955 615 εἰ
970 573 1030 614 τῶ
1052 568 1289 629 αναγκαῖον
1308 567 1414 615 εἶναι
1434 568 1485 615 τὸ
1509 566 1702 615 δυνατὸν

238 654 273 682 80
290 632 395 682 εἶναι
405 636 555 680 ἕπεται.
569 635 666 680 εἴτε
675 653 756 695 γαο
766 654 825 696 μη
846 635 999 690 ἕπεται,
1020 634 1048 697 ἡ
1068 633 1297 695 αντίφασις
1319 634 1629 696 ακολουθήσει,
1647 632 1700 680 τὸ

288 699 349 763 μὴ
372 698 565 747 δυνατὸν
582 697 710 746 εἶναι·
745 702 818 746 καὶ
837 702 945 756 εἴτις
958 700 1124 762 ταυτην
1134 720 1192 762 μη
1206 701 1386 763 φήσειεν
1398 707 1503 747 εἰναι
1516 700 1702 760 ἀντίφα-

288 778 373 821 σιν,
393 766 557 828 ἀνάγκη
577 767 712 826 λέγειν
730 764 781 812 τὸ
819 765 1010 836 δυνατὸν
1039 765 1098 829 μὴ
1125 772 1242 812 εἰναι.
1280 764 1386 825 ἅπερ
1408 765 1540 825 ἄμφω
1558 769 1704 825 ψευδῆ

288 831 398 878 κατὰ
425 836 508 878 τοῦ
538 831 770 892 ἀναγκαῖον
797 828 918 877 εἶναι.
966 831 1074 877 ἀλλὰ
1104 830 1190 893 μὴν
1220 832 1352 877 πάλιν
1382 830 1432 876 τὸ
1462 830 1571 877 αὐτὸ
1599 828 1706 876 εἶναι

288 901 410 944 δοκεῖ
424 896 612 944 δυνατὸν
631 899 860 956 τέμνεσθαι
876 898 947 941 καὶ
963 896 1266 980 μὴτέμνεσθαι
1277 899 1349 942 καὶ
1371 893 1558 942 εἶναικαὶ
1571 894 1630 958 μὴ
1645 892 1704 942 εἶ-

240 984 275 1012 85
289 982 373 1020 ναι,
386 962 492 1009 ὥστε
505 961 677 1009 ἕσταιτὸ
694 962 926 1022 ἀναγκαῖον
942 967 1044 1008 εἰναι
1060 962 1336 1022 ἐνδεχόμενον
1346 960 1405 1024 μὴ
1425 959 1550 1008 εἶναι·
1572 965 1705 1007 τοῦτο

290 1031 336 1075 δὲ
349 1033 529 1084 ψεῦδος.
557 1026 750 1087 φανερὸν
767 1026 822 1089 δή
847 1025 911 1073 ὅτι
931 1027 990 1073 οὔ
1010 1033 1098 1074 πᾶν
1116 1026 1166 1074 τὸ
1178 1026 1405 1074 δυνατὸν
1382 1048 1412 1109 η
1406 1025 1704 1089 εἶναιῆβαδί-

292 1098 377 1152 ζειν
398 1096 469 1140 καὶ
489 1092 540 1139 τὰ
559 1092 820 1153 ἀντικείμενα
837 1093 1036 1150 δύναται,
1057 1093 1151 1140 ἀλλ’
1163 1095 1275 1140 ἔστιν
1285 1093 1351 1154 ἐφ’
1363 1112 1423 1139 ων
1433 1093 1518 1139 οὐκ
1529 1092 1706 1155 ἀληθές,

289 1164 461 1221 πρῶτον
478 1162 556 1219 μὲν
574 1161 639 1206 ἐπὶ
660 1164 750 1206 τῶν
760 1157 820 1220 μὴ
838 1157 945 1205 κατὰ
955 1159 1089 1220 λόγον
1106 1163 1315 1217 δυνατῶν,
1334 1157 1428 1205 οἷον
1437 1158 1487 1205 τὸ
1499 1163 1589 1217 πῦρ
1599 1163 1708 1218 θερ-

290 1224 499 1286 μαντικὸν
525 1227 597 1271 καὶ
628 1226 709 1285 ἔχει
739 1225 924 1284 δύναμιν
956 1224 1128 1310 ἄλογον.
1173 1226 1218 1271 αἱ
1243 1244 1319 1285 μεν
1339 1218 1421 1271 οὖν
1441 1223 1544 1284 μετὰ
1567 1224 1708 1285 λόγου

188 1304 275 1350 p.23
291 1291 496 1351 δυναιιεις
527 1292 570 1336 αἱ
599 1290 726 1337 αὐταὶ
752 1291 963 1337 πλειόνων
985 1293 1057 1337 ’καὶ
1087 1296 1173 1337 τῶν
1201 1292 1411 1343 ἐναντίων,
1437 1291 1481 1335 αἱ
1500 1289 1540 1335 δ’
1559 1288 1709 1350 αλογοι

291 1357 349 1404 οὐ
361 1362 512 1411 πᾶσαι,
525 1355 617 1402 ἄλλ’
638 1354 781 1415 ὥσπερ
795 1359 969 1418 εἴρηται,
991 1356 1042 1403 τὸ
1064 1361 1158 1416 πῦρ
1180 1355 1238 1402 οὐ
1257 1354 1444 1402 δυνατὸν
1461 1357 1710 1415 θερμαίνειν

290 1425 363 1470 καὶ
388 1422 461 1485 μή,
498 1421 593 1469 οὐδ’
624 1420 707 1468 ὅσα
741 1421 850 1467 ἄλλα
871 1423 1028 1483 ἐνεργεῖ
1043 1421 1121 1468 dec.
1157 1423 1247 1468 ἔνια
1270 1423 1413 1481 μέντοι
1434 1422 1613 1468 δύναται
1636 1421 1710 1466 καὶ

290 1493 380 1535 τῶν
398 1487 506 1534 κατὰ
527 1486 603 1544 τὰς
623 1487 815 1547 ἀλόγους
834 1488 1039 1547 δυνάμεις
1050 1486 1198 1547 ἅματά
1210 1487 1472 1546 ἀντικείμενα
1484 1486 1707 1541 δέξασθαι.

257 1573 276 1602 5
293 1553 404 1601 ἀλλὰ
423 1559 556 1600 τοῦτο
565 1572 640 1613 μεν
653 1552 817 1599 τούτου
833 1553 957 1614 χάριν
966 1556 1027 1612 ει’ρ
1034 1572 1141 1615 ηται,
1154 1551 1220 1599 ὅτι
1233 1571 1290 1599 ου
1303 1558 1423 1599 πᾶσα
1435 1552 1617 1610 δυναμις
1625 1570 1711 1598 των

292 1619 601 1680 αντικειμένων,
623 1618 721 1665 ov’6'
743 1617 845 1665 ὅσαι
863 1621 1056 1681 λέγονται
1074 1617 1182 1664 κατὰ
1194 1617 1245 1664 τὸ
1261 1618 1369 1665 αυτὸ
1381 1616 1506 1674 εἶδος.
1538 1620 1643 1664 ε’νιαι
1665 1619 1711 1663 δε

291 1687 496 1745 δυνάμεις
517 1684 746 1744 ὁμώνυμοί
768 1684 984 1731 εἰσιν.τό
1003 1684 1085 1746 γὰρ
1106 1683 1298 1730 δυνατὸν
1318 1684 1401 1744 οὐχ
1423 1683 1570 1740 απλῶς
1591 1684 1710 1744 λέγε-

290 1769 372 1805 ται,
398 1750 514 1797 ἀλλὰ
544 1750 596 1796 τὸ
625 1768 701 1809 μεν
732 1768 800 1796 οτι
827 1749 990 1812 αληθες
1019 1749 1082 1807 ὦς
1103 1748 1341 1814 ἐνεργεία”
1315 1768 1379 1805 ον,
1402 1748 1495 1795 οἷον
1518 1747 1711 1795 δυνατὸν

290 1820 478 1878 βαδίζειν
507 1815 574 1863 ὅτι
602 1818 789 1876 βαδίζει,
823 1818 896 1862 καὶ
930 1815 1045 1873 ὅλως
1075 1814 1267 1863 δυνατὸν
1293 1812 1399 1862 εἶναι
1428 1813 1495 1861 ὅτι
1514 1813 1603 1877 ἤδη
1626 1816 1712 1861 ἐστι

242 1904 277 1931 10
290 1883 382 1930 κατ’
405 1881 651 1944 ἐνέργειαν
636 1881 662 1928 6
682 1883 843 1943 λέγεται
865 1879 970 1928 εἶναι
990 1882 1193 1937 δυνατόν,
1225 1880 1275 1927 τὰ
1297 1880 1392 1927 δε”
1365 1899 1431 1927 οτι
1451 1881 1711 1960 ἐνεργήσειεν

294 1968 362 2005 αν,
394 1955 488 1995 οἱον
517 1946 710 1995 δυνατὸν
739 1953 845 1994 εἰναι
863 1946 1090 2006 βαδίζειν
1072 1946 1137 1993 ότι
1165 1948 1378 2006 βαδίσειεν
1398 1946 1464 1992 ι’ίν
1502 1949 1575 1991 καὶ
1599 1943 1712 2007 αὕτη

291 2033 368 2075 μεν
385 2016 452 2061 ἐπὶ
465 2020 556 2070 τοῖς
575 2019 765 2075 κινητοῖς
779 2014 863 2058 ἐστὶ
883 2013 1033 2072 μόνοις
1052 2012 1099 2097 ἡ,
1106 2012 1303 2071 δύναμις,
1335 2013 1472 2073 ἐκείνη
1490 2013 1536 2058 δε
1553 2013 1625 2057 καὶ
1644 2011 1712 2057 ἐπὶ

291 2086 382 2138 τοῖς
400 2079 633 2141 ακινήτοις.
667 2078 799 2139 ἄμφω
812 2080 857 2124 δε
881 2078 1046 2140 α’ληθες
1062 2079 1196 2124 εἰπεῖν
1213 2076 1262 2124 τὸ
1283 2097 1342 2139 μη
1366 2077 1583 2124 αδύνατον
1599 2074 1712 2123 εἶναι

291 2144 528 2207 βαδίζειν’Ἀ
499 2165 528 2209 η
544 2143 663 2202 εἶναι,
682 2147 755 2191 καὶ
773 2143 824 2191 τὸ
846 2147 1025 2205 βαδίζον
1046 2143 1135 2207 ἤδη
1155 2146 1228 2191 καὶ
1247 2145 1452 2205 ἐνεργοῦν
1473 2145 1546 2190 καὶ
1563 2141 1614 2190 τὰ
1632 2147 1712 2203 βα-

383 2306 427 2339 25
445 2304 507 2339 καὶ
524 2303 565 2339 τὸ
586 2302 784 2361 ἀναγκαῖον
802 2315 829 2336 e.
841 2322 885 2329 —
908 2303 993 2337 καὶ.
1030 2305 1094 2338 .27
1109 2315 1183 2348 aga
1200 2315 1236 2335 rc
1249 2302 1299 2343 f'
1289 2314 1322 2334 ln
1341 2303 1451 2345 litura,
1473 2303 1530 2334 ubi
1551 2303 1607 2334 loc
1622 2314 1714 2345 pau-

293 2350 456 2383 cioribus.
485 2370 523 2375 —
548 2348 633 2392 Ξδῆ
664 2362 718 2382 om
739 2349 915 2402 AGdfenu
943 2367 985 2372 -
1008 2350 1052 2382 27
1069 2361 1107 2382 τε
1130 2360 1184 2379 «ιη
1206 2347 1312 2386 Οιίηιι,
1341 2348 1396 2378 del
1421 2348 1460 2379 A.
1485 2365 1530 2372 —
1554 2347 1592 2380 αἱ
1609 2347 1711 2379 omd.

292 2396 402 2427 —30
421 2405 460 2428 τε
479 2406 534 2427 om
552 2394 779 2435 e‚de1d.—
805 2394 1006 2426 ακολουθεῖ
1026 2394 1066 2425 G.
1090 2411 1133 2418 —
1158 2389 1344 2432 ἀπόφασις
1359 2402 1392 2423 τι.
1418 2409 1462 2416 —-
1486 2393 1524 2424 31
1548 2388 1598 2435 μὴ
1622 2389 1713 2424 ταύ-

291 2451 358 2480 την
378 2440 414 2472 G.
443 2457 483 2465 —-
509 2440 608 2482 φήσῃ
629 2451 663 2471 n.
683 2455 728 2463 --
752 2434 943 2478 ἀπόφασιν
961 2449 993 2477 n,
1020 2449 1098 2469 corr
1119 2438 1160 2470 G.
1178 2453 1223 2461 —-
1246 2436 1289 2467 32
1308 2434 1436 2485 λέγειν
1439 2447 1493 2467 om
1512 2447 1545 2468 η.
1567 2453 1610 2460 —-
1611 2442 1714 2488 post

291 2482 333 2517 τὸ
355 2484 411 2515 del
433 2483 566 2538 aliquid
588 2485 626 2516 B.
641 2495 791 2523 -απερ
830 2480 867 2515 δε
889 2489 967 2536 post
988 2477 1097 2523 ἄμφω
1113 2492 1147 2514 π.
1159 2498 1202 2506 -
1225 2480 1266 2512 33
1289 2476 1392 2512 εἶναι.
1413 2477 1504 2513 ω’στε
1523 2481 1575 2525 τῷ
1597 2476 1711 2521 ἄναγ-

292 2531 399 2561 καῖον
419 2525 511 2561 εἶναι
530 2526 570 2561 τὸ
599 2524 758 2561 δυνατὸν
796 2538 910 2560 πεται.
943 2523 1032 2559 ἀλλὰ
1057 2528 1093 2559 C.
1119 2543 1158 2551 -—
1196 2525 1298 2558 δοκεῖ
1316 2521 1410 2557 εἶναι
1434 2525 1491 2557 Cn
1520 2542 1560 2548 -
1598 2524 1642 2557 34
1661 2523 1713 2556 alt

292 2572 369 2616 καὶ]
393 2569 552 2606 δυνατὸν
570 2571 632 2606 καὶ
649 2584 676 2605 e.
702 2591 742 2598 -
769 2570 833 2605 35’
823 2570 922 2604 ε’σται
942 2578 1022 2623 pos't
1041 2568 1134 2604 εἶναι
1150 2581 1179 2602 c.
1206 2587 1247 2593 —
1273 2565 1347 2623 δὴ]
1358 2567 1396 2601 δὲ
1414 2580 1442 2610 e,
1465 2581 1534 2612 γαρ
1558 2569 1599 2600 G.

381 2616 469 2650 23³2
480 2629 532 2660 γρ.
544 2617 672 2651 πασῶν
690 2628 792 2659 supra
801 2618 870 2657 vst'.
890 2634 931 2640 —
950 2616 970 2647 3
992 2611 1049 2649 αεὶ
1068 2612 1136 2649 ἔστ’
1158 2625 1205 2646 αν
1221 2605 1247 2657 ᾖ
1263 2611 1304 2646 τὸ
1326 2611 1566 2668 ὑποκείμενον
1585 2610 1664 2645 ἔνια
1680 2622 1710 2644 e.

295 2679 337 2686 -
362 2660 542 2696 δύνανται
562 2663 600 2695 A.
631 2681 664 2686 -—
690 2662 712 2694 4
727 2660 1025 2704 roivuusc‘woevoen
1051 2678 1096 2686 -
1118 2647 1296 2699 δέξασθαι
1317 2668 1371 2688 om
1385 2669 1420 2690 n.
1447 2677 1488 2682 —
1512 2658 1534 2690 8
1550 2654 1712 2709 ἐνέργεια

299 2706 366 2747 Cu,
391 2717 483 2759 pru.
510 2726 551 2731 —
583 2719 626 2740 ον
648 2717 701 2738 om
729 2706 813 2738 GGd
839 2712 872 2737 et
889 2705 1013 2748 prAn.
1038 2722 1083 2731 -·
1116 2704 1155 2737 lo
1174 2709 1211 2734 et
1233 2702 1270 2734 11
1290 2698 1385 2735 εἶναι
1403 2713 1503 2734 omn.
1529 2719 1572 2728 —
1609 2702 1650 2735 13
1670 2696 1711 2734 τό

296 2747 455 2785 δυνατὸν
472 2753 517 2793 ef.
540 2770 583 2776 —
610 2751 651 2784 14
671 2749 734 2784 καὶ
750 2747 791 2784 τὸ
811 2717 981 2795 ἐνεργοῦν
1001 2750 1118 2783 BGeu.
1140 2764 1185 2772 —
1207 2742 1250 2780 τὸ
1267 2745 1323 2778 del
1341 2746 1384 2779 A.
