1780 3100
189 202 274 241 314‘
789 207 1082 251 Categoriae.

243 301 333 347 τοῖς
368 299 394 341 6
430 300 564 353 αὐχὴν
595 301 702 351 πρὸς
727 300 806 353 τὴν
832 298 916 341 άπὸ
942 303 1016 354 τῆς
1041 304 1120 355 γῆς
1145 303 1304 359 νομήν,
1340 306 1426 352 τοῖς
1453 304 1504 354 δ’,
1530 305 1565 345 εἰ
1591 320 1668 357 μα-

240 363 340 415 κρὸς
380 358 435 416 ἦν
471 363 538 404 ἐπὶ
577 362 785 417 βραχέσιν.
848 366 1019 404 395b20
1055 367 1171 406 ποῖοι
1211 364 1256 407 δὲ
1290 366 1418 420 χυμοὶ
1455 365 1500 408 ἐκ
1534 368 1669 409 ποίων

238 426 429 478 γίνονται
464 427 676 478 κράσεων,
725 427 886 478 εἴρηται
937 426 1030 477 περὶ
1066 429 1208 469 αὐτῶν
1250 430 1376 482 χωρὶς
1419 429 1465 470 ἐν
1516 433 1667 479 ἄλλοις.

239 492 362 530 4b26
387 491 474 530 τῶν
509 491 587 542 μὲν
630 491 711 544 γὰρ
748 494 826 531 τοῦ
874 491 1064 541 άριθμοῦ
1102 493 1265 545 μορίων
1303 493 1439 541 οὐδείς
1468 492 1552 534 ἐστι
1579 508 1666 535 κοι-

238 553 314 600 νὸς
341 552 464 603 ὅρος,
504 555 610 604 πρὸς
647 555 697 595 ὃν
735 554 934 594 συνάπτει
969 553 1021 595 τὰ
1057 556 1183 607 μόρια
1212 557 1358 597 αὐτοῦ.
1418 561 1561 596 15282
1589 556 1668 598 ὅσα

238 615 319 667 γὰρ
358 615 498 664 ἁπλῶς
541 618 691 668 ταύτά,
740 616 810 658 καὶ
863 617 907 658 αἱ
951 616 1129 669 γενέσεις
1179 620 1320 659 αὐτῶν
1356 618 1427 660 καὶ
1476 619 1521 660 αἴ
1556 623 1665 671 φθο-

238 677 309 730 ραὶ
337 680 381 719 αἱ
407 681 541 720 αὐταί.
598 684 706 719 243³
723 685 770 719 13
806 681 885 721 ὅσοι
921 679 998 731 μὲν
1025 678 1104 722 οὖν
1131 682 1238 723 αὐτὰ
1265 683 1340 732 ἀφ’
1369 682 1511 723 αὐτῶν
1538 687 1667 723 κινεῖ-

236 755 326 791 ται,
371 744 561 794 φανερὸν
596 744 641 784 ἐν
678 745 865 791 τούτοις,
913 743 975 785 ὅτι
1012 745 1099 796 ἅμα
1135 747 1181 787 τὸ
1219 746 1472 797 κινούμενον
1509 746 1579 786 καὶ
1617 747 1664 787 τὸ

235 809 387 846 κινοῦν
415 806 536 848 ἐστίν.
577 810 773 847 13151)32
801 806 847 847 ἐν
884 807 987 847 ἔτεσι
1022 810 1247 859 τριάκοντα
1287 807 1358 849 καὶ
1382 807 1517 858 τρισὶν
1545 806 1662 849 ἕπτα-

234 868 409 910 καίδεκα
437 871 505 922 ἔτη
532 871 697 911 τούτων
725 870 1041 920 ἐτυράννευσεν.
1084 875 1257 910 ⁷56b3l
1286 871 1314 923 ἡ
1340 874 1447 924 γαλῆ
1474 872 1665 923 καθάπερ

237 926 365 971 τᾶλλα
388 933 619 985 τετράποδα
642 933 718 973 τὸν
739 934 869 973 αὐτὸν
889 933 1048 984 τρόπον
1074 931 1153 986 ἔχει
1182 933 1353 981 ἐκείνοις
1379 934 1452 982 τὰς
1477 934 1663 986 ὑστέρας.

237 995 365 1033 Simili
393 999 686 1035 constructione
714 998 847 1048 posuit
875 995 937 1036 ὅτι
965 999 1099 1042 47b8.
1130 1010 1206 1048 quo
1235 997 1290 1045 ὡς
1319 1000 1419 1048 quod
1447 1000 1665 1049 praecessit

234 1057 273 1095 in
310 1063 481 1096 mentem
512 1060 622 1097 nobis
652 1065 855 1098 revocaret
884 1062 1096 1099 ostendens
1127 1062 1240 1100 simul
1270 1063 1486 1099 membrum
1517 1063 1661 1100 oratio-

231 1120 293 1158 nis
327 1122 673 1159 demonstrativum
711 1123 777 1160 hie
815 1124 1007 1173 incipere:
1048 1124 1143 1161 dicit
1189 1125 1316 1164 enim:
1356 1123 1546 1173 φανερὸν
1584 1119 1663 1164 οὖν

235 1181 293 1229 ὥς
320 1180 364 1222 ἐν
393 1175 426 1236 ᾧ
452 1183 565 1235 λόγῳ
593 1182 650 1235 μὴ
676 1182 836 1236 λέγεται
866 1185 994 1225 ταύτὸ
1029 1185 1272 1235 πλεονάκις,
1314 1182 1378 1226 ὅτι
1415 1187 1468 1226 οὐ
1505 1186 1662 1238 γίνεται

233 1247 524 1298 συλλογισμός.
581 1247 688 1285 Idem
722 1253 840 1297 esset,
871 1250 902 1287 si
931 1261 1003 1299 pro
1034 1244 1098 1288 ὅτι
1125 1249 1348 1298 scripsisset
1377 1247 1423 1289 ἐν
1448 1251 1595 1304 τούτῳ.

180 1311 299 1348 13³4
327 1310 564 1362 Scripsimns
593 1311 709 1358 οὔτε,
748 1313 849 1361 qnod
890 1317 931 1350 et
966 1313 1102 1362 optimi
1137 1313 1293 1350 codices
1331 1313 1477 1351 habent
1512 1319 1552 1351 et
1579 1313 1662 1365 ἱρέα

230 1376 296 1411 res
323 1373 510 1422 postulat.
562 1373 689 1421 Quum
719 1375 819 1411 enim
849 1375 1112 1424 praecesserit
1140 1372 1377 1424 οὐδέτερον,
1406 1377 1516 1426 sequi
1545 1377 1663 1416 debet

231 1435 327 1474 οὔτε
356 1457 407 1463 —-
439 1436 547 1476 οὔτε.
596 1436 772 1473 Alterum
802 1437 897 1475 οὔτε
925 1438 971 1474 ab
1001 1438 1215 1475 Aristoteie
1244 1439 1432 1476 omissum
1460 1451 1549 1477 esse
1577 1440 1661 1478 lon-

230 1498 340 1550 giore
362 1498 595 1550 interposito
615 1499 802 1536 orationis
823 1501 998 1537 membro
1019 1512 1094 1537 non
1117 1505 1176 1537 est
1197 1502 1298 1549 quod
1320 1502 1515 1540 miremur.
1545 1502 1660 1551 Quod

228 1561 270 1599 in
306 1561 434 1598 animo
469 1562 650 1598 habuerit
678 1564 863 1611 'apertum
891 1566 973 1599 est:
1012 1575 1178 1612 namque
1206 1564 1424 1612 scripturus
1453 1569 1538 1602 erat
1564 1565 1660 1603 οὔτε

230 1621 311 1674 γὰρ
340 1620 402 1661 άεὶ
428 1623 486 1676 τῷ
515 1623 687 1673 δεκτικῷ
709 1625 802 1675 (τῆς
823 1623 1047 1675 στερήσεως
1070 1622 1141 1662 καὶ
1160 1621 1296 1672 ἕξεως)
1320 1624 1554 1676 ἀναγκαῖον
1580 1626 1660 1666 θά-

228 1699 352 1738 τερον
381 1685 522 1724 αὐτῶν
548 1684 769 1736 ὑπάρχειν,
809 1684 866 1732 ὡς
902 1684 966 1725 ἐπὶ
993 1687 1079 1725 τῶν
1106 1683 1310 1726 ἐναντίων
1337 1679 1398 1727 ὧν
1426 1687 1553 1728 οὐδὲν
1579 1689 1661 1730 άνὰ

227 1747 358 1802 μέσον
394 1747 527 1796 ἐστίν,
566 1750 661 1787 οὔτε
697 1747 753 1795 ὡς
780 1747 848 1788 ἐπὶ
874 1750 958 1788 τῶν
986 1746 1189 1789 ἐναντίων
1216 1741 1278 1790 ὧν
1305 1747 1390 1790 ἔστι
1417 1766 1456 1791 τι
1483 1751 1564 1792 άνὰ
1590 1751 1659 1804 με’-

227 1821 306 1853 σον
324 1810 532 1864 ἐνδέχεται
550 1811 576 1863 ἢ
596 1811 824 1863 μηδέτερον
842 1811 1046 1865 ὑπάρχειν
1070 1818 1128 1865 τῷ
1157 1813 1328 1866 δεκτικῷ
1356 1813 1382 1867 ἢ
1411 1813 1518 1855 τισὶν
1545 1815 1659 1867 άφω-

226 1875 433 1928 ροσμένως
459 1875 665 1926 θάτερον,
703 1878 774 1915 sed
812 1877 975 1914 alterum
1004 1877 1189 1915 orationis
1218 1881 1448 1926 membrum,
1478 1893 1556 1930 quo
1584 1880 1660 1918 cla-

226 1942 307 1979 rius
342 1941 460 1978 fieret
498 1940 602 1990 qnod
640 1939 713 1977 sibi
752 1940 897 1988 vellet,
935 1941 1111 1989 pluribus
1140 1941 1270 1977 verbis
1299 1954 1496 1991 exponere
1525 1943 1657 1988 voluit,

226 2004 332 2042 unde
356 2003 505 2040 factum
530 2006 605 2047 est,
631 2006 674 2038 ut
696 2003 1026 2039 constructionem
1051 2003 1256 2040 verborum
1279 2015 1353 2040 non
1376 2005 1656 2045 observaverit.

173 2068 291 2104 1388
319 2065 408 2103 Erit
441 2065 610 2102 fortasse
646 2064 708 2100 cui
746 2064 955 2102 delendum
994 2065 1170 2102 videatur
1200 2077 1312 2113 ποτε,
1341 2068 1446 2116 qnod
1474 2068 1590 2104 etiam
1617 2067 1657 2105 in

225 2129 406 2166 versione
434 2127 646 2164 Boethiana
674 2126 889 2164 omittitur:
926 2127 995 2164 sed
1035 2127 1112 2164 hoc
1139 2128 1202 2164 vix
1231 2139 1348 2178 posse
1377 2129 1518 2167 deesse
1545 2130 1658 2168 intel-

224 2192 318 2241 liget
358 2190 424 2240 qui
463 2189 651 2226 rationem
690 2188 873 2226 habuerit
904 2189 1071 2239 exempli
1101 2189 1204 2238 quod
1234 2192 1351 2228 modo
1379 2191 1489 2229 dedit
1518 2191 1567 2230 de
1595 2205 1657 2230 ca-

224 2254 340 2301 tulis,
380 2265 477 2303 qnos
505 2257 570 2290 aut
598 2263 736 2289 caecos
763 2256 830 2288 aut
859 2252 1033 2289 videntes
1063 2252 1137 2289 dici
1166 2265 1330 2290 necesse
1358 2258 1432 2303 est,
1461 2267 1577 2304 quum
1607 2256 1656 2294 ud

226 2330 311 2356 eam
340 2321 511 2354 aetatem
540 2314 792 2365 pervenerint
820 2327 893 2363 qna
921 2315 1056 2351 oculos
1086 2318 1245 2365 apertos
1273 2316 1419 2354 habere
1444 2317 1582 2355 solent.

174 2364 323 2419 13818·
348 2380 525 2429 Denique
563 2377 666 2415 aliud
696 2382 965 2426 argumentum
994 2378 1127 2426 affert,
1157 2390 1234 2427 quo
1261 2378 1434 2416 habitum
1463 2384 1504 2417 et
1530 2380 1654 2430 priva—

224 2443 371 2482 tionem
415 2442 491 2480 aiio
533 2441 649 2478 modo
687 2439 761 2478 sibi
797 2441 940 2490 opponi
978 2440 1119 2479 doceat
1159 2447 1276 2490 atque
1314 2442 1530 2479 contraria:
1567 2454 1654 2480 nam

222 2506 365 2544 horum
401 2505 567 2542 alterum
607 2507 737 2541 utrum
775 2503 814 2540 in
853 2504 1090 2542 contrarium
1130 2504 1271 2542 mutari
1298 2508 1435 2553 potest
1459 2505 1655 2554 (exceptis

223 2568 271 2606 iis
311 2580 412 2618 quae
451 2580 540 2604 cum
580 2567 666 2618 ipsa
702 2566 759 2603 rei
798 2570 932 2603 natura
967 2567 1174 2605 coniuncta
1211 2569 1302 2604 sunt
1329 2588 1378 2594 -—
1415 2567 1512 2605 haec
1551 2568 1653 2605 enim

223 2643 300 2669 non
337 2634 534 2668 mutantur
573 2629 613 2667 in
651 2628 889 2676 contraria),
928 2630 1093 2680 privatio
1120 2640 1213 2668 vero
1241 2629 1279 2668 in
1305 2629 1481 2668 habitum
1509 2630 1654 2669 reverti

223 2694 372 2744 nequit,
401 2700 636 2744 quamquam
671 2704 721 2732 ex
748 2692 883 2731 habitu
910 2692 978 2731 fiat
1004 2693 1182 2745 privatio-
