1748 3106
164 175 196 208 X
717 174 1061 208 PRAEFATIO.

166 289 375 333 magnum
403 275 593 318 fructum
612 275 894 318 Aristotelem
922 282 1118 319 nostrum
1144 274 1250 318 inde
1281 277 1512 332 capturum
1545 287 1638 315 esse

167 352 474 409 sperabamus,
532 351 610 395 sed
648 352 750 409 quia
799 353 1057 394 verebamur
1104 367 1159 394 ne
1201 356 1244 393 et
1288 350 1448 392 laboris
1487 350 1636 407 impa-

167 428 321 471 tientia
362 435 406 472 et
442 429 637 471 officium
686 428 906 470 desertum
938 430 1063 471 nobis
1102 427 1464 486 exprobraretur,
1517 425 1639 482 quod

168 519 303 562 quum
337 513 496 563 sponte
542 505 667 547 nobis
706 505 1087 562 imposuissemus,
1143 518 1401 546 conservare
1438 502 1635 545 debeba—

167 595 276 624 mus.
344 582 393 624 Si
435 583 529 638 quis
580 595 685 623 vero
729 582 1087 639 conquerendum
1130 587 1258 639 putet
1303 580 1359 623 de
1402 579 1638 622 inutilitate

169 670 318 699 eorum
353 673 465 714 quae
494 673 583 700 non
614 658 706 700 sine
736 673 898 717 magno
928 659 1080 701 labore
1110 658 1468 717 congesserimus,
1513 657 1638 712 equi-

170 732 274 775 dem
303 748 373 775 me
401 735 547 792 ipsum
572 720 825 778 contentum
839 736 1052 794 profiteor
1083 750 1158 789 eo,
1200 734 1320 792 quod
1343 733 1561 792 Stephani
1583 732 1638 775 de

169 809 512 853 Hermeneutica
540 813 914 868 commentarium,
950 827 1082 870 quem
1115 818 1285 854 exstare
1306 811 1387 853 viri
1412 810 1532 853 docti
1556 810 1639 852 ad—

169 885 258 927 huc
290 887 495 930 videntur
523 889 793 947 ignoravisse
822 887 888 947 (v.
922 889 1134 932 Buhlium
1163 888 1210 930 in
1240 888 1419 930 Aristot.
1452 886 1522 928 ed.
1557 886 1639 928 Bi-

172 968 297 1019 pont.
325 964 358 1005 I.
390 979 436 1022 p.
459 962 608 1022 313),
651 971 694 1008 et
729 966 894 1008 codicis
924 964 1127 1008 Riccard.
1157 964 1448 1023 paraphrasin
1471 963 1573 1005 libri
1598 962 1640 1004 ΙΙ

171 1038 506 1096 Analyticorum
538 1042 847 1099 posteriorum,
892 1057 1022 1100 quam
1058 1056 1147 1085 non
1177 1055 1358 1099 possum
1396 1054 1482 1083 non
1522 1039 1639 1082 iudi-

170 1129 268 1157 care
303 1123 346 1158 et
386 1118 615 1160 meliorem
655 1134 786 1175 quam
827 1126 1005 1162 externa
1046 1119 1144 1161 libri
1173 1118 1342 1175 species
1383 1116 1641 1175 promittere

167 1191 341 1235 videtur
364 1200 408 1236 et
438 1194 630 1237 lectione
659 1195 974 1254 dignissimam,
1009 1196 1054 1237 in
1075 1195 1219 1238 lucem
1241 1193 1501 1252 protrahere
1530 1207 1638 1235 con-

165 1267 282 1326 tigit.

266 1343 331 1389 Ut
369 1346 427 1388 ad
459 1347 618 1390 librum
647 1348 793 1405 ipsum
823 1349 1059 1401 veniamus,
1096 1353 1197 1390 ante
1227 1347 1374 1388 omnia
1399 1347 1589 1402 petimus
1615 1359 1640 1386 a

172 1421 424 1476 lectoribus,
460 1437 515 1465 ne
545 1423 648 1464 artis
687 1423 861 1481 logicae
892 1423 1086 1480 imperiti
1116 1422 1173 1464 ad
1205 1422 1339 1464 libros
1380 1421 1435 1463 ab
1466 1421 1639 1463 Aristo-

169 1498 260 1540 tele
290 1498 348 1540 de
381 1513 431 1541 ea
461 1500 731 1557 compositos
761 1500 985 1554 accedant,
1021 1499 1184 1542 deinde
1223 1514 1278 1541 ne
1317 1497 1641 1540 inconsiderate

170 1575 366 1617 iudicent
397 1575 453 1617 de
481 1576 532 1618 iis
561 1591 673 1632 quae
704 1590 792 1618 non
818 1583 984 1619 temere
1013 1577 1287 1634 scripsimus:
1323 1575 1461 1626 sciant
1495 1581 1640 1617 autem

171 1658 428 1711 pergratum
459 1653 566 1694 mihi
604 1653 700 1696 fore
739 1653 1032 1710 quodcunque
1068 1668 1126 1695 re
1170 1653 1312 1695 bene
1351 1667 1640 1710 perpensa

167 1729 531 1786 reprehendatur,
563 1730 694 1772 etiam
716 1731 749 1772 si
772 1745 841 1772 me
864 1745 951 1772 non
971 1731 1135 1772 habeat
1158 1730 1479 1771 assentientem.
1546 1728 1640 1770 Iam

167 1805 212 1846 in
234 1805 347 1847 libro
368 1806 678 1864 componendo
705 1806 792 1848 hoc
812 1807 1087 1864 potissimum
1112 1807 1421 1864 spectavimus,
1456 1810 1519 1857 ut,
1554 1819 1641 1847 non

167 1883 417 1939 compilatis
450 1883 501 1925 iis
541 1898 653 1940 quae
683 1884 756 1925 alii
790 1884 1087 1941 scripsissent,
1129 1897 1243 1924 nova
1273 1882 1476 1925 daremus
1507 1896 1640 1937 quam

165 1959 358 2017 plurima
388 1974 527 2015 eaque
554 1975 643 2004 non
674 1960 755 2002 nisi
785 1975 839 2002 ex
867 1960 918 2002 iis
948 1960 1143 2002 fontibus
1172 1959 1343 2012 hausta,
1379 1959 1533 2014 quibus
1565 1964 1640 1999 aut

166 2035 256 2092 ipsi
284 2036 349 2078 usi
381 2051 571 2078 essemus
602 2042 676 2078 aut
710 2037 843 2090 alios,
888 2037 1044 2091 quibus
1082 2036 1238 2077 merito
1278 2035 1391 2077 fides
1432 2034 1639 2077 habenda

169 2118 296 2166 esset,
331 2126 432 2154 usos
471 2127 563 2154 esse
597 2112 826 2154 sciremus:
872 2126 1006 2169 quare
1035 2126 1144 2169 prae
1174 2112 1327 2154 ceteris
1359 2112 1485 2154 nobis
1518 2112 1638 2154 cavi-

166 2203 277 2242 mus,
320 2203 376 2230 ne
409 2188 516 2245 quid
547 2188 764 2245 diceretur
793 2188 927 2245 quod,
972 2203 1106 2246 quum
1136 2196 1210 2231 aut
1241 2190 1404 2231 nemini
1438 2189 1640 2248 ignotum

169 2271 282 2307 esset
320 2271 394 2307 aut
429 2266 531 2308 satis
564 2266 696 2308 facile
729 2266 786 2308 ad
817 2265 1128 2308 inveniendum
1157 2266 1208 2308 iis
1245 2266 1320 2323 qui
1350 2266 1638 2309 Aristotelem

167 2342 418 2401 intelligere
447 2342 694 2395 studerent,
731 2343 766 2385 si
800 2342 994 2396 abesset,
1040 2357 1168 2385 nemo
1201 2344 1452 2399 requireret.
1521 2343 1637 2385 Bre-

169 2419 232 2462 vis
263 2433 359 2461 esse
397 2419 614 2472 laboravi,
656 2434 761 2462 num
802 2416 1113 2466 obscuritatem
1150 2420 1399 2473 vitaverim,
1444 2419 1638 2462 iudicent

169 2495 269 2537 alii:
304 2496 480 2553 prolixo
508 2502 626 2539 certe
657 2497 970 2539 commentario
994 2497 1275 2539 Aristotelem
1298 2497 1535 2554 explanare
1568 2498 1637 2538 in—

170 2572 353 2631 dignum
383 2572 571 2615 iudicavi
603 2587 773 2615 summo
804 2573 1096 2631 philosopho,
1131 2574 1207 2630 qui
1237 2574 1496 2616 brevitatem
1528 2589 1636 2631 per-

169 2650 400 2708 spicuitate
418 2649 538 2692 haud
556 2664 654 2692 raro
677 2650 897 2709 potiorem
916 2650 1133 2693 habuerit.
1189 2650 1347 2693 Latine
1370 2650 1635 2708 scripsimus,

166 2731 216 2772 ut
244 2726 383 2772 oratio
407 2740 495 2769 non
522 2726 639 2769 clara
663 2742 757 2771 esse
776 2742 864 2771 non
892 2733 1056 2786 posset,
1091 2743 1179 2770 non
1201 2733 1248 2771 ut
1269 2725 1492 2771 Ciceronis
1514 2741 1637 2770 more
