1760 3080
605 166 867 212 Anulytlcu
891 165 1065 211 priora.
1491 162 1571 203 447

64 279 177 321 quae
209 267 394 307 maximo
431 266 694 306 universalia
719 271 830 306 sunt.
886 266 950 305 116
980 261 1259 313 ostendittur}
1284 274 1415 301 unam
1441 262 1570 303 trium

53 333 298 384 figurarum
322 330 472 371 reduci
509 331 783 385 quodcunque
814 328 1018 382 probetur
1043 326 1235 368 terminis
1258 325 1322 365 sic
1347 338 1394 365 se
1419 325 1573 366 haben-

62 394 175 443 tibus
201 400 250 435 ut
279 398 495 449 esposuit,
532 398 584 435 25
610 395 648 434 si
675 395 802 434 aliter
828 393 1034 443 habeant,
1070 391 1178 432 nihil
1215 391 1381 431 omnino
1418 390 1571 443 colligi.

63 461 118 499 38
143 458 244 499 Non
271 459 609 512 investigandum
637 463 697 497 est
726 470 808 511 qua
836 457 881 496 in
902 470 950 496 re
969 457 1139 496 termini
1156 455 1394 509 discrepent
1413 459 1455 495 et
1476 467 1572 495 con-

63 524 193 562 trarii
215 524 314 571 sint,
342 522 417 562 sed
443 525 488 562 in
515 536 599 576 qua
626 522 887 562 conveniant.

65 585 221 626 43b39
258 587 317 626 De
353 588 486 626 medio
513 586 684 626 termino
721 585 841 624 datae
876 584 1120 624 conclusioni
1145 583 1382 623 inveniendo
1409 584 1466 623 ite
1490 583 1574 624 dis-

118 651 231 701 serit,
268 655 314 689 ut
352 652 591 696 (secundum
621 649 661 688 id
698 649 803 700 quod
844 650 942 688 dixit
969 661 1026 688 vs.
1046 650 1095 686 11
1121 651 1228 699 sqq.)
1259 648 1575 700 propositionum

116 714 395 754 universalium
425 714 724 767 coniugationes
760 713 867 753 solas
907 712 1148 760 consideret,
1190 725 1292 763 quae
1320 713 1469 764 primos
1495 712 1576 752 duo

117 780 375 831 syllogismos
404 780 596 830 cuiusque
623 778 774 829 figurae
800 777 963 819 faciant.
1035 777 1115 815 lam
1142 776 1266 829 igitur
1291 781 1335 816 ut
1363 777 1575 816 concluda-

118 848 185 883 tur
212 843 382 883 alterum
412 843 462 882 de
490 843 618 882 altero
645 843 832 882 universo
861 841 1096 894 praedicari,
1125 845 1235 892 patet
1262 853 1312 880 ex
1339 841 1468 892 primo
1496 841 1576 893 syl-

118 908 288 959 logismo
323 907 476 959 primae
514 907 666 959 figurae
703 906 880 946 medium
918 908 1132 947 terminum
1171 906 1226 944 ita
1254 918 1299 944 se
1324 905 1477 945 habere
1504 906 1577 945 de-

117 971 229 1020 bere,
266 976 312 1010 ut
338 971 595 1023 praedicetur
622 971 674 1009 de
700 971 882 1010 subiecto
911 970 1192 1018 conclusionis,
1228 970 1282 1009 de
1316 969 1407 1022 ipso
1442 974 1578 1009 autem

117 1036 374 1088 praedicetur
401 1035 441 1074 id
471 1035 578 1087 quod
606 1035 647 1074 in
675 1034 931 1074 conclusione
959 1035 1235 1086 praedicetur:
1261 1046 1388 1085 quare
1405 1034 1576 1074 alterum

117 1100 171 1139 de
198 1099 326 1139 altero
354 1099 541 1139 universo
568 1098 791 1151 praedicari
819 1100 1046 1152 colligetur,
1085 1100 1119 1137 si
1146 1098 1411 1138 invenerimus
1439 1098 1576 1138 termi-

116 1177 213 1204 num
239 1176 362 1203 unum
390 1167 432 1203 et
460 1163 648 1212 eundem,
676 1163 728 1202 de
756 1177 834 1215 quo
862 1163 1121 1215 praedicetur
1138 1163 1244 1215 quod
1262 1163 1301 1202 in
1323 1163 1579 1202 conclusione

114 1227 339 1281 praedicari
366 1228 512 1267 debeat
540 1226 610 1277 (τὸ
636 1226 1083 1279 κατασκευαζόμενον)
1103 1231 1146 1267 et
1165 1227 1233 1279 qui
1252 1227 1343 1279 ipse
1369 1227 1577 1278 praedice-

118 1297 187 1333 tur
214 1292 266 1331 de
293 1305 341 1332 eo
369 1293 476 1343 quod
504 1292 543 1331 in
572 1293 829 1333 conclusione
856 1293 1081 1331 subiectum
1111 1292 1166 1332 sit
1200 1283 1276 1339 (οὗ
1304 1289 1373 1332 δεῖ
1395 1304 1577 1343 κατηγο·

118 1357 325 1408 ρεῖσθαι).
352 1377 404 1384 -
462 1356 560 1395 ltem
589 1357 757 1397 alterum
786 1358 839 1396 de
866 1356 1033 1396 alterius
1060 1356 1194 1408 aliqua
1219 1361 1334 1408 parte
1356 1356 1581 1408 praedicari

119 1421 370 1461 concluditur
414 1432 488 1471 per
523 1421 694 1472 primum
733 1421 1008 1472 syllogismum
1046 1421 1193 1460 tertiae
1238 1421 1412 1472 figurae:
1460 1433 1581 1472 quam

119 1485 280 1536 quidem
318 1484 615 1525 conclusionem
653 1485 890 1524 habebimus
927 1485 1088 1524 invento
1125 1485 1256 1535 aliquo
1292 1485 1486 1534 termino,
1527 1484 1580 1524 de

119 1562 198 1601 quo
227 1548 477 1600 praedicatur
504 1541 590 1595 (οἷς
617 1544 779 1596 ἕπεται)
803 1553 845 1588 et
872 1550 979 1600 quod
1006 1549 1045 1588 in
1074 1548 1329 1588 conclusione
1355 1549 1579 1589 subiectum

118 1613 173 1653 sit
201 1618 241 1652 et
269 1612 375 1664 quod
403 1612 444 1650 in
472 1625 520 1651 ea
547 1614 817 1663 praedicetur.

66 1678 187 1716 44³2
220 1676 277 1715 Ut
312 1676 482 1715 alterum
522 1676 575 1714 de
611 1677 738 1716 altero
773 1677 961 1715 universo
996 1689 1074 1715 non
1102 1675 1330 1728 praedicari
1356 1676 1580 1729 colligatur,

119 1744 162 1780 et
189 1739 366 1779 secundo
405 1739 525 1778 modo
558 1740 714 1792 primae
751 1739 905 1791 figurae
941 1743 984 1778 et
1022 1741 1180 1779 duobus
1211 1740 1352 1790 primis
1379 1740 1581 1779 secundae

120 1804 180 1843 uti
207 1815 443 1856 possumus3
481 1804 555 1843 sed
591 1803 681 1854 quia
717 1802 962 1842 convertitur
997 1803 1221 1855 propositio
1247 1804 1482 1843 universalis
1510 1816 1581 1843 ue-

118 1880 230 1922 ganS,
258 1868 387 1919 primo
414 1868 533 1907 modo
562 1866 765 1906 secundae
792 1867 898 1905 idem
927 1869 1116 1919 probatur
1149 1867 1256 1918 quod
1284 1868 1463 1908 secundo
1489 1868 1578 1920 pri-

118 1944 211 1971 mue
236 1931 390 1983 figurae
418 1935 460 1971 et
487 1931 628 1971 eadem
654 1931 828 1969 ratione:
858 1931 1106 1970 conditiones
1126 1930 1249 1983 igitur
1263 1936 1380 1972 erunt
1399 1931 1580 1982 eaedem,

120 2008 170 2036 ex
199 1995 343 2047 quibus
370 1995 522 2047 pendet
549 1999 732 2046 uterque,
758 1994 865 2034 unde
892 1995 1043 2034 factum
1064 2000 1141 2043 est,
1170 2000 1215 2034 ut
1236 1995 1400 2035 alterius
1422 1997 1472 2035 ab
1490 1997 1579 2036 Ari-

119 2060 267 2100 stotele
294 2059 372 2099 hoc
399 2060 487 2099 loco
516 2060 595 2107 (vs.
618 2062 664 2105 8)
692 2071 772 2097 non
798 2058 910 2098 facta
937 2060 988 2098 sit
1006 2059 1170 2108 mentio,
1199 2072 1437 2110 quamquam
1462 2061 1581 2101 etiam

118 2124 230 2163 hunc
256 2127 545 2162 commemorat
570 2123 670 2162 b13.
726 2122 843 2172 Quod
862 2123 1106 2163 conclusioni
1129 2123 1355 2162 subiectum
1376 2128 1439 2163 oet
1457 2125 1580 2176 signi-

121 2188 265 2227 ficatur
305 2187 438 2226 verbis
469 2177 503 2239 ᾧ
531 2185 586 2226 οὐ
614 2185 680 2227 δεῖ
703 2185 925 2240 ὑπάρχειν,
966 2188 1074 2240 quod
1109 2188 1365 2239 praedicatur
1399 2187 1442 2227 in
1478 2201 1581 2228 con-

122 2251 301 2291 clusione
335 2250 467 2290 verbis
506 2249 530 2291 ὃ
566 2249 634 2291 δεῖ
667 2248 724 2303 μὴ
751 2249 981 2305 ὑπάρχεινε
1021 2264 1123 2303 quae
1152 2252 1186 2290 si
1213 2256 1413 2300 tenemus,
1451 2250 1582 2292 facilia

122 2319 216 2355 sunt
240 2313 386 2355 omnia.
415 2337 468 2345 —
515 2315 575 2355 De
604 2316 773 2355 lectione
797 2323 994 2366 notamus,
1022 2315 1128 2366 quod
1156 2315 1338 2354 codicum
1366 2316 1581 2356 auctorita-

122 2384 203 2419 tem
231 2379 458 2418 Alexandro
485 2380 806 2432 postposuimus:
834 2394 925 2421 nam
945 2393 1046 2432 quae
1068 2379 1230 2418 codices
1256 2379 1456 2430 praebent
1475 2392 1533 2419 vs.
1555 2382 1581 2420 3

81 2474 91 2485 2
121 2443 397 2495 explicationis
424 2444 554 2495 gratia
581 2445 717 2484 addita
750 2445 950 2485 videntur.
1014 2443 1127 2482 Idem
1164 2443 1272 2493 quod
1300 2443 1418 2482 codd.
1446 2444 1582 2496 graeci

120 2507 242 2547 etiam
271 2511 351 2548 vet.
373 2507 472 2559 intp.
496 2508 583 2548 cod.
606 2508 783 2549 Gotban.
807 2509 985 2558 exbibet,
1015 2507 1082 2558 qui
1109 2519 1170 2546 vs.
1185 2508 1213 2545 4
1239 2504 1268 2559 ἢ
1289 2505 1505 2548 ἀνάπαλιν

122 2573 148 2610 5
173 2572 372 2623 παρεῖναι
399 2571 547 2612 omisit.

70 2635 192 2675 4409
216 2635 399 2687 Denique
426 2639 472 2675 ut
501 2635 711 2686 colligatur
738 2636 907 2677 alterum
934 2649 1013 2676 non
1038 2634 1264 2687 praedicari
1290 2635 1344 2676 de
1378 2640 1495 2687 parte
1519 2636 1579 2677 nl-

122 2698 265 2749 terius,
290 2699 397 2752 quod
423 2700 472 2740 fit
498 2713 574 2751 per
600 2700 820 2741 secundum
847 2700 1123 2753 syllogismum
1148 2698 1293 2741 tertiae
1319 2698 1485 2752 figurae,
1511 2700 1578 2741 in·

125 2763 314 2816 vestigari
347 2764 551 2807 debebunt
585 2767 629 2805 et
677 2776 725 2804 ea
762 2777 932 2817 quorum
977 2775 1227 2817 consequens
1263 2763 1319 2805 sit
1350 2764 1574 2809 subiectum
