1838 3086
655 199 959 246 Categoriae.
1490 197 1571 239 305

109 297 182 340 καὶ
208 297 395 353 κινήσεις
429 297 503 341 καὶ
530 297 711 351 μάλιστα
739 297 786 340 αἱ
808 296 997 352 λυπηραὶ
1024 296 1191 352 βλάβαι.
1244 295 1309 340 ἔτι
1331 296 1383 339 τὰ
1409 296 1570 352 μεγέθη

110 364 198 404 τῶν
226 363 467 417 συμφορῶν
493 362 566 405 καὶ
592 364 798 416 λυπηρῶν
823 363 944 416 πάθη
973 361 1146 416 λέγεται.

59 431 179 469 9832
210 429 382 468 Primum
412 431 590 468 ostendit
616 429 845 479 ποιότητας
872 441 963 467 esse
994 429 1182 468 dicendas
1212 440 1310 480 quas
1340 426 1572 476 nominavit,

113 493 259 532 deinde
287 499 363 540 (vs.
387 496 457 540 36)
485 492 726 546 παθητικὰς
753 491 982 545 ποιότητας
1009 492 1267 544 appellandas
1297 503 1389 531 esse
1415 491 1571 543 probat.

111 555 342 610 παθητικαὶ
379 562 511 596 autem
542 559 751 608 dicuntur,
782 559 857 604 ait,
896 570 973 596 nou
1002 559 1092 608 quia
1121 570 1167 596 ea
1197 557 1394 608 patiantur
1421 554 1568 607 aliquid

112 621 152 659 in
172 623 315 671 quibus
338 622 482 668 insint,
511 623 582 660 sed
612 623 702 673 quia
731 634 873 660 sensus
902 621 981 659 illis
1011 620 1147 659 affecti
1175 621 1321 672 aliquid
1352 620 1569 672 patiuntur.

56 685 156 723 9b5
184 684 243 738 τῷ
273 682 319 723 δὲ
344 706 387 712 -
411 687 687 735 ,exspectabas
716 683 822 725 ἀλλὰ
849 688 919 737 τῷ.
970 684 1123 722 Similia
1153 690 1247 723 suut
1281 685 1462 722 409b28
1491 680 1572 723 οὐκ

109 745 195 788 ἔστι
234 746 279 788 δὲ
314 747 429 798 μόνα
465 751 626 798 ταῦτα,
665 748 802 790 πολλὰ
841 747 886 789 δὲ
924 745 996 789 καὶ
1025 745 1285 798 ἓ’τερα...τὰ
1313 746 1360 788 ἐκ
1386 746 1570 787 τούτων.

109 814 280 851 1006b3
310 811 346 852 εἰ
384 810 442 865 μὴ
481 813 589 867 φαίη
627 813 675 855 τὸ
710 816 944 866 ἄνθρωπος
976 811 1026 852 ἓν
1065 811 1310 864 σημαίνειν,
1347 810 1484 853 πολλὰ
1511 809 1570 852 δέ.

111 877 279 924 ⁷49b·1‚
319 890 435 928 quem
481 879 611 917 locum
648 879 923 918 adscribemus
963 878 1014 916 ad
1055 878 1204 926 17b13
1242 878 1294 919 ib.
1326 879 1378 915 10
1414 874 1467 916 τὰ
1493 873 1573 929 μὲν

109 939 380 992 γαμψώνυχα
409 942 498 981 οὔτ’
526 941 724 995 ὀχευτικοί
752 940 865 983 ἐστιν
894 942 992 982 οὔτε
1018 941 1253 993 πολυγόνα,
1282 939 1334 981 τὰ
1362 939 1409 982 δὲ
1436 938 1574 993 βαρέα

110 1002 183 1044 καὶ
220 1004 308 1044 τῶν
344 1006 580 1057 πτητικῶν,
620 1005 737 1047 ὅσων
773 1006 825 1047 τὰ
867 1006 1040 1057 σώματα
1078 1004 1246 1059 ὀγκώδη
1285 1006 1428 1053 (intell.
1459 1003 1575 1046 ἔστιν

110 1066 340 1120 ὀχευτικοί).
389 1070 431 1108 Iu
472 1072 611 1110 ultimo
648 1072 832 1124 exemplo
868 1068 915 1111 δὲ
943 1074 1156 1110 excusatur
1183 1071 1451 1122 praecedente
1479 1066 1573 1122 μέν,

111 1146 348 1185 quamquam
388 1133 485 1173 dicit
527 1136 730 1175 13211128
771 1133 869 1186 περὶ
904 1135 992 1175 τῶν
1030 1133 1174 1174 αὐτῶν
1202 1132 1281 1186 μὲν
1319 1132 1402 1187 γὰρ
1440 1131 1575 1182 (ἐστὶν

110 1195 218 1249 αὕτη
245 1195 274 1250 ἤ
301 1195 454 1250 ἀρχή),
494 1197 632 1239 ἀλλὰ
669 1198 765 1251 περὶ
791 1197 872 1252 τὴν
898 1198 1043 1252 χώραν
1070 1197 1226 1239 ε’στί...
1256 1198 1427 1251 Saepius
1454 1199 1574 1238 etiam

109 1263 272 1314 ponitur
300 1260 406 1301 άλλὰ
434 1264 501 1302 ubi
530 1261 575 1303 δὲ
606 1265 731 1317 magis
760 1265 975 1304 convenire
1011 1264 1192 1303 videtur:
1232 1264 1405 1302 *152a31
1432 1260 1482 1302 τὸ
1509 1277 1573 1315 γι-

110 1324 298 1377 νόμενον
326 1327 539 1377 ὄστρακον
565 1326 614 1368 τὸ
643 1328 819 1378 πρῶτον
846 1327 1038 1379 μαλακὸς
1064 1326 1180 1381 ὑμήν
1207 1323 1346 1375 ἐστιν,
1375 1325 1482 1367 ἀλλὰ
1509 1340 1574 1367 τε-

109 1388 345 1438 λεωθέντος
384 1390 547 1443 γίνεται
584 1391 772 1446 σκληρὸν
808 1391 882 1434 καὶ
915 1395 1123 1445 κραῦρον.
1161 1394 1340 1432 ‘1551219
1376 1390 1490 1444 εἴπερ
1519 1386 1576 1444 ἦν

108 1455 224 1507 θῆλυ
246 1453 294 1495 τὸ
317 1453 440 1507 γένος
463 1460 564 1505 πᾶν,
586 1456 676 1497 ἀλλ’
699 1457 870 1498 ἄτεκνοί
896 1471 1008 1506 τινες
1037 1457 1193 1497 αὐτῶν.
1223 1458 1303 1494 992
1319 1470 1340 1494 a
1354 1458 1406 1495 21
1435 1455 1575 1509 τούτῳ

110 1517 190 1569 μὲν
209 1514 291 1559 οὖν
310 1524 369 1573 τῷ
397 1519 508 1571 γένει
535 1520 608 1561 καὶ
636 1521 854 1575 διεμάχετο
885 1522 1073 1562 Πλάτων
1101 1520 1158 1568 ὡς
1187 1521 1279 1560 ὄντι
1306 1524 1575 1574 γεωμετρικῷ

110 1581 315 1635 δόγματι,
353 1583 442 1624 ἀλλ’
483 1583 620 1626 ἐκάλει
647 1585 782 1640 ἀρχὴν
809 1589 1022 1640 γραμμῆς.
1060 1588 1235 1625 675320
1264 1582 1335 1624 διὰ
1362 1584 1410 1625 τὸ
1440 1583 1576 1626 ἐνδεε-

109 1645 266 1699 στέρως
289 1650 347 1694 (ἰη
378 1662 455 1700 quo
483 1652 639 1702 negatio
670 1652 767 1690 latet
795 1653 844 1690 ad
874 1666 991 1703 quam
1027 1651 1204 1690 refertur
1239 1647 1344 1689 ἀλλὰ
1374 1652 1480 1701 quod
1511 1664 1575 1690 se-

110 1713 264 1763 quitur)
294 1710 402 1764 ἔχειν
429 1712 482 1752 τὰ
510 1712 606 1764 περὶ
631 1712 710 1766 τὴν
737 1717 813 1767 τῆς
840 1717 1007 1767 τροφῆς
1036 1711 1263 1766 ἐργασίαν,
1292 1712 1383 1752 ἀλλ’
1412 1714 1578 1754 ἄπεπτα

112 1774 348 1828 διαχωρεῖν.
377 1780 551 1816 697323
582 1776 802 1818 α’δύνατον
829 1777 912 1830 γὰρ
942 1777 1030 1830 ἅμα
1057 1777 1106 1817 τὸ
1135 1775 1240 1817 αὐτὸ
1268 1776 1479 1817 ἀναπνεῖν
1506 1777 1579 1818 καὶ

111 1840 294 1892 βράγχια
322 1840 442 1893 ἔχειν,
472 1839 578 1880 α’λλὰ
604 1838 713 1892 πρὸς
740 1840 820 1894 τὴν
847 1842 1004 1894 ἄφεσιν
1031 1844 1112 1881 τοῦ
1140 1839 1300 1888 ὕδατος
1326 1837 1472 1893 ἔχουσι
1499 1841 1577 1883 τὸν

110 1904 257 1944 αὐλόν.
286 1908 429 1944 69531
454 1904 592 1957 ἰσχίον
614 1904 652 1946 δ’
681 1902 827 1958 ἔχουσι
855 1904 935 1958 μὲν
964 1906 1008 1947 οἱ
1034 1907 1210 1956 ὄρνιθες
1237 1905 1407 1954 πάντες,
1435 1899 1473 1958 ᾗ
1495 1905 1575 1947 οὐκ

111 1966 167 2008 ἂν
194 1967 365 2017 δόξαιεν
391 1967 513 2021 ἔχειν,
542 1968 648 2010 ἀλλὰ
675 1969 756 2011 δύο
783 1966 949 2024 μηροὺς
973 1970 1044 2011 διὰ
1071 1970 1121 2011 τὸ
1147 1973 1228 2011 τοῦ
1257 1969 1397 2022 ἰσχίου
1425 1973 1575 2025 μῆκος.

55 2032 117 2072 91)
135 2035 184 2071 15
214 2034 332 2072 Biese
351 2034 444 2087 1211·
466 2037 518 2073 76
534 2047 611 2074 non
636 2036 734 2074 satis
766 2036 875 2075 clare
904 2037 956 2075 de
984 2037 1062 2075 hoc
1090 2036 1180 2074 loco
1210 2035 1415 2077 disseruit.
1456 2037 1576 2076 Com-

108 2101 217 2136 mate
244 2099 489 2149 transposito
514 2099 647 2137 omnia
676 2100 889 2151 perspicua
917 2104 1023 2140 sunt.
1081 2100 1185 2138 Dicit
1213 2100 1319 2138 enim
1347 2100 1437 2140 hoc.
1496 2101 1576 2140 Co-

109 2159 216 2199 lores
239 2155 442 2200 mutantur
460 2162 592 2213 prouti
612 2175 694 2209 res,
725 2177 826 2214 quae
853 2164 903 2203 iis
932 2164 1137 2217 praeditae
1165 2170 1271 2212 sunt,
1301 2165 1418 2203 variis
1445 2164 1578 2203 modis

110 2224 364 2263 afficiuntur:
403 2238 526 2275 quare
554 2225 774 2264 verisimile
803 2231 888 2277 est,
925 2233 982 2277 ut,
1011 2228 1047 2267 si
1075 2229 1163 2279 quis
1192 2233 1380 2267 natura
1409 2228 1579 2267 affectus

112 2289 165 2327 sit
194 2293 306 2327 certo
335 2288 468 2335 modo,
496 2288 532 2326 is
561 2289 784 2328 secundum
812 2296 1030 2331 naturae
1060 2292 1170 2343 leges
1200 2293 1389 2343 quasdam
1421 2289 1487 2338 (ἔκ
1517 2304 1577 2332 τι·

109 2365 203 2392 νων
222 2352 422 2403 φυσικῶν
441 2351 788 2404 συμπτωμάτων)
813 2356 932 2394 etiam
955 2356 1102 2394 habeat
1130 2356 1300 2395 similem
1330 2356 1507 2396 colorem
1524 2377 1578 2384 ——

112 2416 283 2456 eundem
313 2417 470 2455 scilicet
499 2423 619 2468 atque
647 2419 705 2465 is,
743 2419 811 2470 qui
850 2419 976 2458 semel
1006 2420 1059 2458 ita
1087 2419 1288 2466 afficitur,
1327 2426 1372 2459 ut
1399 2421 1488 2472 ipsa
1516 2419 1577 2459 af·

111 2481 235 2519 sectio
264 2481 438 2519 colorem
470 2482 666 2532 quendam
695 2482 840 2533 gignat.
895 2483 1061 2535 Colligit
1088 2484 1210 2535 igitur
1238 2483 1479 2523 Aristoteles
1508 2496 1577 2534 co-

111 2543 218 2583 lores
248 2546 315 2595 qui
344 2552 529 2584 maneant
558 2546 757 2585 naturales
787 2559 927 2585 causas
953 2547 1103 2585 habere
1139 2554 1360 2597 manentes,
1389 2548 1482 2599 quia
1511 2547 1580 2599 qui

112 2620 190 2647 non
219 2613 403 2647 maneant
432 2610 632 2648 naturales
663 2622 801 2648 causas
827 2611 999 2649 habeant
1026 2623 1105 2649 non
1134 2617 1364 2651 manentes:
1394 2615 1579 2651 nam‘en-

114 2671 204 2710 dem
235 2685 382 2720 causa,
412 2674 486 2722 ait,
516 2686 619 2724 quae
647 2673 771 2712 semel
801 2675 964 2714 rubrum
994 2674 1169 2713 colorem
1199 2676 1476 2715 erubescentis
1506 2689 1580 2715 su-

112 2735 197 2774 bito
219 2737 366 2787 genuit,
387 2737 543 2787 eadem,
567 2738 602 2776 si
623 2751 768 2790 corpus
790 2738 848 2777 ita
867 2738 1131 2777 constitutum
1161 2743 1237 2786 est,
1267 2742 1311 2778 ut
1337 2739 1439 2779 haec
1459 2751 1582 2779 causa

112 2803 295 2850 maneat,
324 2801 444 2841 etiam
472 2802 639 2850 efficiet,
673 2807 718 2842 ut
745 2801 857 2843 color
885 2807 1064 2843 maneat:
1094 2814 1219 2855 quare
1246 2804 1324 2854 (vs.
1354 2805 1427 2853 19)
1457 2816 1580 2856 quae-

128 2862 159 2895 Ι.
1327 2865 1375 2901 20
