1838 3086
615 209 881 256 Analytica
913 208 1080 255 priora.
1534 205 1617 247 867

101 311 354 353 inscribenda
380 313 495 362 putat
522 308 620 359 περὶ
646 310 952 360 συλλογισμοῦ.
1007 309 1061 348 At
1087 306 1259 360 primum
1288 306 1450 357 quidem
1479 307 1617 348 obstat

100 383 279 417 veterum
308 377 435 428 intpp.
459 377 696 415 auctoritas:
724 388 814 414 nam
830 373 1071 423 Alexander,
1100 371 1364 423 Pliiloponus,
1392 371 1457 409 alii
1477 377 1619 423 aperte

103 442 241 480 dicunt
268 437 507 492 ἐπέγραψεν
529 435 806 485 Ἀναλυτικοί,
848 439 1020 478 Davides
1060 436 1205 484 (schol.
1235 436 1402 480 11824)
1432 431 1618 487 ἔγραψεν

96 501 352 546 Ἀναλυτικὰ
372 504 637 556 βουλόμενος
656 502 752 555 περὶ
772 502 1072 554 συλλογισμῶν
1092 499 1337 552 ἐπιγράψαι,
1359 497 1504 553 ἐπειδὴ
1522 498 1619 553 περὶ

104 572 397 622 συλλογισμοῦ
425 569 703 622 διαλαμβάνει
730 565 826 608 ἐκεῖ.
874 568 1029 606 Deinde
1057 568 1163 606 haud
1192 566 1400 618 probabile
1428 571 1493 606 est
1520 566 1619 606 titu-

104 636 185 674 lum
224 635 388 673 facilem
428 635 476 672 ad
514 634 818 685 intelligendum
847 636 889 670 et
918 634 1173 684 perspicuum
1203 628 1299 682 περὶ
1328 631 1621 683 συλλογισμοῦ

102 699 157 737 ita
184 704 375 736 mutatum
407 710 497 736 esse
533 698 574 735 in
610 698 769 736 titulum
805 697 1021 735 obscurum
1051 703 1092 734 et
1120 696 1329 735 difficilem
1353 689 1620 744 Ἀναλυτικοί,

103 768 147 801 ut
184 775 235 801 ne
267 763 475 812 vestigium
515 761 677 811 quidem
715 765 846 799 exstet
883 761 990 799 unde
1018 761 1152 811 colligi
1182 761 1300 799 liceat
1328 762 1499 800 alterum
1528 774 1621 800 esse

103 826 382 877 antiquiorem.
438 826 552 875 Quod
596 838 692 864 vero
727 825 816 876 ipse
853 824 1094 864 Aristoteles
1134 826 1280 863 7:3214
1318 830 1359 863 et
1395 828 1542 864 vla-‘33
1570 825 1622 866 ad

104 890 311 942 Analytica
341 891 472 941 priora
499 890 680 941 respicit,
710 903 810 941 qnae
839 889 1037 940 significat
1063 889 1198 927 verbis
1229 886 1276 928 ἐν
1293 890 1384 936 τοῖς
1405 886 1502 941 περὶ
1522 890 1621 930 συλ-

104 956 341 1007 λογισμοῦ,
381 955 421 992 id
451 967 527 993 non
554 958 704 993 tantam
734 954 1015 992 auctoritatem
1043 954 1191 1001 habet,
1221 959 1265 992 ut
1292 954 1435 994 titulus
1464 960 1623 994 mutau-

105 1020 180 1059 dus
208 1021 270 1058 sit.
326 1019 489 1057 Etenim
517 1031 594 1057 non
622 1020 738 1057 video
768 1031 840 1057 cur
868 1018 1073 1068 Analytica
1104 1019 1228 1069 magis
1257 1019 1514 1065 inscribenda
1542 1020 1625 1059 sint

103 1082 202 1134 περὶ
229 1084 521 1134 συλλογισμοῦ
559 1096 676 1133 quam
713 1081 919 1130 ἀνάλυσις
956 1079 1053 1133 περὶ
1078 1080 1131 1122 τὰ
1160 1082 1374 1135 σχήματα,
1413 1084 1520 1134 quod
1549 1084 1623 1123 ha-

106 1149 224 1188 betur
251 1150 424 1186 91b13:
454 1160 545 1185 nam
574 1149 693 1186 verba
723 1145 771 1187 ἐν
796 1150 887 1195 τοῖς
915 1145 1013 1197 περὶ
1039 1149 1336 1200 συλλογισμοῦ
1363 1161 1442 1187 non
1471 1149 1623 1201 signifi-

105 1216 198 1253 cant
223 1213 365 1251 librum
395 1212 463 1262 qui
491 1211 579 1258 „De
607 1212 863 1264 syllogism0’‘
892 1213 1110 1265 inscriptus
1138 1215 1204 1259 sit,
1233 1213 1306 1252 sed
1335 1213 1431 1251 nihil
1456 1214 1531 1252 sibi
1551 1226 1625 1252 vo-

104 1278 192 1317 lunt
219 1277 294 1315 nisi
323 1277 402 1315 hoc
432 1277 501 1323 „in
530 1277 577 1314 iis
606 1289 707 1327 quae
735 1277 786 1315 de
814 1277 1046 1328 syllogismo
1075 1277 1410 1329 disputavimus''.
1451 1277 1625 1317 Accedit

106 1342 212 1394 quod
240 1341 374 1379 Ritter
403 1340 574 1385 (Gesch.
593 1341 632 1381 d.
660 1341 760 1380 Phil.
779 1341 842 1382 ΙΙΙ.
866 1355 906 1393 p.
926 1343 975 1380 21
1004 1348 1086 1381 not.
1106 1344 1151 1389 1)
1181 1342 1365 1393 probavit
1387 1342 1559 1380 eundem
1579 1342 1623 1380 li·

105 1409 221 1447 brum
241 1417 319 1442 non
336 1405 478 1443 eodem
498 1418 659 1456 semper
672 1405 792 1444 titulo
807 1407 1069 1446 Aristotelem
1087 1406 1331 1459 significare.
1361 1405 1430 1445 Sic
1451 1407 1626 1445 5:39220

106 1471 206 1509 dicit
232 1467 280 1509 ἐν
305 1472 359 1520 τῇ
387 1467 552 1522 θεωρίᾳ
577 1473 631 1521 τῇ
658 1468 755 1519 περὶ
782 1471 948 1521 φυτῶν,
976 1472 1128 1510 467114
1156 1467 1203 1510 ἐν
1229 1473 1321 1518 τοῖς
1338 1468 1434 1522 περὶ
1456 1471 1624 1521 φυτῶν.

105 1536 283 1574 456829
311 1530 358 1573 ἐν
383 1536 474 1581 τοῖς
500 1534 886 1586 προβληματικοῐς,
915 1537 1028 1574 47οκ
1046 1539 1115 1584 18,
1144 1537 1298 1574 74⁴1b5
1326 1532 1374 1575 ἐν
1399 1538 1492 1583 τοῖς
1516 1548 1625 1588 προ-

106 1599 331 1653 βλήμασιν.
389 1600 565 1637 106789
595 1595 642 1638 ἐν
668 1602 722 1651 τῇ
751 1599 925 1655 μεθόδῳ
951 1603 1006 1652 τῇ
1033 1600 1122 1640 τῶν
1149 1600 1363 1650 φυσικῶν,
1406 1602 1625 1651 1062b31‚

104 1666 279 1706 261621
310 1660 358 1703 ἐν
392 1664 484 1710 τοῖς
518 1666 743 1713 φυσικοῖς,
784 1668 979 1715 983833,
1017 1668 1193 1705 985312
1231 1664 1284 1706 τὰ
1311 1663 1408 1716 περὶ
1434 1664 1624 1717 φύσεως,

105 1731 253 1769 25¹1bl
284 1724 331 1768 ἐν
357 1729 448 1774 τοῖς
475 1728 670 1768 καθόλου
698 1727 793 1780 περὶ
818 1729 1000 1781 φύσεως.
1032 1732 1110 1768 194
1123 1733 1205 1769 2136
1233 1727 1280 1770 ἐν
1306 1733 1397 1778 τοῖς
1424 1728 1523 1781 περὶ
1551 1744 1625 1782 φι-

107 1791 339 1844 λοσοφίας,
370 1793 519 1830 '100b9
548 1789 595 1832 ἐν
622 1795 711 1840 τοῖς
738 1792 834 1846 περὶ
859 1797 935 1847 τῆς
961 1793 1131 1846 πρώτης
1160 1794 1436 1846 φιλοσοφίας.
1491 1795 1627 1845 Quare

109 1871 156 1898 ex
183 1858 282 1908 ipsis
311 1857 540 1895 Aristotelis
569 1859 702 1897 verbis
730 1860 792 1898 vix
823 1861 1036 1911 quidquam
1067 1860 1257 1910 colligere
1285 1860 1422 1899 licebit
1450 1860 1502 1899 de
1530 1859 1645 1898 titu-m

108 1924 159 1962 lis
186 1922 394 1970 librorum,
427 1923 667 1972 praesertim
696 1935 817 1973 quum
847 1936 926 1962 non
956 1925 1078 1962 totius
1108 1924 1202 1962 libri
1231 1925 1387 1963 titulum
1417 1924 1626 1963 nominare

107 1987 247 2034 soleat,
277 1987 343 2024 ubi
371 1985 419 2024 ad
448 1986 525 2024 alia
553 1987 705 2038 ucripta
733 2000 805 2026 nos
835 1988 1008 2040 delegat,
1037 1988 1108 2027 sed
1139 1989 1202 2027 ve}
1227 1994 1390 2040 partes,
1420 2001 1519 2040 quus
1546 2000 1626 2027 non

107 2050 335 2102 inscripsit,
364 2050 542 2089 nominet
569 2051 631 2090 vel
660 2052 789 2103 ipsam
816 2064 926 2100 rem,
956 2052 1008 2091 de
1035 2065 1113 2103 qua
1140 2053 1180 2092 in
1207 2053 1285 2092 alio
1313 2053 1414 2092 libro
1443 2053 1626 2105 disputa-

106 2115 222 2154 verit.

215 2219 309 2258 Lib.
324 2218 359 2257 I.
393 2218 493 2272 Gap.
510 2222 548 2260 1.
580 2221 674 2271 Qua
698 2221 751 2260 de
771 2235 817 2261 re
840 2222 1081 2276 disputetur
1099 2224 1145 2262 in
1160 2222 1412 2275 Analyticis.
1443 2223 1494 2262 16
1513 2221 1626 2272 Quid

107 2285 163 2324 sit
188 2284 428 2337 propositio.
476 2285 587 2324 Eius
618 2286 793 2338 species.
849 2287 874 2325 b
893 2290 939 2325 16
970 2287 1081 2337 Quid
1106 2288 1162 2327 sit
1190 2288 1415 2335 terminus,
1446 2289 1496 2325 18
1525 2286 1627 2340 quid

109 2349 394 2402 syllogismus,
431 2350 484 2385 22
507 2350 724 2401 perfectus
753 2355 794 2389 et
822 2351 1104 2405 imperfectus.
1161 2354 1215 2391 26
1246 2351 1356 2401 Quid
1383 2351 1554 2391 dicatur
1579 2352 1627 2391 in

109 2418 211 2463 toto,
240 2416 293 2452 28
321 2412 374 2451 de
403 2414 527 2461 omni,
557 2416 610 2451 30
638 2413 691 2453 de
719 2415 846 2455 nullo.

108 2501 195 2538 24⁸
208 2501 259 2538 10
279 2499 454 2550 πρῶτον
473 2498 618 2539 εἰπεῖν.
661 2499 857 2541 Similiter
878 2501 1095 2541 infinitivus
1115 2503 1277 2554 ponitur
1297 2504 1437 2543 1308b
1450 2504 1501 2541 11
1515 2504 1627 2543 -19

162 2563 313 2605 κοινὸν
351 2562 398 2604 δὲ
435 2563 506 2604 καὶ
527 2596 535 2604 .
556 2594 564 2603 .
586 2595 596 2606 .
621 2562 668 2604 ἐν
694 2564 809 2619 πάσῃ
836 2564 1026 2619 πολιτεία
1053 2568 1160 2619 μηθ’
1190 2566 1393 2616 αὐξάνειν
1418 2565 1519 2607 λίαν
1545 2580 1624 2620 μη-

159 2626 271 2669 θένα
309 2628 428 2680 παρὰ
454 2626 536 2682 τὴν
562 2630 850 2682 συμμετρίαν,
892 2632 933 2669 ll.
963 2644 1000 2670 e.
1042 2629 1106 2671 ὅτι
1144 2630 1198 2671 οὐ
1225 2629 1305 2685 χρὴ
1334 2631 1553 2681 αὐξάνειν,
1583 2636 1624 2672 et

163 2707 266 2745 quae
294 2707 378 2746 seq.
407 2696 586 2734 129sz
620 2697 701 2734 τοῦ
740 2693 787 2735 δὲ·
823 2695 1058 2748 τιμήματος
1093 2695 1143 2736 τὸ
1170 2698 1341 2751 πλῆθος
1374 2695 1517 2745 ἅπλῶς
1543 2693 1623 2749 μὲν

164 2755 461 2809 ὁρισαμένους·
477 2758 558 2799 οὐκ
585 2758 699 2799 ἔστιν
726 2758 857 2800 εἰπεῖν
883 2763 1096 2800 τοσοῦτον
1121 2758 1352 2816 ὑπάρχειν,
1389 2761 1496 2802 ἀλλὰ
1525 2770 1620 2802 σκε-

163 2821 383 2874 ψαμένους
421 2823 470 2865 τὸ
507 2826 637 2866 ποῖον
674 2821 888 2877 ἐπιβάλλει
922 2824 1196 2878 μακρότατον
1226 2857 1236 2867 .
1267 2857 1276 2866 .
1310 2857 1322 2870 .
1349 2830 1483 2869 τοῦτο
1519 2825 1621 2868 τάτ-
