1760 3112
222 232 275 271 52
605 233 800 268 Scholia
823 233 867 266 in
889 232 1072 278 Analyt.
1106 235 1268 276 poster.

225 338 325 370 σεως,
349 326 448 365 ἔσται
461 326 552 373 μέσα
576 327 816 372 διαστήματα,
841 325 956 372 ἤγουν
978 326 1125 372 ἕμμεσοι
1139 327 1333 374 προτάσεις
1348 323 1504 372 ἄπειροι.
1550 326 1635 374 γρά-

225 395 335 427 φεται
358 383 397 419 δὲ
420 383 482 418 καὶ
508 381 650 428 „diuam
676 382 924 428 διαστήματα”
941 383 1004 418 καὶ
1022 387 1162 419 νοεῖται
1182 381 1312 425 οὕτως,
1338 382 1387 423 αἱς
1404 380 1472 418 ου’κ
1495 381 1635 428 άνάγκη

225 436 267 473 τὸ
293 437 383 473 αὐτὸ
415 439 699 484 κατηγορεῖσθαί
721 451 831 473 τινων
851 437 910 473 άεὶ
933 437 996 473 διὰ
1026 437 1159 482 μέσου,
1189 438 1268 474 ἐπεὶ
1302 437 1402 473 ἔσται
1433 436 1495 472 καὶ
1535 437 1638 483 εὑρί-

226 505 376 529 σκονται
399 491 528 538 ἅμεσοι
552 492 804 538 (εὑρίσκεσθαι
827 492 984 538 άμέσους
1007 494 1110 537 fort.)
1135 493 1338 539 προτάσεις.
1384 493 1492 526 haur.

131 549 209 582 841)
315 549 381 591 ἔξω
411 550 537 584 πίπτει
565 548 681 593 ἤγουν
712 551 989 595 μεταμείβουσιν
1012 549 1048 583 οὶ
1083 548 1120 583 ἐν
1152 548 1254 597 αὐτῷ
1288 547 1368 594 δ’ροι
1397 547 1467 592 τὴν
1500 547 1638 583 οἰκείαν

166 594 208 627 33
224 602 330 646 τάξιν
353 604 394 638 ἐν
415 606 465 650 τῷ
487 602 836 650 προσλαμβάνεσθαι
858 603 899 639 τὸ
926 606 967 638 Γ.
1014 605 1066 638 Id.

131 659 211 735 8533
312 662 414 694 ποιεῖ
447 657 544 703 ἡμᾶς
577 658 743 700 δοξάζειν
772 659 835 693 καὶ
867 660 1026 702 νομίζειν
1058 660 1168 694 τοῦτο
1192 657 1235 693 τὸ
1267 655 1433 693 καθόλου
1467 655 1561 692 εἶναί
1592 670 1637 691 τι.

222 714 274 747 Id.

131 769 176 802 85
190 780 208 800 a
313 768 397 813 περὶ
419 765 539 809 ὄντος,
561 764 677 812 ἤγουν
698 769 773 804 τῶν
795 769 966 814 μερικῶν,
992 765 1017 813 ἢ
1047 766 1096 814 μὴ
1123 766 1240 811 ὄντος,
1262 764 1380 813 ἤγουν
1401 764 1497 813 παρὰ
1523 765 1546 811 ἡ
1570 778 1639 801 κα-

164 813 207 846 36
223 822 342 858 θόλου
368 823 489 865 δεῖξις.
540 824 591 857 Id.

130 881 174 914 85
190 891 207 911 a
314 876 434 924 ὥσπερ
458 877 520 912 καὶ
544 878 579 912 οὶ
602 877 801 925 γεωμέτραι
832 879 916 924 περὶ
947 877 988 913 τὸ
1015 876 1196 922 ἀνάλογον
1218 878 1399 912 ποιοῦσιν.
1444 875 1639 922 ἀρχόμενοι

163 926 207 958 37
223 931 294 980 γάρ
317 930 390 968 άπὸ
416 934 490 968 τῶν
513 935 670 979 μερικῶν
695 932 753 969 ἐπὶ
777 934 819 968 τὸ
842 932 1010 969 καθόλου
1033 934 1271 967 καταντῶσιν.
1317 933 1368 966 ld.

129 991 206 1025 85b
314 987 356 1023 τὸ
380 989 525 1033 πρῶτον
549 988 761 1034 ἐπιχείρημα
789 988 830 1023 τὸ
864 985 938 1023 άπὸ
969 989 1038 1023 τοῦ
1059 985 1146 1023 καθ’
1170 984 1261 1023 αὐτὸ
1285 987 1421 1032 μᾶλλον
1445 985 1640 1032 ἐφαρμόζει

185 1035 207 1068 4
222 1043 269 1089 τῇ
293 1042 458 1078 καθόλου
482 1043 579 1088 παρὰ
604 1045 650 1088 τῇ
675 1042 769 1077 κατὰ
792 1042 912 1089 μέρος.
959 1043 1013 1077 ld.

128 1101 206 1136 85b
314 1098 349 1132 εἰ
376 1095 513 1137 παντὸς
542 1097 710 1132 καθόλου
742 1097 838 1133 ἐστὶν
869 1096 1018 1144 ὁρισμός
1118 1094 1138 1134 ὁ
1167 1097 1208 1132 δὲ
1241 1094 1391 1143 ὁρισμὸς
1420 1095 1533 1142 φύσιν
1555 1092 1639 1131 τινὰ

165 1147 207 1180 15
224 1154 332 1198 δηλοῖ
350 1153 413 1187 καὶ
437 1150 554 1196 εἶδος,
579 1151 709 1188 λοιπὸν
733 1150 806 1199 ἄρα
828 1151 869 1189 τὸ
893 1153 1061 1188 καθόλου
1085 1151 1153 1187 οὐκ
1176 1152 1250 1188 ἔστι
1271 1151 1320 1197 μὴ
1345 1150 1400 1187 ὄν.
1447 1153 1498 1185 ld.

129 1213 172 1247 87
188 1224 207 1245 a
312 1207 335 1252 ἦ
360 1207 400 1242 δὲ
423 1207 550 1252 στιγμή
576 1206 673 1243 ἐστιν
695 1207 803 1243 ου’σία
825 1207 917 1253 θετὴ
941 1206 1056 1253 ἤγουν
1080 1207 1117 1243 έν
1140 1206 1364 1255 ὑποκειμένῳ
1386 1205 1639 1252 θεωρουμένη·

163 1258 206 1291 36
223 1263 261 1298 ἐν
282 1261 351 1308 γάρ
374 1265 521 1309 γραμμῇ
543 1265 742 1309 θεωρεῖται
767 1289 792 1298 ..
808 1288 816 1297 .
840 1263 887 1298 τά
910 1263 976 1308 μὲν
1002 1265 1082 1308 εἴδη
1105 1262 1267 1308 λέγοντες
1290 1264 1345 1308 (οὶ
1369 1261 1639 1306 Πυθαγόρειοι)

220 1317 386 1363 μονάδας
409 1318 458 1358 αἶς
481 1317 617 1364 άμερῆ,
645 1318 714 1363 τήν
742 1318 781 1353 δὲ
812 1317 906 1363 ὕλην
935 1317 1058 1354 δυάδα
1081 1317 1130 1358 αἷς
1152 1318 1339 1364 διαιρετὴν
1361 1317 1424 1353 καὶ
1447 1314 1638 1362 μεριστήν·

220 1374 321 1408 πάσα
350 1372 418 1418 γάρ
453 1374 628 1419 διαίρεσις
658 1371 751 1408 κατά
788 1375 1003 1418 διχοτομίαν
1034 1374 1183 1418 γίνεται.
1230 1373 1293 1408 διὰ
1325 1372 1366 1408 δὲ
1396 1374 1463 1408 τοῦ
1486 1373 1571 1418 τρία
1593 1370 1640 1406 τά

221 1426 373 1473 σώματα
406 1427 560 1472 ἐδήλουν
595 1426 644 1468 αἶς
677 1429 783 1473 τριχῆ
814 1427 992 1464 διαστατᾶ
1025 1429 1088 1464 καὶ
1119 1428 1187 1473 τὴν
1216 1427 1341 1473 ψυχήν
1364 1428 1427 1463 διὰ
1454 1427 1494 1463 τὸ
1517 1439 1640 1473 τριμε-

221 1482 280 1530 ρὲς
303 1481 436 1527 αὐτῆς,
470 1481 533 1518 διὰ
555 1481 595 1518 δὲ
625 1484 689 1528 τῆς
711 1481 886 1529 τετράδος
909 1483 974 1519 τὸν
996 1483 1147 1530 χρόνον·
1179 1482 1353 1530 τέσσαρας
1374 1483 1443 1529 γὰρ
1466 1482 1538 1527 ἔχει
1559 1495 1640 1517 και-

222 1537 320 1584 ρούς.
367 1539 420 1572 Id.

127 1597 204 1630 871>
311 1591 550 1638 η’ρεμίζεσθαι
564 1593 627 1628 καὶ
648 1591 823 1639 ἦρεμίζειν
840 1593 882 1628 δέ
897 1593 972 1628 ἐστι
1003 1592 1046 1629 τὸ
1072 1593 1138 1638 (ου’
1153 1592 1272 1636 adise)
1289 1592 1425 1637 ταχέως
1446 1593 1640 1628 κινεῖσθαι.

163 1642 206 1674 12
222 1648 331 1683 Laur-
355 1659 470 1693 marg.
992 1659 998 1668 ¹

126 1707 171 1741 88
187 1718 207 1741 a
275 1727 277 1730 ⁴
312 1703 434 1746 δείξας
455 1701 524 1747 τὴν
547 1704 721 1747 αἴσθησιν
743 1702 871 1749 ἑτέραν
894 1704 958 1748 τῆς
981 1701 1180 1748 ἐπιστήμης
1201 1703 1269 1739 νῦν
1285 1703 1409 1747 φησίν·
1435 1698 1509 1738 ἄλλ’
1529 1703 1564 1738 εἰ
1575 1702 1640 1738 καὶ

187 1753 205 1786 1
223 1757 330 1804 ἑτέρα
351 1758 466 1800 ἐστίν,
491 1755 566 1792 ἄλλ’
589 1757 635 1793 ου’
655 1758 776 1802 πάντη
800 1757 990 1799 άσυντελές
1012 1758 1086 1794 ἔστι
1109 1758 1200 1804 πρὸς
1226 1758 1295 1803 τὴν
1319 1756 1541 1803 ἐπιστήμην,
1563 1754 1639 1793 ἀλλ’

224 1809 382 1858 ὄργανον
406 1811 542 1857 ταύτης
565 1813 673 1849 ἐστίν.
719 1814 828 1847 Laut.

127 1872 172 1905 88
189 1883 207 1905 a
224 1870 268 1902 20
314 1868 400 1910 ,,καὶ
425 1867 493 1914 γὰρ
517 1867 646 1912 ἓστιν”,
670 1869 780 1903 τοῦτο
804 1869 906 1909 λύσις
926 1868 1023 1907 ἐστὶν
1047 1867 1255 1909 ἕνστάσεως.
1300 1869 1354 1902 Id.

127 1927 170 1960 88
188 1940 207 1960 a
310 1919 335 1967 ἢ
359 1923 398 1957 ἐκ
420 1924 656 1969 παραλλήλου
680 1923 911 1968 ληφθήσεται
941 1927 1018 1963 τοῖς
1043 1921 1120 1958 ἅνω
1145 1924 1289 1970 ῥηθεῖσι
1311 1923 1374 1959 καὶ
1397 1921 1461 1958 διά
1483 1922 1550 1967 μὲν
1570 1924 1640 1958 τοῦ

163 1973 206 2005 35
222 1978 357 2022 ,,εἴσω”
377 1977 536 2022 ὀφείλεις
558 1982 658 2013 νοεῖν
681 1977 723 2013 τὸ
750 1980 897 2024 πρῶτον
920 1978 1037 2022 σχῆμα
1147 1978 1211 2013 διὰ
1235 1978 1275 2014 δὲ
1297 1979 1366 2014 τοῦ
1389 1978 1572 2022 ,,ἒ’ξωθεν”
1595 1978 1637 2014 τὸ

222 2032 394 2078 δεύτερον
426 2033 488 2067 καὶ
520 2035 655 2077 τρίτον.
701 2030 725 2077 ἢ
756 2030 874 2073 οὕτως
905 2031 1048 2077 νοήσεις
1078 2033 1211 2068 τοῦτο·
1251 2033 1315 2069 διὰ
1345 2033 1411 2078 μὲν
1434 2034 1502 2068 τοῦ
1529 2035 1638 2078 ,,εἰ’σω

222 2086 336 2132 ἕχειν”
368 2088 541 2132 δηλώσεις
570 2088 637 2123 τὸν
660 2087 836 2123 ἐλάττονα
859 2086 947 2132 ὅρον
971 2086 1020 2128 αῖς
1050 2086 1289 2133 Ιὑποκείμενον
1321 2090 1373 2135 τῷ
1404 2089 1542 2132 μείζονι
1576 2089 1640 2124 καὶ

221 2141 521 2188 ἕμπεριεχόμενον
543 2142 607 2178 ’ὑπ’
630 2140 759 2186 αὐτοῦ,
783 2142 847 2179 διὰ
871 2142 911 2178 δὲ
934 2144 1000 2178 τοῦ
1024 2142 1141 2185 ,,ἒ’ξω”
1164 2143 1253 2184 τούς
1273 2145 1442 2188 μείζονας
1462 2140 1572 2190 ὅρους
1590 2143 1640 2185 αἷς

221 2196 280 2233 άεὶ
301 2198 640 2244 κατηγορουμένους
663 2198 725 2233 καὶ
746 2197 795 2243 μὴ
820 2198 1098 2244 περιεχομένους
1120 2197 1196 2234 ’ὖπό
1217 2212 1328 2240 τινος.
1373 2200 1426 2233 Id.

126 2258 203 2292 88b
310 2254 419 2288 τοῦτο
444 2250 511 2298 οὐχ
535 2253 660 2300 ἕτερον
684 2253 918 2299 ἐπιχείρημα,
947 2250 1036 2288 άλλὰ
1069 2253 1306 2290 σκευαστικόν
1333 2256 1639 2299 (κατασκευαστι-

183 2303 203 2336 6
218 2307 284 2343 κᾶν
306 2308 397 2353 leg.)
421 2311 490 2343 τοῦ
511 2311 695 2354 προσεχεῖς
717 2309 894 2354 ῥηθέντος
915 2307 1203 2355 ἐπιχειρήματος.
1245 2311 1297 2344 Id.

127 2370 204 2403 881)
222 2365 245 2398 7
311 2364 422 2398 τοῦτο
446 2363 569 2410 ἕτερον
593 2365 815 2410 ἐπιχείρημα.
861 2366 914 2399 ld.
1457 2392 1463 2397 A

125 2425 203 2458 88b
314 2417 402 2454 ου’δὲ
424 2420 499 2454 τῶν
521 2417 836 2466 συμπερασμάτων
861 2418 1024 2467 άπείρων
1046 2417 1164 2456 ὄντων
1196 2418 1379 2462 ἐνδέχεται
1409 2415 1476 2459 τὰς
1497 2416 1639 2464 προτά-

184 2469 204 2501 9
222 2484 294 2513 σεις
317 2472 411 2508 εἶναι
433 2475 724 2521 πεπερασμένας,
757 2470 779 2509 ὃ
804 2476 1015 2520 συμβαίνει,
1041 2477 1076 2511 εἰ
1097 2472 1316 2521 συγχωρήσει
1351 2486 1408 2514 τις
1431 2472 1498 2514 τὰς
1521 2472 1638 2514 αὐτάς

223 2526 318 2563 εἶναι
340 2528 536 2575 προτάσεις
557 2531 685 2566 πασῶν
707 2531 782 2565 ταῖν
805 2529 1022 2574 ἐπιστημῶν.
1066 2531 1119 2565 Id.

128 2589 204 2622 88b
313 2585 347 2619 εἰ
368 2584 407 2619 δὲ
429 2584 522 2630 λέγει
545 2599 600 2626 τις
622 2585 688 2627 τὰς
718 2584 865 2632 πρώτας
896 2584 1053 2630 άμέσους
1074 2582 1270 2631 προτάσεις
1291 2581 1432 2624 ταύτας
1454 2580 1551 2618 εἶναι
1571 2581 1639 2629 άρ-

159 2634 204 2666 20
222 2637 290 2682 χὰς
312 2638 459 2680 ταύτας.
504 2642 556 2674 ld.

125 2700 169 2734 89
188 2711 206 2732 a
309 2695 418 2729 τοῦτο
441 2694 482 2730 δὲ
503 2694 547 2731 τὰ
570 2695 696 2741 μέσον,
719 2695 768 2732 δι’
792 2691 838 2732 οὗ
860 2695 880 2734 ὁ
904 2695 1069 2740 δοξάζων
1093 2695 1352 2739 συλλογίζεται,
1376 2692 1518 2738 α’νάγκη
1542 2690 1637 2729 εἶναι

162 2745 204 2778 16
221 2747 465 2794 ἐνδεχόμενον.
510 2752 562 2785 ld.
