1884 3100
706 204 1013 251 categoriae.
1537 197 1619 244 m

154 302 330 357 ἀριθμῷ
364 303 416 344 ἓν
449 304 510 357 τῷ
547 302 663 359 λόγῳ
692 300 740 344 δὲ
767 301 863 344 δύο.
892 305 1004 343 190³
1017 304 1069 342 16
1094 301 1144 343 τὸ
1170 300 1255 355 γὰρ
1282 299 1381 343 εἴδει
1407 298 1517 355 λέγω
1542 300 1617 344 καὶ

152 368 268 423 λόγῳ
305 367 475 410 ταύτόν.
523 370 603 408 461
615 371 704 410 1)ἳὸ
739 367 914 421 ἀριθμῷ
949 364 1029 420 μὲν
1056 361 1139 408 οὖν
1165 366 1406 421 ἀναγκαῖον
1429 365 1480 408 ἓν
1506 362 1618 408 εἶναι

151 431 226 475 καὶ
261 432 310 475 τὸ
349 432 454 475 αὐτὸ
490 436 620 474 τοῦτο
647 433 697 474 τὸ
723 433 902 485 μόριον,
930 436 989 485 τῷ
1017 431 1056 473 δ’
1086 427 1198 474 εἶναι
1224 431 1355 473 πλείω
1382 430 1456 473 καὶ
1480 429 1615 484 ἕτερα.

152 501 332 539 44·Η)24
371 498 569 552 φαίνεται
605 497 689 550 γὰρ
722 494 772 539 τὸ
799 496 880 549 μὲν
906 498 966 553 τῷ
994 496 1166 551 α’ρυθμῷ
1191 497 1241 539 ’ὲν
1267 497 1297 552 ἦ
1323 496 1438 551 ψυχὴ
1467 495 1616 539 οὐδενὶ

150 559 278 616 ἑτέρῳ
304 561 444 617 λέγειν
471 562 562 603 ἄλλ’
589 561 624 615 ἢ,
643 566 703 615 τῷ
730 561 841 615 ἅμα,
881 561 930 603 τὸ
960 560 1006 603 δὲ
1033 563 1093 618 τῷ
1121 562 1222 603 εἴδει
1246 562 1296 603 ’ἐν
1322 567 1376 616 τῇ
1403 562 1616 616 κρινούσῃ

151 625 350 680 αἰσθήσει
384 626 458 669 καὶ
493 627 552 683 τῷ
587 627 744 680 τρόπῳ.
809 627 987 680 opponit
1025 628 1146 667 etiam
1186 625 1236 669 τὸ
1265 627 1367 670 εἴδει
1389 626 1439 669 ἓν
1465 632 1525 681 τῷ
1552 625 1617 668 ἑνὶ

150 690 322 745 ἀριθμῷ
360 698 405 733 ut
433 691 622 744 δύναμιν
648 689 900 746 ἐντελεχείας
930 691 1081 730 411b1
1111 693 1203 731 οοΙΙ.
1223 695 1419 733 41:3h18.
1447 693 1617 746 Propria

150 762 193 797 et
219 757 428 810 principaii
448 757 737 809 significatione
757 758 916 810 accipit,
937 769 1060 807 quum
1083 756 1184 795 dicit
1210 759 1290 797 415
1305 757 1365 796 124
1392 755 1528 810 μηδὲν
1549 753 1617 797 ἐν·

149 818 350 874 δέχεσθᾰι
376 821 707 880 τῶνοφθαρτῶν
733 819 864 861 ταύτὸ
891 818 965 861 καὶ
989 820 1039 860 ἓν
1065 815 1239 873 ἀριθμῷ
1268 819 1497 874 διαμένειν.
1532 822 1616 861 Eo-

148 886 242 926 dem
265 899 386 926 sensu
408 887 507 926 dicit
527 884 774 937 ἀδιάφορον
794 891 833 926 et
861 883 1130 935 ἀδιαίρετονε
1162 886 1269 939 1016
1278 899 1302 924 a
1315 888 1366 925 18
1393 884 1617 938 ἀδιάφορα

149 944 192 991 δ’
231 941 295 990 ὧν
321 949 567 1001 ἀδιαίρετον
594 948 643 990 τὸ
672 945 789 998 εἶδος
813 947 923 990 κατὰ
950 947 1030 1002 τὴν
1067 948 1297 1001 αἴσθησιν,
1337 951 1392 989 cf.
1422 951 1537 990 4301)
1553 951 1615 990 14.

150 1014 251 1054 Cum
290 1015 339 1054 iis
377 1028 482 1066 quae
518 1015 618 1054 dicit
654 1016 810 1054 242b3
836 1011 951 1066 γένει
980 1013 1019 1055 δ’
1047 1013 1077 1068 ἤ
1105 1010 1214 1067 αὐτὴ
1240 1012 1407 1066 κίνησις
1432 1013 1462 1068 ἦ
1489 1010 1536 1055 ἐν
1561 1016 1616 1067 τῇ

149 1078 260 1131 αὐτῇ
286 1076 524 1132 κατηγορίᾳ
550 1080 626 1132 τῆς
654 1077 805 1127 οὐσίας
830 1078 858 1132 ἢ
886 1081 967 1120 τοῦ
994 1077 1173 1132 γένους,
1202 1077 1305 1119 εἴδει
1331 1076 1379 1119 δὲ
1405 1077 1435 1132 ἦ
1461 1076 1508 1119 ἐκ
1534 1080 1617 1119 τοῦ

148 1142 286 1184 αὐτοῦ
313 1147 372 1195 τῷ
402 1141 505 1183 εἴδει
533 1141 592 1191 εἷς
618 1143 749 1184 ταύτὸ
777 1148 837 1196 τῷ
865 1143 980 1191 εἴδει,
1010 1138 1105 1184 οἷον
1131 1142 1162 1196 ἦ
1187 1141 1234 1184 ἐκ
1261 1145 1343 1184 τοῦ
1370 1145 1532 1184 λευκοῦ
1556 1141 1617 1192 εἰς

147 1207 198 1249 τὸ
224 1205 380 1261 μέλαν,
413 1221 591 1260 pugnare
619 1210 805 1249 videntur
834 1222 937 1261 quae
966 1210 1151 1260 leguntur
1179 1210 1379 1247 1058218
1407 1206 1542 1248 ταύτὰ
1569 1206 1617 1249 δὲ

147 1276 207 1326 τῷ
243 1271 373 1321 εἴδει,
410 1270 492 1312 ὅσα
528 1270 586 1325 μὴ
627 1269 708 1326 ἔχει
744 1271 998 1314 ἐναντίωσιν
1035 1274 1175 1326 ἄτομα
1202 1273 1309 1313 ὄντα
1337 1276 1448 1319 (nam
1477 1274 1617 1326 ἄτομα

147 1338 217 1378 hic
240 1338 388 1378 nonita
409 1338 642 1389 accipienda
664 1351 769 1386 esse,
799 1344 842 1378 ut
857 1339 1086 1390 significent
1108 1336 1160 1378 τὰ
1174 1338 1314 1389 ἄτομα
1326 1336 1441 1386 εἴδει,
1470 1338 1617 1378 docent

150 1415 253 1454 quae
280 1402 380 1441 dicit
405 1403 520 1440 486a
538 1404 635 1448 lffl:
664 1403 931 1442 conciliantur
955 1408 1087 1442 autem
1112 1416 1184 1455 per
1211 1416 1260 1442 ea
1287 1416 1389 1454 quae
1417 1403 1616 1442 habemus

149 1467 332 1506 2211212
360 1465 396 1506 εἰ
424 1465 463 1506 δ’
492 1463 608 1506 ἐστὶν
643 1467 743 1506 ἄτθ’
771 1467 799 1507 ἃ
825 1464 899 1508 καὶ
924 1465 1028 1520 γένη
1057 1465 1146 1517 ἅμα
1173 1464 1246 1507 καὶ
1274 1466 1364 1520 εἴδη
1392 1463 1501 1513 ἐστί,
1538 1465 1616 1520 δῆ-

149 1531 229 1571 λον
266 1528 325 1578 ὥς
362 1528 465 1571 εἴδει
503 1528 581 1582 μία
618 1529 733 1571 ἔσται
770 1531 999 1584 (κίνησις),
1038 1529 1184 1579 ἁπλῶς
1220 1530 1267 1573 δὲ
1303 1532 1379 1585 μία
1407 1531 1510 1572 εἴδει
1537 1532 1615 1572 οὔτ

150 1608 274 1648 quare
296 1607 415 1634 sensu
439 1596 570 1635 latiori
593 1596 690 1635 dicit
707 1598 784 1635 133
800 1597 824 1635 b
837 1599 858 1635 l
889 1595 1050 1638 ταύτόν
1069 1588 1157 1637 ἐστι
1177 1597 1236 1652 τῷ
1258 1596 1362 1638 εἴδει
1380 1598 1617 1648 ἄνθρωπος

150 1657 225 1701 καὶ
236 1657 374 1707 ἵππος.
404 1659 464 1699 De
477 1660 527 1698 iis
544 1673 648 1712 quae
668 1666 762 1700 sunt
780 1657 903 1712 ἕτερα
917 1665 975 1714 τῷ
992 1659 1104 1714 γένει
1117 1677 1150 1702 v.
1164 1664 1269 1702 1024
1282 1663 1306 1701 b
1319 1665 1385 1708 10,
1399 1664 1615 1702 10541228.

99 1724 200 1764 1b9
225 1723 305 1777 μὲν
342 1729 434 1763 ante
463 1719 550 1763 ἐστὶ
577 1725 617 1763 in
645 1725 779 1764 multis
808 1728 926 1766 codd.
955 1728 1087 1777 iisque
1115 1727 1277 1778 optimis
1305 1730 1375 1765 ant
1401 1726 1520 1764 deest
1547 1730 1617 1764 aut

151 1789 303 1837 defuit,
342 1788 461 1828 etiam
502 1801 605 1839 quae
643 1795 863 1840 sequuntur
901 1791 940 1829 in
978 1791 1042 1829 ed.
1070 1790 1169 1829 Bkk.
1197 1791 1299 1830 καθ’
1328 1786 1616 1842 ὑποκειμένου

151 1851 199 1894 δὲ
239 1839 420 1906 οὐδενὸς
450 1849 615 1904 λέγεται
651 1853 692 1892 in
729 1854 930 1893 nonnullis
971 1854 1118 1892 omissa
1158 1861 1264 1894 sunt.
1329 1854 1471 1894 Aliena
1498 1866 1619 1892 manu

151 1918 254 1958 haec
290 1918 427 1957 addita
465 1930 558 1956 esse
596 1917 694 1956 satis
732 1923 916 1969 apertum
944 1918 1125 1957 videtur:
1155 1918 1262 1958 idem
1292 1919 1395 1958 enim
1423 1918 1501 1957 hoc
1529 1918 1618 1958 ioco

150 1982 393 2023 Aristoteles
413 1981 568 2020 diceret
586 1982 638 2020 de
658 1981 800 2020 eodem
825 1983 1027 2034 exemplo,
1049 1982 1156 2033 quod
1175 1983 1254 2022 inm
1277 1983 1463 2033 exposuit
1482 1983 1618 2030 1:226,

150 2047 229 2099 ipsi
263 2050 398 2085 autem
441 2045 534 2083 libri
561 2057 656 2083 mss,
693 2047 913 2085 ostendunt
952 2047 1123 2098 primum
1153 2046 1316 2098 quidem
1343 2046 1499 2085 intrusa
1526 2059 1619 2085 esse

150 2111 271 2151 verbu
294 2108 396 2149 καθ’
416 2106 565 2148 ὐποκ..
581 2105 803 2160 ..λέγεται,
833 2110 979 2149 deinde
998 2107 1076 2162 μὲν
1104 2122 1263 2161 quoque
1280 2115 1372 2149 ante
1395 2107 1482 2150 ἐστὶ
1502 2110 1618 2149 addi-

153 2179 237 2214 tum
252 2186 359 2219 esse,
389 2172 494 2223 quod
522 2172 600 2210 iuis
629 2173 761 2212 verbis
789 2174 954 2213 adiectis
981 2175 1045 2212 vix
1074 2174 1220 2212 deesse
1246 2186 1368 2224 posse
1392 2174 1617 2215 videbatur.

212 2278 312 2332 Gap.
339 2277 379 2316 3.
421 2275 475 2315 Si
500 2276 540 2314 B
561 2277 841 2341 praedicatur
870 2279 923 2318 de
955 2278 999 2328 G,
1029 2280 1072 2318 A
1099 2292 1198 2319 vero
1227 2278 1282 2318 de
1308 2279 1363 2327 B,
1385 2278 1617 2332 praedica-

103 2343 230 2384 tur-A
251 2343 304 2383 de
330 2342 384 2389 (13
411 2354 468 2380 vs.
490 2342 542 2378 16
569 2341 751 2381 Divei‘sa
767 2349 864 2383 sunt
892 2357 1001 2397 quae
1019 2344 1277 2384 diversorum
1303 2356 1506 2396 generum
1522 2356 1617 2396 spe-

104 2410 188 2450 cies
215 2407 492 2460 distinguunt.

104 2498 230 2537 1111ss
256 2493 414 2546 ἑτέρων
449 2493 589 2546 γενῶν
625 2495 664 2534 ἰη
692 2495 780 2535 aliis
810 2496 920 2537 libris
949 2502 1131 2547 exstare,
1173 2497 1214 2535 in
1243 2497 1330 2536 aliis
1357 2494 1618 2548 ἑτερογενῶν

157 2561 284 2601 refert
325 2561 570 2613 Phiioponus
610 2559 755 2605 (schol.
793 2562 987 2609 46a4l),
1027 2561 1258 2614 Simplicius
1287 2562 1402 2608 (ib-h
1422 2563 1489 2608 14)
1518 2562 1618 2601 inud

90 2659 98 2668 .
156 2626 463 2677 praeferendum
494 2637 586 2663 esse
614 2629 772 2672 monet,
821 2627 927 2676 quod
968 2627 1088 2665 etiam
1118 2625 1338 2665 Herminus
1365 2631 1406 2664 et
1432 2626 1617 2677 Porphy-

159 2690 241 2728 rius
260 2690 444 2728 videntur
462 2689 666 2735 habuisse,
685 2701 852 2739 quornm
872 2690 1058 2729 continuo
1086 2690 1187 2728 facit
1213 2690 1468 2730 mentionem.
1505 2689 1617 2729 Idem

161 2752 280 2791 habet
320 2753 586 2806 Magentenus
630 2755 687 2798 (v,
724 2764 844 2804 snpra
873 2753 1000 2792 schol.
1028 2767 1068 2806 p.
1100 2755 1152 2793 30
1180 2758 1302 2802 extr.)
1342 2759 1384 2794 et
1409 2760 1527 2795 vetus
1555 2754 1616 2793 in-

162 2819 318 2869 terpres
357 2817 505 2857 latinus
544 2817 631 2867 (ed.
658 2818 723 2856 25.
753 2816 845 2856 Oct.
872 2819 976 2856 1481
1014 2831 1089 2871 per
1122 2817 1352 2872 Philippum
1380 2818 1616 2866 venetum),
