1794 3086
610 201 866 250 analytica
889 201 1062 247 priora.
1502 200 1580 239 491

118 305 200 344 hoc
234 303 359 344 tribui
394 313 518 356 posse
544 302 776 350 videbatur,
814 301 999 341 codicum
1026 299 1308 340 auctoritatem
1337 299 1581 351 sequendam

121 368 335 408 duximus:
361 379 451 406 nam
480 367 822 419 propositionibus
850 365 1156 417 particularibus
1182 370 1320 404 nostro
1350 363 1439 403 ioco
1461 376 1582 404 sensu

120 433 284 485 proprio
313 431 451 480 utitur,
479 432 537 469 ita
564 431 741 478 scilicet,
769 434 812 468 ut
840 430 946 479 quod
975 429 1026 468 de
1054 434 1168 480 parte
1196 428 1448 481 praedicetur
1473 428 1580 467 idem

120 497 173 536 de
200 497 389 535 universo
418 495 643 547 praedicari
671 506 751 533 non
777 493 907 546 possit
933 498 977 532 et
1004 494 1108 545 quod
1138 492 1189 532 de
1214 498 1330 544 parte
1357 504 1434 531 non
1461 505 1581 544 prae-

121 559 283 599 dicetur
321 559 426 597 idem
468 571 546 597 non
581 558 712 610 possit
749 557 972 609 praedicari
1009 558 1062 596 de
1088 557 1222 596 nulio:
1260 555 1367 596 unde
1395 556 1500 609 quod
1529 557 1582 596 de

119 623 247 663 altera
275 627 390 674 parte
416 622 673 673 praedicetur
698 621 741 659 id
769 621 822 659 de
851 621 978 660 altera
1006 627 1122 672 parte
1142 634 1219 660 non
1240 621 1496 673 praedicetur
1514 634 1581 661 ne-

119 699 238 726 cesse
265 690 340 726 est.
394 686 514 726 Patet
543 686 664 737 igitur
699 683 749 725 τὸ
776 682 862 724 τινὶ
887 682 1094 736 ὑπάρχειν
1127 687 1225 733 (uon
1262 684 1338 723 nisi
1376 685 1428 724 de
1465 693 1582 738 parte

119 750 361 802 praedicari)
388 750 495 790 idem
525 762 617 789 esse
643 749 684 789 in
710 749 775 789 his
803 751 910 800 quod
937 748 986 789 τὸ
1013 746 1098 789 τινὶ
1125 746 1183 801 μὴ
1211 747 1442 801 ὖπάρχεινε
1471 750 1582 789 diffi-

119 814 247 854 cultas
275 814 379 853 enim
407 814 467 853 sic
494 814 661 863 toilitur,
689 819 734 852 ut
758 811 808 853 τὸ
836 811 922 853 τινὶ
947 826 1024 853 non
1052 813 1254 865 significet
1278 812 1358 853 τὸν
1384 827 1584 866 καταφα-

118 877 239 920 τικὸν
277 875 325 919 ἐν
362 875 479 930 μέρει
504 876 867 930 προσδιορισμόν,
909 879 983 918 sed
1019 878 1250 917 universum
1286 876 1364 918 τὸν
1392 876 1439 919 ἐν
1466 877 1584 931 μέρει,

117 942 458 996 προσδιορισμὸν
496 948 540 983 et
577 943 845 982 affirmantem
880 947 923 982 et
959 946 1171 993 negantem
1212 942 1339 986 (idem
1368 944 1582 983 habuimus

118 1009 303 1055 mbm).
343 1009 459 1058 Quod
489 1009 523 1047 si
552 1007 618 1046 cui
645 1006 870 1059 displiceat,
899 1011 940 1046 et
966 1007 1115 1046 56a15
1137 1008 1374 1046 servandum
1404 1009 1482 1047 erit
1503 1007 1583 1061 οὐχ

121 1070 303 1125 ’ὑπάρχει
332 1078 375 1111 et
402 1072 666 1111 adiiciendum
695 1072 774 1110 erit
795 1069 850 1111 οὐ
866 1072 1027 1113 55815.
1067 1068 1217 1109 Similis
1239 1072 1486 1124 negligentia
1507 1078 1584 1123 est,

120 1138 230 1188 quod
258 1134 317 1189 μὴ
346 1137 538 1175 omissum
566 1140 629 1175 est
656 1137 740 1175 251)
752 1138 791 1185 8,
821 1135 873 1174 de
894 1148 972 1187 quo
992 1148 1029 1174 v.
1051 1148 1154 1186 quae
1175 1134 1348 1175 diximus
1367 1135 1416 1175 ad
1436 1137 1583 1176 25⁸3?

120 1206 222 1242 extr.
278 1201 378 1240 item
406 1201 555 1238 64³3ss
582 1198 820 1251 κατάφασις
845 1212 924 1239 ηοη
952 1199 1152 1251 significat
1178 1200 1494 1251 propositionem
1520 1201 1583 1240 af-

118 1265 358 1311 firmantem,
387 1264 458 1303 sed
487 1264 815 1316 propositionem,
844 1265 884 1303 in
912 1276 988 1315 qua
1016 1263 1184 1302 aiterum
1215 1263 1266 1302 de
1282 1264 1409 1303 altero
1431 1265 1585 1317 simpli-

126 1329 231 1368 citer
257 1327 528 1381 praedicetur,
556 1329 642 1367 sive
669 1328 937 1367 affirmantem
967 1328 1050 1366 sive
1078 1331 1302 1378 negantem.

68 1394 219 1432 56824
246 1391 413 1444 ἀληθής
451 1397 545 1444 post
582 1390 790 1442 πρότασις
816 1392 1020 1431 omisimus
1049 1394 1092 1429 et
1117 1391 1303 1430 meliores
1330 1392 1493 1432 codices
1521 1405 1587 1432 se-

125 1458 208 1496 cuti
235 1463 278 1496 et
306 1455 609 1495 similitudinem
637 1469 777 1495 eorum
806 1468 907 1507 quae
934 1455 1128 1494 habemus
1157 1457 1209 1493 57
1218 1456 1318 1495 2123.

70 1522 216 1559 56:134
252 1520 382 1559 Buhle
418 1520 525 1558 hunc
564 1520 696 1559 locum
731 1520 935 1570 corrigere
972 1518 1097 1557 voluit
1133 1519 1264 1558 fretus
1305 1524 1346 1558 et
1374 1519 1587 1572 Philoponi

123 1584 364 1623 auctoritate
391 1588 434 1621 et
461 1583 550 1633 ipsa
576 1596 637 1629 re,
665 1596 743 1633 qua
771 1583 888 1621 aliam
916 1582 1129 1621 lectionem
1159 1588 1321 1633 praeter
1347 1596 1436 1622 eam
1465 1597 1583 1635 quam

123 1648 215 1699 ipse
242 1646 456 1699 proposuit
483 1659 562 1685 non
588 1645 745 1684 admitti
774 1646 990 1684 contendit.
1028 1646 1108 1684 Sed
1138 1658 1241 1696 quae
1269 1646 1368 1686 dicit
1393 1647 1587 1700 Philopo-

124 1724 199 1751 nus
227 1716 294 1749 aut
323 1715 512 1760 corrupta
548 1714 640 1748 sunt
680 1713 749 1747 aut
787 1708 846 1747 ita
879 1709 1096 1760 perplexa,
1137 1714 1183 1748 ut
1209 1710 1336 1749 altero
1364 1711 1587 1764 interprete

124 1773 348 1827 φιλοπόνῳ
386 1773 609 1825 indigeant:
649 1785 738 1812 nam
766 1772 994 1824 exemplum
1022 1772 1128 1823 quod
1156 1772 1277 1812 affert
1304 1775 1363 1813 rei
1390 1787 1507 1825 quam
1536 1777 1587 1816 il-

124 1840 297 1879 lustrare
323 1837 408 1877 vuit
434 1850 574 1889 parum
603 1836 800 1885 convenit,
827 1836 910 1874 imo
938 1835 1059 1887 piane
1084 1841 1291 1888 repugnat.
1337 1838 1587 1891 Quamquam

125 1907 260 1943 autem
288 1901 515 1953 exemplum
543 1912 622 1940 non
650 1900 833 1951 quadrat,
862 1900 1029 1938 eandem
1051 1899 1264 1939 lectionem
1283 1914 1377 1940 eum
1397 1902 1589 1944 habuisse

125 1979 242 2019 quam
270 1978 343 2004 nos
371 1969 486 2016 patet
512 1976 563 2003 ex
590 1964 641 2003 iis
669 1976 772 2015 quae
800 1962 899 2002 dicit
927 1963 1052 2002 schol.
1074 1964 1394 2004 188b33—35.
1433 1966 1586 2008 Mirum

129 2035 194 2070 est
220 2029 328 2080 quod
358 2029 447 2067 cod.
476 2040 504 2066 n
532 2028 643 2067 addit
671 2027 899 2078 exemplum
928 2027 1173 2066 simillimum
1203 2028 1240 2066 ei
1268 2028 1376 2079 quod
1391 2028 1586 2083 Philopo-

124 2106 200 2134 nus
226 2093 363 2139 habet,
392 2104 523 2143 neque
549 2096 683 2130 tamen
712 2090 928 2141 quidquam
956 2095 1086 2131 mutat
1111 2092 1152 2130 in
1181 2096 1392 2142 contextu,
1430 2095 1537 2134 unde
1563 2108 1587 2135 a

125 2155 343 2207 Philoponi
376 2156 643 2206 perversitate
679 2155 842 2194 fluxisse
877 2154 1064 2206 suspicor
1100 2156 1369 2206 quodcunque
1403 2157 1444 2195 in
1473 2158 1586 2198 libris

126 2224 323 2261 mutatum
351 2223 416 2257 est
441 2218 495 2258 de
521 2219 692 2257 lectione
717 2219 881 2270 vulgari,
918 2232 954 2258 e.
982 2231 1021 2270 g.
1046 2219 1089 2258 id
1117 2219 1223 2270 quod
1253 2219 1364 2258 dedit
1392 2220 1585 2261 Boethius

128 2283 356 2335 „siquidem
386 2282 582 2334 contingit
609 2281 643 2320 A
671 2286 714 2321 et
742 2282 773 2320 B
801 2287 844 2321 et
870 2282 919 2331 G,
955 2283 1049 2321 huic
1077 2283 1239 2333 quidem
1268 2284 1375 2322 omni
1403 2283 1463 2322 ilii
1490 2297 1586 2325 vero

126 2348 225 2390 nulii
250 2346 426 2386 inesse''.
480 2345 596 2394 Quod
626 2358 720 2385 vero
747 2347 846 2386 dicit
870 2346 1002 2386 Buhle
1028 2359 1112 2385 rem
1141 2347 1269 2398 ipsam
1298 2347 1414 2387 aliam
1441 2348 1585 2388 lectio-

126 2426 219 2453 nem
246 2423 326 2450 non
353 2410 580 2458 admittere,
607 2410 729 2448 verba
755 2415 862 2450 sunt.

183 2540 285 2592 Gap.
304 2538 345 2578 4.
389 2537 441 2576 In
467 2537 597 2576 tertia
613 2539 775 2591 figura,
802 2542 828 2577 9
847 2539 885 2578 si
911 2544 1090 2592 utraque
1112 2538 1343 2591 propositio
1359 2551 1459 2578 vero
1487 2552 1584 2578 con-

75 2605 212 2645 traria
238 2605 436 2649 sumitur,
480 2604 533 2639 20
569 2603 636 2640 vel
662 2606 841 2656 utraque
870 2616 923 2641 ea·
946 2608 1073 2655 parte
1091 2603 1235 2654 falsa,
1272 2605 1323 2641 33
1351 2602 1419 2641 vel
1447 2603 1586 2642 altera

75 2681 174 2709 vero
202 2667 430 2714 contraria,
461 2666 600 2704 altera
630 2679 746 2716 vera,
775 2670 896 2705 5'1a9
916 2666 983 2705 vel
1002 2667 1140 2706 altera
1162 2679 1278 2714 vera,
1307 2666 1448 2705 altera
1462 2667 1586 2718 falsa

78 2745 132 2773 ex
153 2737 306 2786 parte,
336 2733 396 2784 fit
436 2730 644 2770 conclusio
681 2743 783 2770 vera
806 2732 955 2784 primis
982 2731 1141 2770 duobus
1167 2730 1312 2771 modis.
1365 2731 1418 2768 29
1449 2730 1586 2770 Iidem

76 2795 248 2837 termini
275 2795 404 2835 etiam
431 2795 604 2848 reliquis
624 2793 757 2834 modis
777 2796 1044 2835 conveniunt.
1094 2798 1148 2835 36
1168 2794 1319 2835 Paucis
1348 2794 1584 2848 complecti-
