1794 3086
607 199 858 246 Analytica
889 199 1060 245 priora.
1528 196 1611 236 43)

147 300 207 341 tio
234 300 288 340 de
315 312 392 352 qua
418 311 471 340 ne
498 299 664 340 verbum
692 300 853 352 quidem
881 300 931 339 ab
954 296 1175 338 Aristotele
1200 296 1355 336 dictum
1375 308 1466 335 esse
1486 308 1610 349 supra

145 365 389 408 notavimus,
427 364 519 404 Hoc
549 364 676 404 solum
705 364 829 415 igitur
855 363 1042 403 relictum
1070 366 1149 410 est,
1179 354 1225 402 ut
1249 361 1463 400 discrimen
1485 360 1610 412 quod-

148 428 240 468 dam
270 431 492 468 statuamus
530 428 637 468 inter
667 426 878 479 πρότασιν
904 422 974 466 ἐπί
998 439 1040 467 τι
1067 425 1210 480 ἀληθῆ
1238 429 1280 466 et
1305 423 1517 477 πρότασιν
1541 422 1612 464 ἐπί

147 506 190 534 τι
216 491 372 547 ψευδῆ.
416 493 534 544 Quod
563 493 597 532 si
623 491 887 541 admittimus,
915 491 1023 530 haud
1051 504 1213 543 parvam
1231 490 1438 530 Aristoteli
1466 502 1609 542 expro-

145 559 263 599 brare
291 557 528 598 debebimus
556 556 850 607 negligentiam.
906 555 1008 594 Nam
1037 555 1073 594 si
1101 560 1166 595 est
1192 555 1420 603 discrimen,
1444 555 1484 594 in
1511 567 1609 594 enu-

143 622 346 661 merandis
373 621 565 660 falsarum
593 619 911 671 propositionum
932 620 1275 671 coniugationibus
1294 624 1375 658 tam
1396 619 1501 658 male
1517 632 1609 658 ver-

145 690 257 725 satus
285 689 363 732 est,
391 688 435 723 ut
460 687 542 722 tres
571 683 691 735 plane
717 685 1056 736 praetermiserit:
1085 696 1177 722 nam
1206 697 1328 735 quum
1365 696 1454 722 eam
1481 683 1609 723 solam

145 747 531 794 commemoraverit,
560 761 640 799 qua
667 748 888 799 propositio
915 760 1010 787 vero
1030 748 1226 787 contraria
1247 748 1500 798 coniungitur
1515 761 1609 787 cum

144 826 195 852 ea
231 826 335 864 quae
371 816 436 852 est
471 807 541 851 ἐπί
574 825 616 852 τι
652 811 838 864 ἀληθής,
877 812 1039 851 omnino
1077 811 1256 864 neglexit
1290 812 1610 852 coniunctionem

145 876 432 929 propositionis
459 874 530 916 ἐπί
555 889 597 917 τι
623 875 819 928 ἀληθοῦς
846 880 887 916 et
914 889 1006 916 cum
1033 876 1309 928 propositione
1335 889 1430 915 vera
1457 881 1609 915 etcum

147 941 425 993 propositione
461 954 511 981 ex
549 946 664 994 parte
690 941 794 981 falsa
817 943 865 997 „et
892 953 983 980 cum
1012 940 1290 992 propositione
1318 953 1420 991 qnae
1447 945 1513 980 est
1541 937 1611 980 ἐπί

143 1018 184 1046 τι
211 1003 391 1058 ἀληθής.
447 1006 685 1057 Quicunque
724 1010 858 1045 autem
895 1010 1046 1044 tantam
1074 1004 1353 1056 negligentiam
1380 1004 1420 1043 in
1449 1005 1610 1044 Aristo-

146 1070 270 1109 telem
298 1069 484 1109 conferre
504 1082 584 1109 non
614 1069 758 1110 audeat
788 1069 949 1109 aliunde
976 1069 1131 1109 intrusa
1158 1081 1249 1113 esse
1276 1068 1356 1106 ista
1381 1068 1503 1108 verba
1531 1082 1609 1108 non

146 1134 372 1173 concedere
398 1146 477 1173 non
504 1135 668 1185 poterit.
694 1156 750 1164 ·-
777 1133 988 1184 Reliquum
1018 1137 1093 1182 est,
1123 1137 1168 1172 ut
1194 1132 1456 1172 Aristotelem
1484 1146 1611 1172 excu-

151 1211 314 1249 semus,
343 1197 703 1251 quod.neg¹exerit
730 1197 1044 1249 coniugationem
1073 1197 1362 1252 propositionis
1391 1210 1488 1237 vero
1515 1210 1610 1237 con-

144 1263 292 1302 trariae
319 1266 362 1301 et
390 1255 672 1314 propositionis
701 1275 752 1301 ex
778 1266 895 1313 parte
922 1257 1062 1301 falsa'e.
1117 1261 1235 1310 Quod
1263 1274 1500 1313 quamquam
1529 1275 1609 1301 non

144 1331 272 1367 recte.
296 1326 345 1364 ab
385 1339 435 1365 eo
463 1327 617 1365 factum
646 1339 738 1366 esse
764 1338 883 1366 nemo
912 1325 992 1365 erit
1019 1325 1087 1376 qui
1115 1329 1257 1376 neget,
1300 1330 1434 1365 tamen
1463 1327 1516 1365 de
1542 1326 1611 1365 illa

147 1391 426 1443 coniugatione
453 1403 636 1441 seorsum
665 1403 786 1442 agere
813 1403 894 1429 non
913 1402 1014 1441 opus
1031 1394 1118 1428 erat
1134 1393 1365 1440 propterea,
1393 1390 1500 1441 quod
1517 1403 1611 1441 pro-

145 1455 295 1507 positio
329 1466 425 1493 vero
463 1455 664 1494 contraria
691 1455 872 1494 continet
910 1458 953 1493 et
987 1453 1270 1504 complectitur
1296 1455 1611 1506 propositionem

149 1531 199 1558 ex
226 1522 341 1570 parte
368 1518 538 1568 falsam,
574 1524 619 1558 ut
650 1518 876 1571 propositio
914 1517 1148 1556 universalis
1186 1518 1467 1568 particularem
1497 1522 1540 1558 et
1567 1523 1614 1558 ut

146 1583 370 1634 propositio
386 1582 571 1633 >simplex
599 1582 856 1632 possibilem:
886 1594 1013 1632 quare
1040 1581 1077 1619 iu
1099 1581 1164 1619 his
1184 1581 1327 1620 similis
1355 1604 1406 1611 —
1436 1595 1538 1634 quae
1557 1583 1611 1623 sit

146 1644 366 1685 similitudo
414 1658 532 1696 quam
574 1645 743 1684 dicimus
778 1645 990 1697 apparebit
1025 1657 1075 1683 ex
1109 1644 1157 1683 iis
1193 1657 1298 1696 quae
1339 1645 1521 1685 dicemus
1560 1647 1610 1686 ad

148 1710 273 1749 56⁸5
308 1729 363 1736 -—-
397 1708 463 1748 lex
499 1709 698 1748 obtinebit
733 1699 853 1758 atque
893 1721 939 1747 ea
968 1721 1087 1759 quam
1114 1708 1353 1748 tradidimus
1381 1710 1431 1748 ad
1460 1711 1613 1750 26b14

147 1787 188 1826 p.
211 1773 292 1811 384
310 1772 396 1812 init.
424 1776 465 1811 et
492 1773 543 1811 ad
571 1774 735 1821 38a37,
763 1772 867 1811 hanc
895 1771 1000 1811 dico.
1023 1771 1106 1810 *Ex
1135 1772 1482 1824 coniugationibus
1510 1788 1612 1826 quae

147 1836 317 1876 alteram
355 1836 669 1888 propositionem
705 1835 855 1874 habent
896 1835 1039 1875 falsam
1076 1849 1126 1875 ex
1161 1841 1278 1887 parte
1317 1837 1366 1875 fit
1404 1838 1612 1880 conclusio

147 1913 267 1951 vera,
309 1901 343 1939 si
382 1912 432 1939 ex
467 1899 610 1939 iisdem
648 1899 988 1951 coniugationibus
1027 1912 1164 1940 verum
1194 1901 1454 1953 colligeretur
1480 1908 1614 1943 sumta

146 1963 423 2018 propositione
460 1976 558 2002 vero
596 1963 794 2002 contraria
829 1976 904 2015 pro
940 1964 1215 2016 propositione
1256 1964 1356 2005 falsa
1393 1978 1444 2005 ex
1472 1972 1610 2019 parte:

146 2029 256 2069 unde
294 2031 407 2079 patet
443 2027 613 2066 eandem
651 2027 791 2078 utique
818 2040 909 2067 esse
937 2029 1131 2067 rationem
1160 2029 1480 2081 coniugationum
1509 2045 1611 2083 quae

146 2105 198 2133 ex
225 2097 396 2142 utraque
422 2091 698 2145 propositione
725 2103 822 2130 vero
850 2093 1047 2131 contraria
1076 2097 1261 2132 constent
1284 2098 1325 2132 et
1352 2107 1488 2135 earum
1508 2109 1611 2148 quae

146 2157 312 2196 alteram
340 2155 513 2194 habeant
531 2168 626 2194 vero
645 2155 899 2206 contrariam,
929 2156 1096 2196 alteram
1123 2169 1172 2195 ex
1194 2161 1310 2208 parte
1330 2157 1472 2198 falsam
1494 2161 1610 2212 (qua-

146 2233 238 2260 rum
265 2218 503 2259 Aristoteles
530 2228 610 2258 non
635 2219 735 2258 fecit
759 2219 1039 2269 mentionem).
1087 2221 1258 2260 Accedit
1284 2223 1390 2273 quod
1419 2223 1460 2262 in
1480 2225 1610 2264 omni-

146 2286 223 2325 bus
250 2283 389 2336 figuris
416 2282 873 2330 veramconclusionem
902 2285 1115 2337 provenire
1142 2298 1263 2337 posse
1291 2299 1340 2325 ex
1368 2274 1493 2326 altera
1511 2302 1610 2340 pro-

149 2348 351 2401 positione
378 2359 472 2386 vero
501 2348 723 2396 contraria,
763 2348 891 2387 altera
919 2349 1022 2387 falsa
1051 2361 1100 2387 ex
1130 2354 1243 2400 parte
1270 2350 1390 2389 etiam
1419 2351 1510 2390 inde
1538 2366 1611 2405 pa-

149 2416 231 2462 tet,
271 2411 380 2463 quod
417 2411 457 2449 in
497 2411 681 2450 omnibus
722 2424 814 2450 vera
843 2426 935 2452 esse
962 2417 1098 2464 potest
1127 2413 1331 2452 conclusio
1359 2419 1402 2453 et
1429 2428 1478 2454 ex
1499 2421 1610 2457 utra-

150 2488 227 2528 que
254 2475 530 2528 propositione
556 2487 652 2514 vero
680 2477 879 2532 contraria
907 2481 949 2516 et
976 2490 1025 2516 ex
1053 2482 1223 2528 utraque
1251 2477 1353 2517 falsa
1383 2492 1434 2518 ex
1454 2479 1580 2531 parte.

96 2541 248 2581 55b20
275 2538 334 2579 rb·
354 2538 465 2594 ζῷον
503 2544 597 2589 post
623 2539 775 2592 ληφθῇ
810 2545 850 2579 et
877 2543 928 2580 2¹1
956 2539 1006 2580 τὸ
1034 2542 1075 2579 Α
1102 2547 1194 2592 post
1221 2542 1374 2594 ληφθῇ
1403 2544 1610 2585 omisimus

150 2618 241 2645 cum
270 2603 573 2655 codd.Bsmun.
616 2603 730 2642 Talia
757 2601 877 2653 enim,
904 2618 1024 2655 quum
1052 2605 1211 2645 facilius
1234 2607 1480 2647 adiiciuntur·
1491 2622 1609 2660 quam

152 2669 402 2720 negligantur
420 2667 459 2706 in
483 2667 711 2716 scribendo,
740 2668 868 2708 aliena
887 2681 1007 2708 manu
1026 2670 1303 2722 explicationis
1322 2672 1449 2722 gratia
1475 2673 1610 2713 addita

151 2744 244 2779 esse
270 2732 355 2771 veri
382 2731 511 2771 simile
538 2736 612 2772 est.
757 2771 762 2774 ,

98 2796 250 2855 55b23
275 2793 383 2848 πρὸς
410 2793 686 2849 ὁποτερῳοῦν
709 2794 909 2844 τεθέντος
929 2825 940 2836 .
972 2825 982 2837 .
1009 2825 1046 2845 .,
1082 2798 1168 2839 sive
1205 2797 1336 2851 primo
1370 2798 1493 2842 modo
1525 2799 1609 2840 sive
