1884 3100
671 213 744 247 KA
761 211 1054 246 ΤΗΓΟΡΙΑῙ.
1537 211 1589 250 91

141 309 323 373 ψυχρὸν
351 309 436 374 γὰρ
468 310 516 357 ἐκ
551 314 730 372 θερμοῦ
766 309 999 374 γενόμενον
1041 308 1272 372 μετέβαλεν
1315 308 1592 373 (η’λλοίωται

141 379 260 442 γάρ)
284 380 359 426 καὶ
377 380 512 441 μέλαν
530 378 577 424 ἐκ
596 381 765 426 λευκοῦ
781 379 855 425 καὶ
878 380 1130 426 σπουδαῖον
1157 377 1205 424 ἐκ
1232 376 1431 439 φαύλου.
1497 375 1590 424 ὦσ-

143 446 289 504 αύτως
323 447 372 493 δὲ
407 447 482 494 καὶ
522 446 591 493 ἐπὶ
631 450 719 493 τῶν
757 443 903 492 ἄλλων
942 446 1127 494 ἕκαστον
1164 442 1312 492 αὐτῶν
1341 443 1590 508 μεταβολὴν

143 514 376 576 δεχόμενον
397 518 484 561 τῶν
505 514 709 561 ἐναντίων
734 511 932 560 δεκτικόν
959 513 1087 560 ἐστιν.
1154 512 1181 560 6
1208 514 1256 560 δὲ
1285 511 1418 576 λόγος
1447 514 1523 560 καὶ
1555 510 1586 575 ἡ

142 580 250 638 δόξα
281 579 397 628 αὐτὰ
425 582 504 642 μὲν
544 579 730 644 οἷκίνητα
763 580 906 641 πάντῃ
942 580 1117 638 πάντως
1153 579 1370 642 διαμένει,
1423 584 1510 627 τοῦ
1539 581 1588 627 δὲ
1605 597 1641 625 35

139 648 391 711 πράγματος
408 648 680 709 κινουμένου
695 644 748 694 τὸ
767 648 964 696 ἐναντίον
983 649 1083 709 περὶ
1105 646 1222 695 αὐτοὶ
1241 649 1402 711 γίνεται
1413 665 1424 675 ·
1462 646 1489 695 6
1509 648 1590 709 μὲν

139 714 223 778 γὰρ
241 715 377 778 λόγος
395 714 625 777 διαμένει“
602 735 629 763 ο
649 713 786 774 αὐτὸς
810 714 864 764 τὸ
889 716 1129 779 καθῆσθαί
1144 734 1256 774 τινα,
1297 721 1385 763 τοῦ
1405 716 1454 763 δὲ
1469 714 1588 778 πρά-

138 801 302 846 γματος
329 784 592 847 κινηθέντος
620 782 691 830 ὅτε
718 785 798 844 μὲν
830 781 1024 865 αληθὴς
1038 781 1111 830 ὁτὲ
1133 784 1182 830 δὲ
1207 781 1386 847 ψευδὴς
1403 783 1584 846 λέγεται.
1602 797 1629 831 b

139 849 353 908 ωσαύτως
380 853 428 898 δὲ
456 853 532 898 καὶ
567 852 636 898 ἐπὶ
665 855 749 915 τῆς
780 850 929 914 δόξης.
984 847 1097 898 ωστε
1122 855 1186 917 τῷ
1204 850 1358 917 τρόπῳ
1387 869 1435 913 γε
1473 852 1589 898 ἴδιον

142 937 198 965 αν
218 920 286 982 εἴη
308 923 388 982 τῆς
405 917 568 976 οὐσίας
597 916 651 966 τὸ
679 917 791 966 κατὰ
818 917 900 983 τὴν
926 918 1087 982 ἑαυτῆς
1115 898 1360 981 μέταβολὴν
1386 916 1590 981 δεκτικὴν

139 990 226 1033 τῶν
259 987 464 1034 ἐναντίων
484 983 607 1033 εἶναι.
689 987 727 1032 εἰ
749 985 806 1050 δή
824 1005 891 1044 τις
913 987 989 1033 καὶ
1007 990 1150 1033 ταῦτα
1167 987 1476 1048 παραδέχοιτο,
1510 984 1590 1033 τὸν

138 1052 272 1115 λόγον
303 1054 378 1100 καὶ
411 1052 494 1117 τὴν
523 1051 657 1110 δόξαν
675 1052 850 1100 δεκτικὰ
867 1058 955 1101 τῶν
975 1054 1182 1101 ἐναντίων
1205 1059 1329 1112 εἰναι,
1364 1051 1453 1100 οὐκ
1476 1053 1591 1101 ἔστιν
1605 1073 1624 1101 5

140 1119 309 1184 ἀληθὲς
328 1125 479 1168 τοῦτο.
548 1118 575 1166 ὃ
593 1118 678 1182 γὰρ
696 1120 833 1183 λόγος
853 1122 928 1167 καὶ
955 1119 986 1183 ἡ
1010 1118 1120 1176 δόξα
1154 1119 1216 1167 οὐ
1241 1125 1305 1186 τῷ
1327 1119 1443 1168 αὐτὰ
1469 1121 1591 1182 δέχε-

139 1189 254 1234 σθαί
271 1207 313 1235 τι
333 1191 421 1236 τῶν
450 1188 655 1235 ἐναντίων
684 1184 794 1234 εἶναι
823 1186 999 1234 δεκτικὰ
1034 1187 1225 1250 λέγεται,
1256 1169 1370 1234 ἀλλὰ
1400 1191 1465 1253 τῷ
1492 1189 1592 1250 περὶ

138 1254 285 1317 ἕτερόν
304 1274 346 1302 τι
368 1253 420 1303 τὸ
455 1254 610 1313 πάθος
636 1259 913 1319 γεγενῆσθαι.
981 1258 1044 1319 τῷ
1069 1252 1154 1316 γὰρ
1182 1253 1234 1301 τὸ
1265 1259 1450 1316 πρᾶγμα
1481 1252 1593 1302 εἶναι

139 1320 171 1387 ἢ
196 1321 257 1386 μὴ
282 1320 419 1382 εἶναι,
453 1321 597 1406 τούτῳ
618 1323 692 1369 καὶ
715 1321 741 1369 6
760 1322 893 1385 λόγος
910 1319 1091 1403 αληθης
1115 1318 1149 1385 ἢ
1177 1320 1356 1386 ’ψευδής
1374 1327 1486 1369 εἰναι
1516 1322 1591 1369 λέ-

138 1408 280 1453 γεται,
314 1409 375 1438 ου
393 1394 455 1457 τῷ
474 1388 588 1438 αυτοὶ
612 1388 783 1437 δεκτικὰ
805 1395 915 1437 εἰναι
939 1407 1028 1437 των
1046 1389 1264 1437 ἐναντίων.
1334 1388 1486 1448 αιτλως
1504 1388 1592 1452 γὰρ
1608 1409 1644 1438 ιο

140 1456 285 1504 οὐθὲν
304 1456 383 1505 vs?
403 1438 590 1516 οὐδενὸς
609 1455 712 1505 οὔτε
737 1456 763 1505 6
786 1456 919 1519 λόγος
941 1462 1123 1504 κινεῖται
1141 1455 1246 1505 οὔτε
1242 1455 1294 1541 ,ἡ
1314 1455 1447 1515 δόξα,
1481 1455 1592 1505 ωστε
1634 1494 1640 1496 -

139 1543 226 1572 ουκ
247 1543 302 1572 αν
329 1527 396 1589 εἴη
417 1524 593 1573 δεκτικὰ
616 1529 707 1572 τῶν
718 1526 925 1573 ἐναντίων
935 1523 1124 1588 μηδενὸς
1134 1525 1179 1572 ἐν
1193 1523 1346 1583 αὐτοῖς
1355 1525 1594 1587 γινομένου

138 1591 333 1650 πάθους.
401 1591 431 1657 ἡ
451 1594 501 1640 δέ
517 1611 564 1655 γε
583 1591 719 1640 ουσία
740 1597 803 1658 τῷ
825 1591 939 1656 αὐτὴ
957 1591 1011 1639 τὰ
1033 1593 1206 1640 ἐναντία
1225 1593 1448 1654 δέχεσθαι,
1480 1593 1593 1641 τού-

138 1676 201 1726 τῳ
221 1658 398 1724 δεκτικὴ
414 1665 504 1708 τῶν
517 1661 721 1708 ἐναντίων
740 1658 850 1708 εἶναι
858 1661 1045 1723 λέγεται·
1080 1658 1218 1708 νόσον
1233 1659 1320 1723 γὰρ
1332 1662 1408 1708 καὶ
1417 1658 1594 1722 ’ὑγίειαν

139 1728 329 1788 δέχεται,
371 1730 446 1774 καὶ
487 1727 732 1791 λευκότητα
769 1729 846 1775 καὶ
885 1729 1114 1788 μελανίαν·
1172 1729 1246 1774 καὶ
1286 1729 1472 1775 ἕκαστον
1505 1732 1594 1776 τῶν
1609 1746 1644 1775 15

138 1794 355 1842 τοιούτων
374 1793 491 1858 αὐτὴ
510 1795 724 1858 δεχομένη
747 1801 834 1842 τῶν
854 1795 1062 1842 ἐναντίων
1083 1791 1195 1842 εἶναι
1212 1794 1390 1858 δεκτικὴ
1411 1791 1591 1857 λέγεται.

140 1859 249 1909 ὥστε
270 1863 384 1909 ἴδιον
404 1859 459 1909 ἄν
478 1861 640 1920 οὐσίας
660 1864 730 1926 εἴη
746 1861 799 1910 τὸ
816 1860 985 1910 ταύτόν
1006 1863 1084 1909 καὶ
1100 1862 1151 1910 ἓν
1173 1860 1353 1929 ἀριθμῷ
1375 1860 1428 1910 ὂν
1449 1865 1592 1910 δεκτι-

230 2062 273 2095 31
295 2060 489 2106 γινόμενον
510 2061 617 2095 Cdeh.
640 2079 684 2087 -
707 2060 927 2107 μετέβαλλεν
941 2062 1005 2095 Βιι.
1018 2079 1064 2086 —-
1089 2062 1134 2095 32
1152 2073 1195 2106 pr
1212 2060 1277 2096 καὶ
1292 2072 1349 2094 om
1363 2073 1392 2096 e.
1403 2080 1447 2087 -
1472 2058 1595 2097 33:115-

139 2103 183 2142 τὸ
205 2107 318 2151 Cghn.
344 2125 387 2131 —
412 2107 456 2142 34
475 2108 543 2141 τοῦ
563 2105 733 2142 ἐναντίου
752 2119 786 2142 π
809 2127 851 2133 -
878 2105 954 2143 ἐστὶ
972 2103 1143 2142 δεκτικὸν
1165 2107 1254 2152 Cgh.
1276 2127 1321 2133 —
1355 2107 1400 2141 36
1419 2103 1466 2141 τὰ
1488 2106 1595 2142 ἐναν-

139 2153 202 2188 τία
221 2154 331 2197 Cehg.
356 2172 400 2178 -
425 2150 507 2186 376
531 2165 588 2185 om
608 2165 635 2186 e.
660 2171 707 2178 —
729 2151 790 2197 τὸ]
813 2153 882 2188 τοῦ
900 2165 930 2186 e.
953 2169 960 2174 ·

231 2196 302 2231 4b2
325 2205 409 2252 post
434 2209 475 2240 γε
495 2198 599 2231 litura
623 2199 723 2231 unius
749 2199 847 2231 verbi
877 2200 914 2233 C.
941 2218 983 2224 —
1026 2195 1066 2232 δὲ
1090 2204 1124 2230 et
1150 2208 1190 2240 γε
1210 2209 1266 2230 om
1286 2208 1315 2230 e.
1339 2216 1383 2222 —
1429 2197 1450 2230 3
1471 2192 1594 2240 αὐτῆς

145 2243 226 2276 Ceh.
251 2261 295 2266 —
319 2244 339 2275 4
360 2241 400 2276 δέ
423 2244 520 2296 efgu,
535 2255 616 2276 con
633 2244 695 2276 Cn.
713 2263 758 2269 —
782 2244 847 2277 καί
863 2251 944 2276 ante
958 2255 1014 2283 τις
1030 2255 1065 2284 α,
1087 2254 1144 2275 om
1166 2254 1217 2275 en.
1236 2262 1281 2267 —
1305 2254 1427 2276 ταυτα
1440 2253 1535 2275 ome.
1545 2261 1592 2268 —

140 2285 341 2343 παρέχοιτο
361 2299 389 2320 e.
404 2306 449 2313 —
472 2285 539 2322 τὸν
558 2300 660 2322 omn.
675 2307 717 2315 —
741 2302 785 2332 τη
773 2287 810 2322 “ν
831 2287 947 2331 δόξαν
964 2288 1027 2323 καὶ
1046 2287 1114 2322 τὸν
1130 2285 1240 2331 λόγον
1257 2299 1314 2320 απ.
1328 2307 1372 2312 -—
1390 2285 1590 2341 ὀδεκτικὰ]

141 2331 300 2377 φάσκειν
318 2329 466 2368 δεκτικὰ
487 2345 520 2368 ιι.
544 2353 588 2358 -
613 2332 724 2378 ἐστιν]
745 2333 820 2369 ἐστι
843 2333 883 2369 δὲ
906 2346 963 2378 πα,
988 2346 1031 2378 pr
1047 2335 1084 2374 C,
1115 2334 1190 2367 fort
1215 2345 1257 2376 pr
1283 2333 1323 2365 Β.
1346 2351 1392 2358 -
1434 2334 1455 2366 6
1485 2332 1593 2367 δεδέ-

140 2380 235 2423 χθαι
254 2391 288 2413 n.
314 2397 357 2404 -
394 2378 416 2411 8
439 2376 482 2412 τὸ
512 2386 596 2423 post
618 2392 655 2413 τι
684 2391 740 2412 om
759 2381 844 2436 Aes,
874 2393 916 2425 pr
944 2392 978 2414 a.
1002 2398 1050 2404 —
1077 2379 1250 2422 γίνεσθαι
1283 2377 1344 2412 Ch.
1373 2396 1418 2402 ——
1443 2378 1462 2411 9
1480 2378 1593 2412 τοῦτο

141 2435 171 2458 e.
181 2443 229 2450 —
250 2420 277 2470 ἢ
295 2422 444 2468 ψευδὴς
461 2436 517 2457 om
533 2436 567 2456 n.
591 2442 637 2450 -—
663 2426 704 2458 10
721 2423 834 2465 αυτὸς
849 2393 1015 2464 δεκτικὸς
1035 2436 1098 2469 gn,
1117 2425 1189 2457 fort
1209 2435 1248 2476 pr
1271 2423 1313 2462 B,
1342 2420 1458 2457 αυτὺν
1476 2424 1593 2458 δεκτι-

140 2467 250 2513 u6vs.
266 2489 312 2495 —
333 2470 402 2504 τοῦ
421 2469 592 2505 ἐναντίου
613 2482 647 2503 π.
663 2489 702 2495 -
732 2472 771 2506 11
791 2467 925 2528 ουθὲν]
949 2469 1058 2506 ουδὲν
1079 2482 1106 2504 e.
1118 2489 1164 2495 —
1191 2447 1313 2503 ov’ffiv’
1331 2475 1415 2523 post
1437 2466 1594 2509 ου’δενός

135 2517 172 2559 f,
197 2523 278 2570 post
297 2513 404 2571 λόγος
423 2528 458 2558 n,
471 2519 535 2549 'om
552 2527 585 2549 a.
609 2534 654 2542 —
694 2514 757 2550 ὑπ’
774 2515 937 2558 ονθενὸς
959 2517 1060 2561 011..
1070 2516 1123 2571 .)
1123 2512 1241 2548 οὐθὲν
1264 2510 1404 2548 ov'ffled.
1428 2534 1473 2539 ——
1505 2511 1594 2549 οὖδὲ

142 2562 210 2602 An,
228 2558 408 2596 ουδὲποτε
429 2559 515 2596 οὔτε
535 2573 569 2595 α.
594 2579 641 2588 —
671 2557 693 2595 ὅ
713 2573 769 2595 om
792 2564 830 2597 A.
853 2582 901 2588 —
936 2563 978 2596 12
1005 2558 1074 2596 ουίι
1100 2556 1161 2604 αν]
1188 2571 1260 2593 nav
1286 2570 1316 2592 e.
1345 2578 1390 2585 —
1421 2558 1594 2615 γιγνομέ-

142 2618 212 2641 νου
228 2619 262 2640 n.
280 2626 324 2632 —
353 2608 394 2642 13
412 2606 564 2647 πάθους
587 2619 628 2651 pr
646 2619 703 2639 om
719 2619 753 2641 n.
768 2627 814 2633 —-
836 2620 875 2651 γε
894 2619 951 2641 om
974 2619 1002 2650 e,
1021 2618 1111 2651 prn.
1132 2622 1179 2630 -
1203 2601 1324 2647 αὐτὴν
1339 2616 1394 2638 ne.
1418 2623 1462 2631 —
1488 2606 1591 2661 δεχε-

142 2653 253 2694 cem]
279 2650 375 2696 ἔχειν
400 2651 439 2687 έν
464 2665 493 2686 e.
519 2671 562 2678 -
605 2652 645 2686 14
668 2650 765 2688 εἶναι
789 2666 845 2687 om
863 2665 917 2686 ue.
945 2672 987 2677 —
1028 2652 1069 2685 15
1087 2648 1293 2706 ἐπιδέχεται
1313 2649 1348 2684 h.
1372 2669 1417 2678 -
1460 2651 1501 2685 16
1521 2664 1593 2686 αυ-

143 2709 187 2740 τη
206 2709 242 2731 η.
267 2716 308 2722 -
333 2699 375 2732 17
393 2694 522 2738 οὐσίας
540 2694 588 2732 ὂὶν
608 2709 636 2734 e.
661 2716 709 2725 —
730 2697 900 2744 δεκτικήν
912 2699 998 2742 fga.
1021 2714 1066 2722 —
1084 2694 1283 2731 δεκτικὸν.
1316 2695 1400 2730 -18
1412 2693 1593 2731 ἐναντίων

145 2750 227 2786 post
249 2742 458 2790 μεταβολὴν
469 2746 603 2790 fganu.
