1838 3086
624 183 877 229 Analytica
899 182 1073 228 priora.
1525 181 1606 223 417

143 281 212 322 Sin
241 284 375 330 autem
402 280 615 321 lectionem
648 279 800 334 μηδενὶ
820 295 910 321 cum
939 280 1153 322 Alexandri
1179 279 1443 334 explicatione
1462 280 1602 322 admit-

140 346 275 394 timus,
303 346 425 384 sumit
442 345 682 386 Aristoteles
710 346 852 385 falsam
880 346 1174 386 conclusionem
1204 344 1273 392 (τὸ
1301 346 1343 385 A
1368 348 1428 397 τῷ
1458 345 1502 384 Γ
1523 359 1603 398 μη-

142 408 233 450 δενὶ
260 408 512 462 ὑπάρχειν),
553 410 699 449 omittit
734 409 839 461 quod
878 411 982 448 sumi
1020 410 1194 451 debebat
1229 409 1322 455 eius⁴
1345 410 1603 458 contrarium,

141 475 276 514 adiicit
312 474 623 527 propositionem
663 474 855 513 minorem
895 487 996 525 quae
1031 475 1108 513 iam
1145 485 1335 513 concessa
1363 477 1439 514 est.
1495 473 1605 523 Quid

140 539 286 577 mirum
325 538 468 588 igitur,
506 537 540 576 si
577 537 672 575 nihil
709 537 871 576 absurdi
900 538 995 584 exit,
1025 551 1147 589 quum
1176 542 1357 577 sumatur
1381 538 1493 589 'quod
1519 536 1604 576 fal-

140 614 208 640 sae
235 601 479 640 conclusioni
512 601 753 639 contrarium
782 601 876 639 est‘z
931 600 1071 640 Nonne
1105 602 1184 640 hoc
1211 602 1417 654 indignum
1445 600 1603 640 Aristo-

139 665 230 705 telis
262 665 470 703 acumine?
525 665 578 702 At
613 663 788 702 fortasse
815 664 917 702 falsa
946 670 1010 703 est
1037 664 1250 716 explicatio
1279 679 1397 716 quam
1426 665 1604 704 Alexan-

138 729 212 768 der
234 728 445 781 proposuit
474 733 514 766 et
542 740 635 766 vera
662 741 775 767 mens
803 727 1034 767 Aristotelis
1063 728 1163 766 haec
1191 734 1267 776 est,
1298 735 1339 767 ut
1365 730 1473 768 dicat
1500 728 1602 776 „de-

139 792 274 831 ductio
303 792 351 830 ad
381 791 601 830 absurdum
637 792 678 830 in
706 791 782 829 hoc
811 791 1042 842 syllogismo
1070 791 1204 830 locum
1234 804 1311 831 non
1338 793 1484 832 habet:
1513 806 1604 832 nam

139 857 174 896 si
213 856 301 908 quis
331 856 438 894 dicat
467 868 599 894 veram
630 854 921 894 conclusionem
960 867 1038 894 non
1067 868 1158 894 esse
1185 854 1237 895 τὸ
1262 857 1305 894 Α
1330 859 1390 908 τῷ
1419 857 1463 896 Γ
1486 854 1604 896 ἐνδέ-

139 921 291 974 χεσθαι
325 917 477 971 μηδενὶ
511 917 742 971 ὑπάρχειν,
777 920 850 958 sed
883 915 932 958 τὸ
968 920 1010 958 Λ
1042 922 1101 970 τῷ
1140 920 1184 959 Γ
1207 919 1359 972 μηδενὶ
1383 919 1603 973 ὑπάρχειν,

137 985 237 1024 nibil
265 984 426 1024 absurdi
454 984 587 1036 colligi
615 984 762 1035 poterit
790 996 839 1022 ex
868 984 944 1022 hac
972 983 1268 1024 conclusione&
1313 985 1396 1024 Sed
1424 998 1475 1025 ne
1503 986 1606 1024 baec

138 1049 299 1100 quidem
328 1048 608 1099 interpretatio
641 1047 798 1086 admitti
827 1051 985 1099 potest:
1015 1053 1156 1099 aperte
1185 1049 1289 1088 enim
1317 1049 1465 1088 falsum
1495 1053 1606 1088 esset

137 1112 244 1163 quod
274 1112 512 1150 Aristoteles
551 1111 717 1150 diceret.
781 1111 882 1150 Nam
921 1124 971 1150 ex
1005 1112 1348 1162 propositionibus
1377 1111 1427 1153 τὸ
1455 1114 1497 1152 A
1524 1126 1604 1165 μη-

137 1173 228 1217 δενὶ
254 1173 462 1227 ὑπάρχειν
490 1178 550 1226 τῷ
581 1176 623 1215 Γ
647 1180 688 1214 et
715 1174 763 1215 τὸ
792 1177 834 1214 A
859 1175 918 1230 τῷ
948 1175 985 1214 Β
1013 1171 1259 1228 ἐνδέχεσθαι
1285 1175 1438 1228 μηδενὶ
1463 1175 1603 1227 ὑπάρ-

135 1253 226 1294 χειν
252 1241 454 1289 colligitur
475 1243 529 1286 (v.
555 1253 640 1291 cap.
665 1241 729 1278 15.
758 1239 848 1290 syll.
866 1239 956 1289 Vl),
986 1253 1177 1279 conversa
1204 1242 1479 1293 propositione
1506 1243 1601 1290 ΛΓ,

136 1305 186 1345 τὸ
226 1306 269 1345 Γ
290 1302 536 1355 ἐνδέχεσθαι
563 1300 716 1356 μηδενὶ
742 1307 801 1354 τῷ
831 1303 868 1342 Β
896 1301 1115 1355 ὑπάρχειν,
1143 1306 1250 1354 qnod
1279 1305 1480 1357 repugnat
1507 1319 1603 1359 pro-

135 1370 324 1422 positioni
369 1368 515 1407 minori
554 1373 632 1414 (vs.
668 1370 738 1413 19)
779 1381 895 1419 quam
939 1369 1223 1415 concessimus.
1291 1358 1368 1408 His
1405 1371 1603 1422 expositis

137 1434 216 1472 iam
247 1434 396 1472 clarum
426 1437 512 1482 est,
549 1445 629 1482 quo
667 1433 754 1471 iure
790 1433 1079 1471 servaverimus
1113 1432 1326 1471 lectionem
1357 1446 1473 1484 quam
1503 1434 1603 1474 Bkk.

137 1497 254 1537 dedit
293 1501 371 1535 vet.
412 1495 642 1547 interpretis
673 1496 739 1534 lat.
779 1500 821 1533 et
850 1495 1007 1533 Boethii
1036 1495 1316 1534 auctoritatem
1346 1497 1495 1546 secuti,
1526 1510 1605 1549 qua

137 1560 260 1600 lectio
286 1557 371 1599 τινὶ
399 1573 471 1612 pro
498 1557 648 1611 μηδενὶ
671 1559 975 1598 commendatur
996 1561 1049 1606 (v.
1072 1558 1207 1598 Buhle
1222 1559 1441 1599 animadvv.
1461 1561 1604 1611 critt.).

137 1625 347 1665 Sententia
369 1627 502 1663 autem
532 1625 632 1662 haec
661 1626 725 1661 est
747 1635 804 1661 vs.
826 1623 1023 1661 20-24:
1052 1622 1298 1670 „Conclusio
1327 1625 1404 1663 erit
1430 1626 1510 1664 τοῦ
1536 1622 1603 1664 ἐν·

139 1685 336 1740 δέχεσθαι
364 1684 423 1739 μὴ
450 1685 679 1739 ὑπάρχειν,
714 1699 790 1725 non
819 1687 898 1725 τοῦ
925 1684 984 1738 μὴ
1012 1685 1236 1738 ὑπάρχεινε
1267 1700 1356 1726 nam
1385 1688 1425 1727 in
1454 1701 1601 1740 propo-⁷

135 1752 279 1791 sitione
316 1752 464 1790 maiore
505 1752 718 1789 sumsimus
746 1748 793 1789 τὸ
821 1747 1065 1801 ἐνδέχεσθαι
1091 1749 1266 1802 μηδενί,“
1285 1756 1327 1789 et
1354 1751 1599 1792 deductione

135 1815 294 1867 quidem
333 1816 380 1854 ad
412 1815 629 1854 absurdum
657 1815 759 1853 haec
788 1815 990 1853 conclusio
1019 1817 1118 1860 (τοῦ
1146 1812 1398 1866 ἐνδέχεσθαι
1426 1814 1601 1867 μηδενί)

134 1879 298 1932 probari
325 1879 474 1929 nequit.
530 1878 692 1917 Etenim
721 1878 755 1916 si
784 1878 872 1929 quis
900 1883 1070 1929 poneret
1097 1879 1201 1931 quod
1231 1880 1472 1919 conclusioni
1500 1893 1602 1920 con-

132 1943 299 1983 trarium
323 1947 385 1981 est
405 1940 454 1982 τὸ
477 1943 518 1981 Α
543 1945 602 1994 τῷ
632 1943 675 1982 Γ
693 1939 778 1982 τινὶ
805 1940 1011 1994 ὑπάρχειν
1036 1944 1161 1983 intell,
1187 1939 1229 1992 ἐξ
1257 1941 1447 1996 ἀνάγκης
1473 1944 1603 1996 (quod

132 2007 432 2058 intelligendum
472 2019 564 2045 esse
601 2012 741 2058 aperte
780 2006 927 2045 docent
965 2020 1068 2058 quae
1097 2011 1449 2060 praecesserunt),
1479 2021 1603 2060 quum

133 2084 369 2111 concessum
410 2071 463 2108 sit
500 2068 549 2110 τὸ
577 2071 619 2109 Α
643 2074 702 2121 τῷ
730 2071 767 2110 Β
796 2068 1044 2122 ἐνδέχεσθαι
1069 2069 1216 2123 μηδενὶ
1244 2069 1476 2124 ὑπάρχειν,
1505 2071 1603 2112 nihil

134 2135 228 2174 inde
257 2134 515 2185 colligeretur
543 2135 648 2184 quod
678 2135 893 2174 absurdum
924 2134 1069 2174 esset.''

82 2200 234 2239 36a26
261 2194 367 2236 ὅταν
395 2193 473 2246 μὲν
495 2224 505 2234 .
531 2223 542 2233 .
567 2225 576 2236 .
600 2197 809 2250 Significat
837 2198 1111 2251 syllogismum
1142 2198 1195 2240 V.
1222 2221 1276 2227 —
1313 2198 1387 2239 Vs.
1415 2200 1469 2252 27
1497 2196 1604 2238 ὅταν

135 2259 182 2303 δὲ
198 2290 208 2299 .
230 2288 240 2298 .
265 2290 277 2302 .
306 2261 377 2300 Sin
404 2264 536 2299 autem
557 2260 589 2298 B
608 2262 836 2300 necessario
864 2264 1120 2314 praedicatur
1148 2263 1200 2302 de
1227 2263 1336 2303 nullo
1365 2262 1412 2312 G,
1442 2262 1478 2302 A
1507 2275 1602 2303 vero

134 2328 270 2378 potest
299 2324 521 2375 praedicari
550 2323 602 2363 de
629 2325 735 2364 omni
763 2325 809 2366 B.

83 2391 236 2429 36:128
264 2386 357 2427 οὐδ’
388 2382 495 2427 ὅταν
525 2418 534 2427 .
556 2418 564 2427 .
586 2416 595 2426 .
628 2387 777 2440 Tangit
815 2388 1090 2440 syllogismum
1129 2388 1210 2437 VI,
1248 2402 1486 2441 quamquam
1523 2402 1604 2430 non

135 2453 325 2506 exponit:
355 2453 415 2491 sin
443 2456 578 2491 autem
607 2452 902 2504 propositiones
932 2454 1051 2492 buius
1082 2453 1305 2505 syllogismi
1332 2458 1602 2505 transponan-

135 2522 222 2563 tur,
259 2521 304 2555 ut
341 2516 467 2555 altera
502 2517 665 2555 alterius
702 2516 834 2555 locum
873 2521 1064 2568 occupet,
1107 2529 1185 2556 non
1212 2517 1300 2556 fieri
1331 2518 1601 2569 syllogismum

138 2581 321 2621 terminis
351 2580 548 2631 expositis
578 2573 838 2619 demonstrat.

86 2646 232 2683 36a32
258 2643 335 2684 τὸν
372 2641 506 2684 αὐτὸν
545 2641 591 2683 δὲ
618 2642 792 2693 τρόπον.
856 2644 1013 2683 Eodem
1051 2644 1170 2683 modo
1213 2657 1280 2683 res
1320 2656 1366 2684 se
1403 2644 1526 2685 habet
1564 2645 1605 2683 in

139 2707 376 2759 syllogismis
404 2709 728 2760 particularibus,
757 2708 848 2759 quia
874 2708 914 2748 in
942 2707 1070 2758 prima
1098 2711 1140 2747 et
1167 2707 1344 2760 secunda
1368 2708 1496 2762 figura
1521 2709 1605 2761 syl-

178 2769 208 2803 1.
1284 2770 1330 2804 27
