1734 3100
203 225 282 266 448
727 227 978 272 Analytica
1000 229 1173 272 priora.

258 324 516 364 conclusionis
545 314 599 376 (ᾧ
626 320 704 375 μὲν
730 321 788 376 μὴ
814 322 1035 376 ὑπάρχειν)
1075 330 1116 365 et
1142 338 1188 365 ea
1215 325 1265 365 de
1291 327 1433 377 quibus
1459 327 1677 379 praedicari

256 391 425 438 nequeat
452 388 555 437 quod
590 388 839 437 praedicetur
865 389 902 426 in
932 388 1184 427 conclusione
1212 385 1256 434 (ὃ
1284 387 1329 429 δὲ
1356 388 1413 442 μὴ
1441 389 1675 442 ὑπάρχειν).

254 449 334 490 Vix
360 463 458 501 opus
487 453 549 487 est
576 454 618 487 ut
637 450 873 500 corrigamus
889 451 1006 489 Zellii
1026 452 1257 500 versionem,
1286 454 1353 504 qui
1375 466 1429 492 vs.
1449 456 1497 491 11
1517 452 1678 505 ἀνάγκη

255 510 336 552 τινὶ
374 509 431 563 μὴ
468 509 671 563 ὑπάρχειν
706 514 827 552 vertit
859 526 933 562 „so
969 514 1071 551 muss
1099 514 1230 553 dieses
1267 516 1517 565 nothwendig
1544 517 1681 568 dasje-

255 576 344 626 nige
383 588 478 625 seyn
517 588 596 613 was
636 576 675 613 in
715 575 802 614 dem
831 577 1105 627 aufgestellten
1134 577 1252 616 Satze
1282 579 1408 617 einem
1438 578 1580 617 Theile
1607 581 1678 618 des

253 637 460 689 Subjectes
487 638 596 677 nicht
623 638 869 677 zukommt’':
898 643 1059 691 apparet
1086 640 1188 678 enim
1217 642 1332 679 verba
1360 653 1399 679 τι
1424 640 1589 681 τούτων
1601 640 1678 693 κεῖη

253 698 409 739 ταύτόν
436 713 512 740 non
549 713 667 752 posse
694 701 857 751 intelligi
892 704 942 741 de
968 715 1015 741 eo
1044 704 1149 753 quod
1176 704 1427 754 praedicetur
1454 705 1493 743 in
1521 704 1678 743 conclu—

253 763 377 812 sione
416 763 517 814 quod
547 763 695 802 Zellius
732 764 884 804 videtur
909 766 1122 816 putavisse,
1160 766 1230 804 sed
1266 778 1342 805 non
1369 779 1487 818 posse
1514 780 1591 806 non
1617 767 1678 806 in-

252 826 374 877 telligi
409 827 460 864 de
497 826 661 864 termino
696 828 837 865 medio.
874 849 925 857 —
987 827 1175 867 Mendum
1212 832 1287 877 est,
1325 828 1427 905 quod
1455 841 1513 867 vs.
1540 830 1589 868 19
1616 830 1678 868 ed.

253 888 353 926 Bkk.
380 889 548 927 habetur
575 888 633 942 τῷ
660 891 701 927 A
728 903 799 940 pro
826 886 874 930 τὸ
903 891 957 929 A.

198 951 345 990 44:122
371 947 417 991 ἐκ
442 952 828 1003 προσυλλογισμοῧ.
873 953 1116 1004 Quamquam
1141 965 1219 992 non
1245 953 1372 1002 rideo,
1402 966 1470 992 cur
1492 953 1676 994 hocloco

252 1014 542 1066 prosyllogismi
569 1015 807 1054 mentionem
835 1016 992 1063 fecerit,
1031 1028 1149 1066 quum
1187 1016 1283 1053 nihil
1319 1016 1368 1054 de
1397 1028 1443 1055 eo
1470 1017 1611 1055 dixerit
1637 1017 1679 1055 in

251 1076 412 1127 reliquis
441 1089 540 1127 quae
567 1078 735 1116 eundem
765 1079 1106 1130 prosyllogismum
1135 1078 1281 1119 habent
1301 1082 1354 1124 (v.
1376 1079 1532 1131 Philop.
1553 1078 1677 1118 schol.

250 1141 398 1178 lwao
418 1143 540 1190 sqq.)‚
577 1143 709 1179 tamen
740 1142 804 1181 vix
839 1143 986 1193 poterit
1019 1142 1115 1180 alius
1153 1142 1476 1192 prosyllogismus
1511 1141 1687 1191 intelligi

251 1214 368 1253 quam
390 1202 478 1240 hic:
514 1203 583 1252 „A
611 1204 861 1254 praedicatur
887 1205 938 1244 de
964 1205 1069 1244 nullo
1092 1205 1157 1250 A,
1186 1205 1229 1242 A
1260 1204 1365 1242 idem
1394 1205 1586 1243 terminus
1615 1208 1678 1243 est

248 1265 317 1316 qui
347 1266 394 1314 Z,
423 1277 518 1316 ergo
544 1266 585 1304 A
612 1267 663 1305 de
690 1267 795 1306 nullo
825 1269 860 1307 Z
887 1267 1221 1319 praedicabitur.'’
1257 1267 1307 1305 At
1327 1268 1402 1305 hoc
1421 1267 1579 1317 quidem
1598 1278 1676 1306 non

250 1331 313 1367 est
339 1328 682 1380 prosyllogismum
710 1330 844 1369 facere
872 1331 937 1381 qui
964 1330 1122 1381 proprie
1142 1329 1297 1379 dicitur,
1324 1330 1395 1368 sed
1416 1329 1581 1369 alterum
1597 1333 1676 1368 ter-

248 1391 399 1430 minum
425 1392 466 1430 in
494 1392 654 1431 alterius
683 1392 813 1431 locum
842 1394 1093 1432 substituere.

195 1454 347 1492 44a26
384 1454 537 1493 Zellius
575 1455 644 1494 lul.
680 1455 861 1504 Pacium,
899 1460 941 1494 ut
978 1456 1100 1505 solet,
1147 1459 1306 1494 secutus
1340 1456 1502 1494 eandem
1538 1454 1674 1493 lectio-

248 1529 339 1554 nem
376 1516 494 1555 vertit
532 1529 647 1566 quam
681 1518 858 1557 Bkkerus
896 1518 1023 1566 dedit,
1065 1517 1204 1566 „Denn
1245 1519 1276 1556 Β
1310 1520 1461 1556 kommt
1496 1518 1611 1557 allem
1639 1517 1675 1556 A

247 1591 311 1628 zu,
341 1578 374 1616 E
402 1579 497 1617 aber
523 1579 622 1618 wird
652 1580 808 1619 keinem
835 1582 867 1619 Β
894 1580 1166 1620 zukommen”.
1221 1580 1373 1619 Eodem
1399 1580 1517 1618 modo
1543 1592 1598 1618 vs.
1623 1581 1675 1618 29

248 1638 313 1681 ὅτι
349 1639 447 1680 οὐδὲ
481 1641 539 1695 τῷ
567 1643 612 1680 Δ
644 1643 722 1692 „da
758 1642 859 1681 auch
886 1642 920 1680 D
958 1643 1048 1680 dem
1075 1642 1114 1680 H
1150 1643 1259 1682 nicht
1286 1642 1530 1688 zukommt’',
1570 1642 1675 1693 quod

246 1704 382 1743 sensui
408 1706 564 1743 omnino
590 1706 840 1745 adversatur:
881 1705 951 1743 sed
979 1705 1079 1754 quis,
1108 1718 1268 1755 quaeso,
1302 1710 1377 1754 est,
1413 1705 1479 1755 qui
1514 1705 1592 1743 hoc
1625 1716 1675 1743 ex

246 1767 475 1806 Aristotelis
503 1767 634 1806 verbis
663 1768 883 1819 exprimat?
946 1766 1024 1805 Rei
1061 1767 1220 1817 quidem
1255 1767 1433 1806 convenit
1471 1767 1576 1818 quod
1602 1767 1672 1806 de-

245 1830 307 1869 dit
334 1829 483 1868 Zellius
511 1843 567 1868 vs.
589 1832 661 1868 26:
687 1842 776 1869 nam
806 1830 840 1868 si
867 1829 899 1867 B
928 1830 979 1868 de
1007 1830 1159 1869 omniA
1188 1830 1275 1868 etE
1304 1830 1354 1868 de
1381 1830 1485 1868 nullo
1502 1830 1533 1867 B
1561 1841 1674 1881 prae-

244 1892 412 1941 dicatur,
453 1891 627 1931 efficitur
653 1893 688 1932 A
723 1892 942 1943 praedicari
977 1893 1028 1931 de
1062 1892 1168 1932 nullo
1194 1893 1229 1931 E
1258 1897 1466 1939 (conversa
1492 1892 1672 1943 proposi-

243 1955 353 1995 tione
379 1955 536 2003 altera),
565 1954 670 2004 quod
690 1954 922 1993 Aristoteles
950 1956 1040 1993 inde
1069 1955 1201 2007 colligi
1226 1956 1344 2002 dicit;
1372 1967 1605 2005 quamquam
1625 1966 1675 1993 ne

244 2018 322 2056 hoc
358 2017 519 2068 quidem
556 2018 604 2056 ab
641 2018 745 2055 omni
783 2017 1019 2056 difficultate
1055 2018 1221 2056 liberum
1261 2020 1344 2055 est:
1381 2018 1672 2068 propositiones

244 2081 348 2119 enim
376 2081 435 2118 sic
463 2084 614 2118 sumtae
641 2082 788 2126 essent,
816 2083 860 2119 ut
881 2079 1043 2118 deceret
1061 2080 1100 2118 in
1121 2083 1257 2129 quarta
1274 2079 1413 2129 figura,
1442 2093 1556 2130 quam
1579 2079 1673 2118 Ari-

245 2142 411 2182 stoteles
439 2142 592 2193 ignorat
619 2145 658 2181 et
683 2154 784 2192 quae
809 2142 887 2181 hoc
925 2142 1012 2181 loco
1038 2142 1160 2180 altera
1187 2142 1458 2194 propositione
1486 2153 1673 2181 conversa

243 2207 503 2245 reduceretur
528 2206 578 2244 ad
606 2205 831 2246 secundam.
886 2205 998 2255 Quae
1025 2217 1142 2255 quum
1170 2205 1227 2243 ita
1254 2206 1344 2254 sint,
1372 2217 1450 2243 non
1479 2204 1672 2243 dubitavi-

243 2282 331 2308 mus
359 2268 490 2308 Buhlii
527 2268 748 2309 lectionemr
773 2280 928 2307 servare
966 2272 1005 2306 et
1032 2268 1200 2306 Boethio
1227 2271 1268 2306 et
1304 2267 1499 2307 nonnullis
1527 2266 1672 2306 codici-

242 2332 317 2372 bus
344 2332 561 2383 probatam,
591 2343 705 2382 quam
732 2330 1035 2382 praeferendam
1062 2343 1152 2370 esse
1178 2343 1243 2370 res
1269 2330 1353 2382 ipsa
1381 2330 1512 2368 docet.
1568 2328 1671 2367 Ean-

243 2395 333 2434 dem
361 2395 478 2433 etiam
505 2394 627 2433 habet
652 2397 732 2432 vet.
751 2393 850 2444 iutp.
871 2393 958 2434 cod.
978 2393 1149 2433 Gothan.

190 2459 342 2497 44a30
377 2456 554 2508 Denique
595 2457 703 2495 addit
729 2455 842 2495 aliam
871 2456 1147 2504 conditionem,
1187 2456 1258 2494 sub
1285 2467 1359 2505 qua
1385 2454 1455 2491 fiat
1482 2453 1670 2504 συλλογι-

242 2519 346 2571 σμὸς
372 2516 744 2570 ἀπεστραμμένος,
773 2519 1022 2570 syllogismus
1051 2520 1160 2557 cuius
1189 2518 1385 2558 conclusio
1406 2515 1582 2555 converti
1601 2517 1671 2555 de-

239 2585 322 2632 bet,
359 2588 401 2622 ut
427 2583 626 2622 efficiatur
653 2582 759 2633 quod
785 2582 977 2622 volumus.
1031 2581 1090 2620 De
1124 2594 1221 2620 voce
1247 2576 1608 2630 ἀντεστραμμένος
1633 2590 1669 2617 v.

239 2647 382 2685 ’11234
419 2644 582 2698 ἀνάγκη
616 2643 699 2697 γὰρ
735 2643 939 2697 κάμπτειν
972 2641 1000 2695 ἢ
1036 2640 1103 2684 ἐπὶ
1130 2642 1177 2683 τὸ
1212 2643 1358 2683 κοῖλον
1384 2639 1455 2682 καὶ
1482 2639 1534 2681 τὰ
1559 2640 1663 2693 πρό-

237 2710 340 2748 σθια
365 2707 436 2749 καὶ
460 2707 513 2750 τὰ
538 2707 714 2749 ὀπίσθια
733 2737 746 2750 .
765 2739 774 2749 .
796 2738 806 2749 .
824 2706 852 2761 ἢ
879 2704 945 2748 ἐπὶ
969 2704 1221 2747 τούναντίον
1246 2703 1314 2746 ἐπὶ
1339 2704 1386 2745 τὸ
1404 2703 1563 2756 κυρτόν
1581 2732 1593 2746 .
1617 2733 1629 2745 .
1654 2731 1664 2741 .

235 2768 264 2823 ἢ
299 2769 667 2825 ἀντεστραμμένως
701 2769 774 2814 καὶ
806 2769 865 2825 μὴ
902 2768 970 2812 ἐπὶ
1005 2769 1056 2812 τὰ
1083 2768 1202 2820 αὐτά,
1240 2769 1293 2810 cf.
1327 2768 1442 2821 quod*
1457 2767 1666 2809 habuimus
