1826 3112
247 175 325 214 138
656 181 802 213 ΠΕΡΙ
833 180 1206 214 ΕΡΜΗΝΕΙΑΣ

245 272 306 336 μή
337 272 446 319 κατὰ
474 274 762 337 συμβεβηκός,
795 274 864 320 ἐπὶ
893 274 1061 321 τούτων
1089 273 1142 321 τὸ
1168 276 1208 322 τὶ
1225 277 1299 323 καὶ
1320 275 1471 334 ἁπλῶς
1495 275 1658 341 ἀληθὲς

245 339 360 386 ἔσται
377 341 517 386 εἰπεῖν.
537 339 589 386 τὸ
610 343 655 386 δὲ
674 339 734 401 μὴ
759 338 825 396 ὄν,
847 358 911 387 οτι
923 340 1148 398 δοξαστον,
1167 340 1252 388 οὐκ
1273 341 1438 405 ἀληθὲς
1456 343 1632 390 εἰπεῖν’
1604 362 1658 391 ον

245 411 307 451 τι·
343 405 451 460 δόξα
480 404 562 465 γάρ
590 405 731 451 αὐτου
753 407 865 452 ἐστὶν
883 405 967 466 οὐχ
994 404 1059 452 ὅτι
1081 408 1205 461 ἔστιν,
1231 406 1323 453 ἀλλ’
1345 427 1411 454 οτι
1426 408 1512 454 οὐκ
1531 410 1654 456 §.am

166 472 228 514 12
384 475 446 516 To
422 472 562 517 ούτων
585 473 630 517 δε
649 473 937 531 διωρισμένων
948 474 1153 520 σκεπτέον
1171 489 1290 530 οπως
1301 474 1471 534 ἔχουσιν
1491 476 1533 521 αι
1544 473 1656 521 απο-

195 557 230 585 35
247 534 403 596 φάσεις
432 539 504 582 καὶ
535 540 800 597 καταφάσεις
821 536 936 595 πρὸς
960 537 1150 600 ἀλλήλας
1174 541 1218 585 αἱ
1239 544 1321 586 τοῦ
1341 539 1533 587 δυνατὸν
1550 538 1657 587 εἶναι

245 603 318 647 καὶ
341 600 400 663 μὴ
430 601 618 648 δυνατὸν
648 605 719 648 καὶ
753 604 1027 663 ἐνδεχόμενον
1065 607 1137 651 καὶ
1165 603 1225 667 μή
1259 605 1557 665 ἐνδεχόμενον,
1582 609 1656 652 καὶ

243 668 338 726 περὶ
358 671 442 713 τοῦ
458 667 679 714 ἀδυνάτου
694 687 737 715 τε
760 668 880 715 καὶ’
852 671 1110 750 αναγκαίου·
1142 671 1223 730 ἕχει
1235 669 1315 731 γὰρ
1329 670 1512 731 ἀπορίας
1521 672 1655 729 τινάς.

244 733 282 778 εἰ
312 730 393 792 γὰρ
414 738 502 779 τοῖν
530 736 891 794 συμπλεκομένων
921 729 1049 781 αὗται
1073 734 1282 805 ἀλλήλαις
1303 735 1555 784 ἀντίκεινται
1576 737 1654 784 ἀν-

242 797 451 857 τιφάσεις,
484 798 583 846 οσαι
609 799 717 846 κατὰ
747 799 798 846 τὸ
833 806 939 846 εἰναι
965 802 1037 846 καὶ
1062 799 1126 882 μὴ
1156 807 1262 847 εἰναι
1290 802 1525 858 τάττονται,
1559 802 1653 850 οἷον

202 878 226 911 b
242 868 326 910 τοῦ
345 861 450 910 εἶναι
470 864 711 924 ἄνθρωπον
727 864 951 925 αποφαΓις
959 884 1008 911 το
1017 864 1076 927 μὴ
1087 871 1190 911 εἰναι
1205 865 1453 925 ἄνθρωπον,
1464 886 1521 914 ου
1531 867 1582 914 τὸ
1595 865 1654 914 εἶ-

240 948 311 975 ναι
331 928 391 989 μὴ
411 928 661 989 ανθρωπον,
681 933 754 975 καὶ
773 935 855 977 τοῦ
878 937 984 977 εἰναι
997 930 1155 977 λευκὸν
1175 930 1412 990 ἶίνθρωπον
1421 931 1655 997 τὸμὴεῖναι

239 993 401 1040 λευκὰν
412 994 662 1054 ἄνθρωπον,
674 995 767 1040 ἀλλ’
776 995 834 1042 οὐ
849 995 900 1042 τὸ
913 994 1511 1058 εἶναιμὴλευκὸνανθρωπον.
1525 1002 1563 1045 εἰ
1571 998 1654 1061 γὰρ

240 1059 350 1105 κατὰ
378 1060 538 1117 παντὸς
572 1060 601 1122 ἡ
630 1061 873 1143 κατάφασις
904 1061 935 1124 ἢ
966 1061 994 1124 ἡ
1018 1062 1265 1122 ἀπόφασις,
1293 1082 1345 1110 το
1375 1063 1508 1119 ξύλον
1536 1067 1652 1111 ε’σται

208 1144 225 1171 5
241 1124 404 1188 ἀληθὲς
425 1128 557 1173 εἰπεῖν
578 1133 683 1173 εἰναι
704 1147 764 1189 μη
786 1126 946 1174 λευκὸν
964 1127 1212 1187 ανθρωπον.
1250 1131 1288 1175 εἰ
1298 1131 1342 1175 δὲ
1354 1135 1488 1176 τοῦτο
1500 1129 1652 1187 οὕτως,

239 1194 312 1237 καὶ
340 1190 462 1249 ὅσοις
487 1191 539 1238 τὸ
571 1189 679 1238 εἶναι
696 1192 755 1255 μὴ
779 1196 1069 1251 προστίθεται,
1092 1193 1142 1240 τὸ
1162 1193 1275 1240 αὐτὸ
1299 1195 1470 1257 ποιήσει
1487 1195 1539 1242 τὸ
1557 1196 1652 1243 ἀντὶ

239 1261 323 1303 τοῦ
342 1263 448 1303 εἰναι
468 1258 710 1318 λεγομένου,
731 1264 826 1304 οἱον
834 1278 916 1306 του
898 1259 1160 1342 ανθρωπος
1170 1262 1329 1319 βαδίζει
1342 1261 1399 1307 οὐ
1416 1261 1468 1307 τὸ
1480 1261 1563 1308 οὐκ
1574 1280 1651 1308 αν·-

238 1328 424 1381 θρωπος
431 1326 593 1405 βαδίζει
605 1324 833 1384 ἀπόφασις
843 1326 970 1379 ἔσται,
982 1324 1093 1370 ἀλλὰ
1102 1324 1153 1370 τὸ
1168 1344 1225 1372 ου
1214 1325 1395 1384 ’βαδίζει
1405 1326 1650 1386 ανθρωπος·

241 1387 373 1435 οὐδεν
393 1388 473 1471 γὰρ
494 1391 685 1449 διαφέρει
698 1389 1076 1449 εἰπεῖνᾶνθρωπον
1069 1389 1305 1451 ’βαδίζειν
1286 1411 1310 1453 η
1306 1391 1561 1451 ανθρωπον
1569 1398 1651 1452 βα-

190 1475 224 1503 10
239 1456 284 1501 δι
285 1458 410 1512 ζοντα
423 1461 541 1501 εἰναι.
577 1454 686 1502 ω’στε
697 1458 734 1501 εἰ
745 1455 885 1512 οὕτως
894 1461 1131 1516 πανταχοῦ,
1149 1459 1219 1502 και
1237 1461 1320 1502 τοῦ
1337 1457 1525 1504 δυνατὸν
1544 1465 1652 1505 εἰναι

239 1519 461 1580 ἀπόφασις
480 1522 594 1568 ἔσται
614 1520 664 1567 τὸ
686 1521 873 1568 δυνατὸν
894 1521 953 1584 μὴ
981 1541 1100 1578 ειναι,
1119 1521 1213 1568 ἀλλ’
1234 1521 1291 1569 οὐ
1309 1522 1360 1569 τὸ
1380 1523 1440 1608 μὴ
1461 1524 1652 1571 δυνατὸν

238 1583 357 1633 εἶναι.
404 1590 524 1633 δοκεῖ
540 1590 586 1634 δὲ
616 1586 668 1633 τὸ
690 1586 799 1633 αὐτὸ
834 1587 1067 1668 δυνασθαιἿ
1085 1589 1157 1633 καὶ
1187 1585 1297 1634 εἶναι
1325 1592 1394 1634 καὶ
1429 1589 1489 1652 μὴ
1524 1588 1649 1637 εἶναι·

236 1656 326 1698 πᾶν
365 1651 447 1713 γάρ
479 1651 531 1698 τὸ
565 1652 756 1700 δυνατὸν
785 1655 1016 1712 τέμνεσθαι
1043 1651 1076 1715 ἦ
1093 1656 1280 1712 βαδίζειν
1298 1653 1445 1716 καὶμὴ
1464 1658 1651 1714 βαδίζειν

236 1720 308 1763 καὶ
327 1717 387 1780 μὴ
409 1719 638 1777 τέμνεσθαι
659 1719 857 1764 δυνατόν.
909 1719 1039 1778 λόγος
1057 1718 1157 1775 δέ,
1140 1717 1205 1764 ότι
1227 1717 1341 1765 άπαν
1355 1719 1406 1765 τὸ
1431 1719 1545 1767 οὕτω
1568 1726 1650 1769 δυ-

189 1801 224 1829 1⁵
238 1782 369 1830 νατὸν
397 1783 482 1830 οὐκ
513 1783 575 1830 ἀεὶ
609 1786 776 1845 ἐνεργεῖ,
796 1782 902 1830 ὥστε
923 1783 1104 1842 ὑπάρξει
1122 1783 1241 1866 αὐτῷ
1256 1787 1328 1831 καὶ
1349 1784 1379 1847 ἢ
1400 1784 1624 1846 ἀπόφασις
1637 1803 1647 1814 ·

238 1849 421 1896 δύναται
448 1849 529 1910 γὰρ
555 1852 627 1896 καὶ
657 1849 717 1910 μὴ
735 1853 923 1909 βαδίζειν
941 1849 992 1895 τὸ
1011 1849 1259 1909 βαδιστικὸν
1277 1852 1347 1895 καὶ
1368 1850 1428 1913 μὴ
1456 1851 1650 1911 ὁρᾶσθαι

235 1913 287 1961 τὸ
309 1914 483 1972 ὁρατόν.
520 1914 630 1961 ἀλλὰ
649 1936 676 1974 μ
683 1934 735 1977 ην
753 1914 971 1962 ἀδύνατον
987 1914 1093 1961 κατὰ
1102 1920 1185 1961 τοῦ
1195 1914 1336 1962 αὐτου
1319 1915 1649 1978 ἀληθεύεσθαι

235 1979 313 2037 τὰς
331 1979 619 2038 ἀντικειμένας
640 1981 819 2039 φάσεις·
845 1979 928 2027 οὐκ
939 2000 1023 2039 αρα
1045 1985 1126 2027 τοῦ
1147 1980 1334 2027 δυνατὸν
1354 1988 1460 2027 εἰναι
1473 1982 1649 2066 ἀπόφα-

237 2047 306 2102 σίς
322 2047 410 2092 ἐστι
432 2045 483 2091 τὸ
506 2046 696 2092 δυνατὸν
718 2045 778 2108 μὴ
800 2052 918 2092 εἰναι.
953 2048 1189 2130 συμβαίνει
1197 2045 1278 2107 γὰρ
1301 2048 1345 2093 ἐκ
1366 2048 1530 2094 τούτων
1536 2047 1578 2131 ’,ἦ
1571 2048 1648 2096 τὸ

187 2110 347 2158 ωαῦτό
367 2112 502 2171 φάναι
523 2114 594 2157 καὶ
618 2111 843 2172 ἀποφάναι
863 2110 950 2171 ἅιια
982 2114 1055 2157 καὶ
1086 2111 1193 2157 κατὰ
1223 2117 1303 2158 τοῦ
1336 2113 1498 2171 αυτοῦ,
1532 2112 1559 2177 ἢ
1588 2114 1647 2178 μὴ

237 2176 345 2223 κατὰ
367 2176 416 2223 τὸ
434 2183 541 2223 εἰναι
557 2180 628 2223 καὶ
639 2176 727 2262 9361}
750 2196 810 2223 ειν
812 2197 855 2223 αι
876 2176 928 2223 τὰ
946 2179 1261 2237 προστιθέμενα
1281 2180 1476 2238 γίνεσθαι
1494 2180 1648 2240 φάσεις

237 2245 310 2289 καὶ
333 2242 588 2304 ἀποφάσεις.
613 2245 650 2289 ει
670 2262 756 2289 ουν
769 2244 903 2290 ἐκεῖνο
924 2242 1155 2300 ἀδύνατον,
1174 2243 1291 2290 τοῦτ’
1307 2263 1360 2291 αν
1378 2247 1444 2307 ειἠ
1465 2246 1645 2306 αιρετόν.

326 2443 369 2475 32
385 2441 482 2476 ἔσται
497 2454 550 2475 om
568 2454 602 2474 n.
630 2461 669 2466 —
699 2439 782 2485 ουκ]
802 2439 868 2476 ov’n
889 2441 983 2477 ἔστιν
1004 2455 1032 2484 e,
1057 2442 1161 2487 ἔστιν,
1180 2439 1290 2485 ovuf.
1318 2462 1361 2468 —
1386 2445 1428 2477 33
1447 2442 1565 2478 αὐτοῦ
1581 2444 1647 2480 οὐκ

236 2484 332 2520 ἔστιν
348 2488 464 2520 ACdn
492 2506 533 2512 —
560 2487 602 2519 34
618 2486 841 2527 καταφάσεις
857 2487 919 2521 καὶ
939 2469 1191 2543 α’ποφάσειςίᾒ
1220 2506 1254 2512 -—
1281 2489 1323 2521 35
1345 2485 1435 2521 εἶναι
1456 2501 1509 2520 om
1530 2500 1557 2522 e.

323 2530 414 2564 21b4
434 2531 489 2574 τὸ]
508 2529 685 2572 ἀληθεύει
702 2528 745 2564 τὰ
761 2543 788 2564 e.
808 2549 844 2556 -—
874 2534 894 2565 5
914 2533 1027 2566 εἰπεῖν
1047 2529 1086 2565 ἀλ
1093 2530 1225 2575 ηθεςπ.
1244 2551 1283 2556 -
1309 2531 1353 2575 δὴ
1378 2534 1454 2574 Cfn.
1470 2552 1511 2558 —
1536 2534 1645 2567 τοῦτο

236 2586 291 2607 om
313 2586 347 2607 n.
373 2595 415 2601 —
452 2578 483 2609 ΙΙ
511 2575 609 2610 ε’σται
635 2587 688 2607 om
708 2588 740 2607 π.
768 2596 804 2600 -
843 2578 881 2608 12
903 2576 1088 2610 δύνασθαι
1093 2546 1168 2610 vuol
1193 2588 1246 2609 om
1268 2588 1294 2609 c.
1323 2596 1359 2600 —-
1395 2577 1456 2610 καὶ
1483 2577 1524 2610 τὸ
1552 2575 1646 2611 εἶναι

236 2618 299 2653 καὶ
316 2618 355 2652 τὸ
375 2620 424 2672 μὴ
449 2617 541 2654 εἶναι
558 2620 590 2652 d.
614 2639 659 2645 —
685 2621 724 2654 13
741 2619 937 2662 τέμνεσθαι
955 2621 1016 2655 καὶ
1029 2618 1077 2665 μὴ
1095 2622 1254 2673 βαδίζειν
1274 2632 1308 2654 π.
1334 2640 1375 2644 -
1410 2623 1451 2654 15
1466 2619 1582 2664 αὐτῷ]
1604 2620 1646 2656 τὸ

237 2660 337 2708 αὐτῷ
359 2661 458 2709 αὐτῷ
475 2677 502 2698 e.
526 2683 571 2690 —
595 2661 709 2698 αὐτοῦ
726 2664 787 2699 καὶ
805 2666 860 2698 del
883 2667 955 2698 vult
974 2678 1007 2698 n.
1031 2684 1076 2690 —
1110 2666 1150 2699 18
1165 2665 1249 2699 τοῦ.
1283 2665 1349 2708 .μὴ
1369 2663 1477 2710 εἶναι]
1498 2665 1592 2710 αυτη
1610 2678 1644 2700 π.

237 2726 278 2734 ·-
303 2697 343 2741 19
365 2698 463 2743 ἔσται
485 2721 518 2742 u.
545 2729 584 2735 -
622 2710 667 2742 20
685 2709 734 2742 alt
759 2708 822 2744 καὶ
844 2722 900 2743 om
924 2711 988 2753 cdf
1013 2718 1049 2742 et
1073 2722 1115 2753 pr
1131 2721 1164 2742 n.
1191 2728 1231 2736 —·
1264 2711 1305 2742 21
1334 2711 1522 2753 γίγνεσθαι
1546 2723 1580 2744 τι.
