1838 3086
586 206 851 254 An'alytica
872 205 1047 252 priora.
1498 202 1579 242 377

123 309 397 361 contingens’'.
452 307 566 358 Quae
591 321 643 348 ne
670 319 791 347 sensu
820 318 987 358 prorsus
1014 303 1210 344 destituta
1237 301 1338 350 sint,
1367 297 1580 354 ἐνδέχεται

122 379 164 414 et
201 370 481 426 ἐνδεχόμενον
518 372 773 412 scribendum
812 371 891 410 erit
928 382 1001 419 pro
1030 367 1226 419 contingit
1252 371 1292 407 et
1321 366 1578 417 contingens:

122 450 212 477 nam
251 438 356 490 qnod
394 439 530 477 dicere
565 436 690 475 voluit
718 440 782 474 est
807 435 899 475 hoc.
956 434 1089 483 Quum
1118 432 1304 472 Socrates
1332 444 1410 470 non
1438 430 1579 479 currit,

123 503 289 555 cogitari
326 507 457 541 tamen
496 505 631 553 potest
661 496 910 551 (ἐνδέχεται)
940 498 1145 537 Socratem
1175 509 1351 536 currere.
1409 495 1526 534 Riese
1546 494 1578 535 Ι.

122 579 161 618 p.
181 569 257 605 1:37
282 573 363 606 not.
389 569 409 604 1
451 565 560 612 „Das
587 564 787 614 Zul'iillige
815 564 916 602 kann
944 562 1015 600 auf
1040 563 1110 599 das
1141 560 1433 613 Nothwendige
1461 560 1580 599 bezo-

120 643 196 682 gen
225 631 398 678 werden,
428 629 606 667 insofern
635 628 767 666 dieses
795 640 868 665 aus
896 625 1142 664 materiellen
1157 625 1367 664 Ursachen
1387 623 1580 672 entsteht,

120 694 301 733 welchen
339 694 413 731 der
440 692 588 730 Zweck
626 691 842 730 iiusserlich
880 690 1005 729 bleibt
1025 717 1035 727 .
1060 718 1070 729 .
1090 717 1101 728 .
1157 689 1214 727 Es
1243 690 1339 740 liegt
1367 690 1430 728 ein
1459 687 1583 728 tiefer

120 757 218 797 Sinn
255 758 295 797 in
335 758 469 796 dieser
498 756 749 806 Aufziiblung
782 755 857 793 der
884 754 1171 804 Bedeutungen
1208 754 1281 792 des
1310 752 1609 806 Zufdlligen'’.=

122 822 320 873 Equidem
350 822 521 873 ingenue
547 820 679 858 fateor
705 832 770 858 me
788 831 864 857 non
888 818 1126 870 intelligere,
1157 818 1357 868 quomodo
1378 818 1483 868 quod
1509 830 1582 857 ne-

122 886 342 926 cessarium
372 886 425 923 sit
454 885 532 922 dici
559 883 690 935 possit
718 883 966 934 contingen&
1003 882 1103 921 Nam
1126 883 1361 934 contingens
1381 895 1459 921 non
1481 881 1582 921 dici-

123 954 189 990 tur
200 951 239 990 id
263 950 376 989 cuius
389 961 530 988 causas
550 948 797 999 ignoramus,
816 947 887 986 sed
900 946 937 985 id
951 947 1016 986 cui
1035 946 1304 985 sufficientem
1316 958 1474 984 eausam
1486 943 1583 985 sub-

123 1028 216 1054 esse
232 1025 436 1064 negamus,
458 1018 652 1064 quatenns
678 1023 863 1050 vocamus
885 1012 1130 1064 contingens,
1149 1016 1217 1050 aut
1238 1010 1358 1062 quod,
1386 1015 1582 1061 quintenun

124 1091 243 1118 causa
270 1078 398 1127 aliqua
428 1076 616 1117 effectum
646 1076 722 1125 sit,
751 1076 908 1114 omnino
937 1089 1015 1115 non
1045 1076 1361 1115 consideramus,
1417 1073 1584 1125 Opor-

122 1142 229 1181 tuit
257 1142 277 1179 f
285 1142 297 1179 i
313 1142 387 1179 eri
417 1140 521 1192 quod
551 1140 733 1178 evenisse
758 1139 1015 1191 intelligimus
1036 1153 1085 1179 ex
1107 1141 1167 1188 iis,
1195 1152 1364 1190 quorum
1385 1139 1487 1178 alius
1505 1151 1584 1179 non

120 1210 278 1258 poterat
306 1217 397 1243 esse
426 1208 615 1251 eventus,
658 1203 917 1254 contigit,
955 1203 1019 1242 cui
1047 1204 1143 1242 nihil
1172 1203 1354 1242 obfuisse
1383 1209 1583 1254 putamus,

120 1271 215 1322 quin
242 1269 445 1309 accideret
473 1268 600 1306 aliter.
638 1267 772 1316 Quare
792 1267 943 1312 Biesio,
973 1268 1038 1319 qui
1065 1280 1178 1307 more
1191 1265 1585 1320 ἤρακλειτιζόντων,

121 1347 290 1385 quorum
318 1333 480 1372 scholae
509 1332 696 1371 addictus
725 1337 812 1380 est,
853 1332 1115 1371 subtilitatem
1143 1332 1279 1372 laudat
1307 1334 1374 1372 ubi
1404 1333 1586 1373 obscuri-

120 1403 244 1437 tatem
273 1397 572 1449 reprehendere
600 1396 795 1445 debebat,
833 1396 1068 1447 adstipulari
1097 1410 1174 1436 non
1204 1410 1383 1448 possum.
1441 1397 1587 1437 Restat

123 1467 168 1501 ut
207 1474 451 1513 exponamus
489 1473 592 1510 quae
630 1466 854 1511 sequuntur
880 1473 937 1500 vs.
966 1462 1031 1500 38.
1091 1460 1244 1500 Dicitur
1272 1459 1517 1513 ἐνδέχεσθαι
1544 1465 1587 1501 et

123 1526 230 1577 quod
260 1526 349 1564 fieri
377 1528 537 1576 oportet
565 1545 616 1553 —
644 1525 794 1562 22b11
821 1522 871 1563 τὸ
897 1522 977 1574 μὲν
1002 1522 1086 1576 γὰρ
1115 1523 1355 1576 ἀναγκαῖον
1377 1521 1488 1566 εἶναι
1509 1525 1587 1566 δυ-

121 1587 256 1629 νατὸν
285 1583 396 1628 εἶναι
423 1610 474 1616 -
504 1591 545 1626 et
572 1588 676 1639 quod
707 1601 784 1627 non
814 1594 990 1639 oportet,
1016 1589 1058 1629 h.
1079 1602 1117 1628 e.
1136 1594 1178 1627 et
1206 1591 1313 1641 quod
1336 1595 1414 1640 est,
1445 1605 1586 1642 quam-

123 1667 242 1706 quam
281 1666 358 1692 non
397 1653 577 1703 oportuit
613 1652 726 1698 fieri,
780 1657 820 1691 et
859 1654 965 1703 quod
1003 1653 1093 1692 fieri
1131 1660 1292 1705 potest,
1344 1668 1584 1707 quamquam

122 1731 216 1758 num
254 1718 326 1756 fiat
363 1718 493 1755 adbuc
536 1717 731 1754 incertum
773 1720 847 1754 est.
913 1717 954 1755 ln
1004 1718 1287 1756 convertendis
1334 1721 1586 1771 propositio·

122 1783 238 1821 nibus
273 1779 562 1819 affirmantibus
591 1792 667 1817 non
696 1779 826 1818 refert
854 1792 932 1830 quo
961 1793 1083 1819 sensu
1103 1783 1321 1832 accipiatur
1348 1782 1397 1823 τὸ
1423 1780 1586 1838 ἐνδέχε-

96 1898 98 1900 .
124 1848 243 1895 σθαι,
273 1857 509 1896 quamquam
538 1856 614 1882 non
643 1844 700 1882 ita
728 1848 793 1882 est
820 1843 860 1881 in
890 1845 1166 1883 convertendis
1194 1848 1445 1897 negantibus,
1483 1849 1586 1890 Nam

124 1911 194 1950 ubi
224 1911 306 1956 (b4
335 1906 416 1948 ὅσα
444 1904 523 1958 μέν
540 1936 552 1954 ,
592 1908 735 1958 quibus
762 1908 1009 1959 respondent
1036 1906 1118 1961 ὅσα
1145 1906 1192 1949 δὲ
1220 1923 1276 1948 vs.
1296 1913 1367 1958 14)
1395 1911 1445 1953 τὸ
1473 1912 1587 1955 {vde-

122 1973 307 2028 χόμενον
334 1972 635 2022 intelligendum
666 1977 728 2010 est
755 1973 818 2011 vel
848 1973 900 2011 de
928 1985 977 2011 eo
1005 1974 1110 2024 quod
1139 1987 1308 2014 necesse
1336 1981 1413 2025 est,
1443 1980 1506 2022 vel
1535 1981 1587 2022 de

108 2052 173 2080 ⁴eo
201 2038 307 2091 quod
336 2042 398 2078 est
427 2036 674 2088 simpliciter,
702 2040 816 2088 patet
843 2037 962 2075 etiam
993 2040 1273 2078 conversiones
1302 2042 1464 2082 easdem
1494 2039 1587 2087 esse

123 2108 244 2155 atque
272 2114 408 2141 earum
431 2100 775 2153 ‚proposit-ionum,
802 2101 842 2139 in
871 2101 1014 2151 quibus
1043 2102 1212 2142 alterum
1243 2103 1295 2142 de
1320 2097 1447 2155 altero
1468 2122 1585 2160 prae..

123 2168 280 2206 dicatur
317 2165 379 2203 vel
408 2165 636 2203 necessario
674 2165 736 2203 vel
765 2165 1004 2217 simpliciter
1042 2165 1386 2218 (ὗπαρχόντως)ε
1424 2174 1586 2216 namin

124 2231 190 2270 his
228 2228 277 2269 τὸ
305 2225 554 2280 ἐνδέχεσθαι
591 2240 667 2267 uon
697 2241 745 2267 ea
783 2230 946 2269 notione
974 2233 1168 2284 accipitur
1207 2246 1309 2284 quae
1347 2235 1384 2272 ei
1424 2239 1586 2290 propria

126 2299 211 2343 est,
249 2295 320 2332 sed
359 2293 490 2332 locum
528 2297 637 2331 tenet
672 2294 753 2332 τοῦ
792 2292 1031 2346 ἀναγκαῖον
1059 2291 1170 2336 εἶναι
1206 2303 1247 2336 et
1275 2300 1356 2338 τοῦ
1383 2298 1587 2354 ὑπάρχειν

125 2355 228 2411 μέν,
256 2353 314 2409 μὴ
344 2355 383 2397 δ’
414 2354 455 2405 ἐξ
483 2355 672 2407 ἀνάγκης
699 2355 925 2411 ὗπαρχειν;
966 2374 1135 2412 quorum
1165 2363 1267 2400 enim
1298 2362 1430 2403 locum
1459 2372 1585 2421 tenet,

126 2436 262 2463 eorum
293 2422 369 2461 vim
399 2422 532 2460 habet.
587 2421 666 2459 Ubi
694 2435 790 2462 vero
819 2425 863 2469 (b
878 2426 945 2470 14)
975 2422 1023 2465 τὸ
1052 2423 1299 2478 ἐνδέχεσθαι
1326 2429 1584 2480 significatio-

124 2500 216 2540 nem
245 2486 505 2539 principalem
535 2491 576 2524 et
605 2487 802 2537 propriam
830 2489 977 2539 habet,
1015 2492 1286 2530 conversionis
1326 2505 1405 2533 non
1442 2496 1584 2538 eadem

125 2552 229 2591 ratio
257 2556 332 2589 est·
390 2551 550 2589 Clarum
592 2556 655 2588 est
683 2557 813 2592 autem
843 2567 892 2592 ex
920 2553 969 2593 iis
1000 2568 1099 2605 quae
1128 2556 1298 2595 diximus
1328 2561 1412 2596 tres
1442 2562 1583 2602 modos

124 2618 205 2656 τοῦ
234 2613 500 2667 ἐνδέχεσθαι,
540 2628 639 2666 quos
668 2619 993 2656 commemoravit
1022 2632 1077 2659 vs,
1100 2622 1151 2657 38
1173 2633 1256 2671 sq.,
1298 2623 1462 2664 eosdem
1491 2637 1583 2665 esse

127 2693 226 2731 qnos
263 2680 530 2719 consideravit
569 2680 629 2717 b4
658 2692 716 2730 sq.
755 2686 794 2719 et
823 2683 898 2731 14,
941 2688 984 2722 ut
1020 2681 1069 2723 τὸ
1097 2681 1286 2724 δυνατὸν
1324 2690 1403 2732 (vs.
1427 2690 1500 2734 39)
1530 2691 1583 2730 sit

127 2742 234 2783 idem
283 2745 390 2796 quod
430 2743 486 2784 τὸ
526 2742 584 2791 ὡς
620 2740 689 2783 ἐπὶ
727 2739 838 2785 πολὺ
874 2744 946 2786 καὶ
982 2751 1040 2800 τῷ
1077 2748 1323 2801 πεφυκέναι
1349 2751 1583 2804 λεγόμενον

127 2807 186 2855 (v.
205 2807 326 2848 32b5
347 2810 472 2861 sqq.).
511 2809 632 2861 Quae·
654 2811 854 2873 quumita
872 2812 964 2863 sint,
993 2825 1072 2865 quo
1091 2815 1180 2856 iure
1199 2810 1258 2869 μὴ
1279 2815 1583 2872 post-&varum
