1884 3100
622 202 956 236 ΠΡΟΤΕΡΩΝ
984 203 1023 237 Β
1464 199 1543 238 261

93 299 331 363 τεκμήριον
359 300 549 363 ληπτέον
570 298 648 362 (τὸ
665 318 750 362 γαρ
767 299 1002 362 τεκμήριον
1022 297 1073 347 τὸ
1090 298 1250 346 εἰδέναι
1264 301 1432 345 ποιοῦν
1449 317 1541 359 φα-

93 369 167 414 σὶν
198 372 320 424 εἰναι,
346 371 525 414 τοιοῦτο
555 369 602 413 δὲ
629 367 818 427 μάλιστα
845 365 897 413 τὸ
927 363 1164 429 μέσον),’“
1133 385 1164 430 η
1189 384 1243 412 τα
1273 366 1352 426 μὲν
1382 365 1428 412 ἐκ
1448 382 1540 413 των

93 433 242 496 ι’ίκρων
259 440 440 497 σημεῖον
464 434 651 491 λεκτέον,
670 432 723 481 τὰ
745 432 785 480 δ’
803 434 849 481 ἐκ
870 438 956 480 τοῦ
976 434 1117 495 μέσου
1136 432 1389 497 τεκμήριον·
1413 433 1535 480 ἐνδο-

92 500 272 558 ξότατον
301 500 384 564 γὰρ
413 503 484 548 καὶ
517 501 703 562 μάλιστα
733 499 899 564 ἀληθὲς
922 499 973 547 τό
1009 499 1083 547 διὰ
1109 505 1193 548 τοῦ
1221 500 1402 563 πρώτου
1428 499 1538 564 σχή-
1554 512 1572 540 5

91 587 238 630 {lamg-

231 633 295 680 Τὸ
309 635 356 680 δὲ
371 638 752 695 φυσιογνωμονεῖν
764 632 959 680 δυνατόν
983 633 1109 690 ἐστιν,
1132 635 1178 680 εἴ
1179 652 1246 690 τις
1258 629 1480 680 δίδωσιν“
1449 650 1540 692 αμα

89 700 370 761 μεταβάλλειν
410 699 460 746 τὸ
504 705 633 760 σῶμα
670 701 744 746 καὶ
781 699 864 763 τὴν
898 700 1053 762 ’ψυχην
1064 735 1075 757 ,
1125 698 1211 746 ὅσα
1243 700 1416 761 φυσικά
1449 700 1539 747 ἐστι

89 767 352 830 παθήματα·
379 765 537 827 μαθών
568 786 651 829 γαρ
683 769 786 824 ἴσως
816 765 1038 829 μουσικὴν
1067 768 1356 830 μεταβέβληκέ
1383 784 1424 813 τι
1457 765 1539 829 τὴν

90 835 264 898 ψυχήν,
311 833 404 881 ἄλλ’
435 853 494 881 ου
511 853 601 881 των
627 835 762 894 φύσει
784 833 891 897 ἡμῖν
918 835 1005 881 ἐστὶ
1027 838 1167 881 τοῦτο
1187 832 1238 880 τὸ
1257 833 1419 890 πάθος,
1440 832 1537 879 ἄλλ’
1551 849 1586 876 10

91 907 186 949 οἱον
207 901 333 964 ὀργαὶ
351 903 425 948 καὶ
444 903 674 962 ἐπιθυμίαι
693 906 780 948 τῶν
799 901 937 962 φύσει
955 901 1180 965 κινήσεων.
1203 903 1240 948 εἰ
1261 899 1318 964 δὴ
1341 900 1478 947 τοῦτό
1490 919 1535 948 τε

90 970 248 1031 δοθείη
276 970 350 1015 καὶ
377 969 426 1015 ἐν
461 967 558 1025 {vag-
587 974 768 1032 σηιιεῖον
787 975 910 1027 εἰναι,
938 970 1013 1015 καὶ
1032 969 1280 1029 δυναίμεθα
1298 967 1537 1028 λαυβάνειν

89 1034 141 1082 τὸ
165 1038 278 1082 ἴδιον
297 1036 655 1096 ἓκάστουγένους
669 1036 819 1093 πάθος
831 1037 902 1082 καὶ
918 1041 1113 1121 σημεῖον,
1127 1034 1422 1119 δυνησόμεθα
1440 1054 1535 1095 φυ-

89 1108 410 1164 σιογνωιιονεῖν.
454 1104 492 1149 εἰ
520 1102 604 1164 γάρ
634 1104 748 1149 ἐστιν
781 1104 871 1167 ἰδίᾳ
897 1105 980 1149 τινὶ
1010 1103 1121 1187 γένει
1146 1101 1354 1163 υπάρχον
1385 1101 1534 1173 άτόμῳ

88 1169 251 1228 πάθος,
282 1176 378 1216 οἱον
407 1175 500 1226 τοῖς
525 1170 707 1216 λέουσιν
726 1168 919 1230 ἀνδρεία,
944 1169 1114 1233 α’νάγκη
1135 1171 1207 1215 καὶ
1226 1176 1408 1233 σημεῖον
1425 1170 1537 1215 ειναί
1551 1183 1585 1211 15

87 1254 155 1283 τι·
194 1236 470 1298 συμπάσχειν
499 1234 581 1297 γάρ
603 1235 813 1299 άλλήλοις
830 1235 1072 1284 υπόκειται.
1108 1238 1181 1282 καὶ
1202 1237 1309 1283 εστω
1330 1241 1466 1283 τοῦτο
1482 1234 1534 1283 τὸ

88 1305 253 1365 μεγάλα
289 1302 342 1350 τὰ
384 1302 636 1367 άκρωτήρια
672 1305 800 1365 ἔχειν·
852 1302 880 1350 ὃ
916 1306 988 1350 καὶ
1034 1302 1186 1360 ἄλλοις
1213 1301 1431 1364 ὑπάρχειν
1461 1303 1534 1365 γε’-

88 1383 181 1418 νεσι
213 1369 273 1434 μὴ
310 1369 432 1427 ὅλοις
454 1371 676 1431 ἐνδέχεται.
709 1369 760 1417 τὸ
780 1368 864 1432 γάρ
893 1377 1074 1434 σημεῖον
1095 1369 1241 1427 οὕτως
1265 1371 1382 1417 ἴδιόν
1404 1371 1533 1427 ἐστιν,

91 1435 160 1484 ὅτι
189 1436 302 1484 ὅλου
328 1439 485 1500 γένους
511 1438 623 1485 ἴδιόν
637 1439 724 1484 ἐστι
753 1438 916 1494 πάθος,
946 1440 1021 1484 καὶ
1042 1437 1102 1485 οὐ
1123 1439 1271 1498 μόνου
1291 1440 1417 1495 ἴδιον,
1440 1435 1531 1484 636-
1577 1432 1581 1438 ⁶

88 1520 169 1566 περ
199 1504 416 1565 εἰώθαμεν
445 1505 595 1565 λέγειν.
646 1503 833 1564 ὑπάρξει
862 1503 918 1567 δὴ
952 1506 1025 1550 καὶ
1053 1506 1097 1551 ἐν
1126 1503 1247 1569 άλλῳ
1275 1506 1386 1567 γένει
1419 1503 1583 1551 ταῦ-90

87 1570 161 1629 τό,
211 1573 286 1618 καὶ
329 1573 446 1618 ε’σται
488 1570 688 1631 ανδρεῖος
735 1571 760 1618 6
803 1570 1043 1640 ανθρωπος
1083 1574 1157 1618 καὶ
1194 1571 1303 1619 ἄλλο
1331 1592 1370 1619 τι
1402 1576 1532 1637 ζωον.

88 1637 226 1696 ἕξει”
197 1658 283 1699 αρα
308 1637 360 1685 τὸ
392 1645 597 1701 σημεῖον·
632 1640 681 1686 ἐν
711 1658 795 1701 γαρ
824 1637 923 1696 ενὸς
948 1640 1011 1702 ἠν.
1047 1641 1085 1686 εἰ
1105 1641 1256 1686 τοίνυν
1284 1638 1408 1686 ταῦτ’
1431 1640 1533 1695 ἐστι’,

87 1707 161 1752 καὶ
197 1706 487 1768 δυνησόμεθα
518 1711 704 1752 τοιαῦτα
733 1712 891 1768 σημεῖα
922 1705 1128 1762 συλλέξαι
1159 1708 1228 1753 ἐπὶ
1249 1706 1420 1753 τούτων
1448 1710 1536 1752 τῶν

91 1772 214 1837 ζῴων
244 1771 271 1819 ἃ
304 1772 444 1832 μόνον
472 1773 521 1819 ἓν
551 1772 702 1829 πάθος
729 1774 811 1832 ἔχει
839 1791 880 1819 τι
911 1775 1039 1829 ἴδιον,
1072 1774 1255 1819 ἕκαστον
1282 1772 1321 1820 δ’
1347 1774 1429 1834 ἔχει
1449 1785 1534 1835 ση-

89 1845 225 1900 μεῖον,
258 1840 428 1898 ἐπείπερ
457 1840 506 1885 ’ἓν
532 1840 640 1900 ἔχειν
671 1838 863 1901 ἀνάγκη,
900 1839 1188 1902 δυνησόμεθα
1218 1852 1584 1901 φυσιογνωμο-25

89 1911 190 1953 νεῖν.
222 1907 260 1953 εἰ
281 1908 327 1952 δὲ
349 1906 435 1952 δύο
456 1907 537 1967 ἔχει
560 1909 650 1953 ἴδια
672 1904 779 1953 ὅλον
797 1905 847 1952 τὸ
867 1907 1004 1968 γένος,
1031 1905 1128 1953 οἷον
1149 1905 1175 1953 ὃ
1194 1907 1305 1954 λέων
1330 1906 1535 1966 άνδρεῖον

88 1975 163 2020 καὶ
185 1972 490 2034 μεταδοτικόν,
526 1978 624 2030 πῶς
641 1973 904 2036 γνωσόμεθα
924 1973 1110 2034 πότερον
1133 1975 1328 2035 ποτέρου
1352 1979 1536 2036 σημεῖον

88 2044 174 2087 τῶν
187 2042 275 2087 ἰδία
296 2039 672 2087 ἀκολουθούντων
695 2041 913 2103 σημείων,
946 2038 976 2103 ἢ
993 2043 1090 2087 εἴτε
1113 2039 1232 2087 ἄλλω
1253 2061 1314 2104 μη
1339 2039 1429 2106 ὅλῳ
1449 2041 1536 2087 τινὶ

89 2127 244 2169 αμφω,
287 2109 362 2154 καὶ
398 2108 442 2154 ἐν
469 2105 536 2164 οἷς
558 2127 618 2170 μη
644 2106 770 2165 ὅλοις
798 2108 1024 2167 ἑκάτερον,
1055 2106 1163 2155 ὅταν
1192 2106 1243 2154 vd
1274 2127 1352 2167 μεν
1377 2109 1450 2168 εχη
1480 2105 1533 2153 τό

90 2175 137 2220 δε
170 2174 258 2236 μή·
292 2175 330 2220 εἰ
354 2172 437 2235 γὰρ
466 2173 668 2235 άνδρεῖος
697 2193 775 2235 μεν
806 2176 1057 2234 ἐλευθέριος
1082 2177 1129 2222 δε
1160 2175 1235 2238 μή,
1268 2194 1351 2236 εχει
1376 2177 1423 2221 δε
1445 2178 1584 2224 τῶνειο

89 2239 178 2287 δύο
208 2241 330 2298 τοδί,
364 2243 501 2304 δῆλον
523 2238 589 2288 ὅτι
612 2243 686 2288 καὶ
706 2242 775 2288 ἐπὶ
794 2246 879 2288 τοῦ
897 2243 1078 2300 λέοντος
1095 2247 1233 2289 τοῦτο
1257 2247 1438 2305 σημεῖον
1456 2245 1536 2304 τῆς

181 2464 387 2498 ὃτοιοῦτον
409 2463 444 2495 C.
457 2482 498 2489 —
525 2463 548 2496 4
569 2465 700 2521 σημεῖα
720 2464 757 2497 C.
777 2484 818 2490 —-
842 2462 884 2502 τὸ
910 2466 946 2499 C.
959 2483 1006 2491 ——
1028 2467 1050 2500 5
1071 2466 1148 2509 καὶ]
1167 2461 1188 2500 ὃ
1207 2466 1239 2499 d.
1262 2482 1306 2490 —
1330 2462 1374 2498 τὸ
1395 2476 1450 2497 om
1471 2464 1536 2497 Bu.

91 2527 136 2534 —
153 2510 176 2542 8
194 2506 269 2543 ἐστὶ
290 2507 429 2550 φυσικὰ
450 2509 485 2541 C.
499 2528 545 2534 —
570 2509 620 2540 θ’
609 2510 695 2547 ι’σως
715 2521 772 2548 τις
788 2508 969 2552 μουσικὴν
991 2512 1026 2544 C.
1040 2530 1084 2537 —
1110 2513 1152 2545 10
1169 2509 1229 2552 τὸ]
1250 2522 1284 2543 τι
1303 2509 1337 2542 ἀ.
1351 2529 1391 2534 —-
1415 2510 1538 2543 12611-

91 2552 241 2596 νάμεθα
263 2555 361 2587 Rum.
390 2573 429 2579 -
456 2554 580 2597 λαβεῖν
600 2554 632 2585 d·
660 2574 702 2579 —
742 2555 780 2587 13
798 2554 924 2594 πάθος
941 2568 978 2589 τε
996 2557 1058 2590 καὶ
1078 2569 1111 2589 n.
1136 2575 1182 2581 —
1214 2554 1457 2608 δυνησόμεθα
1474 2553 1538 2589 καὶ

93 2602 411 2652 φυσιογνωμονεῖν
432 2599 468 2631 C.
495 2618 539 2624 —-
568 2600 606 2631 15
627 2594 761 2652 ἀνδρία
786 2601 822 2632 C
847 2619 892 2626 —
918 2609 1000 2643 post
1022 2601 1083 2635 καὶ
1104 2601 1159 2632 del
1179 2599 1220 2634 τὸ
1239 2612 1274 2632 π.
1297 2619 1343 2625 —-
1368 2601 1408 2633 17
1428 2597 1537 2644 οἷκρο·

93 2642 202 2688 τήρια
220 2656 254 2676 η.
281 2663 324 2670 -—
364 2645 403 2678 19
428 2642 467 2677 τὸ
490 2652 577 2676 ante
589 2643 714 2681 πάθος
730 2645 784 2676 adi
803 2646 849 2686 C,
883 2646 938 2677 del
956 2658 989 2679 π
1015 2665 1058 2671 -
1084 2647 1128 2679 20
1144 2643 1182 2679 ἐν
1201 2657 1255 2678 om
1282 2645 1318 2677 C.
1343 2663 1389 2670 —
1413 2647 1538 2686 τοῦτο,

94 2690 442 2724 nalem—2310&
461 2702 543 2722 ron.
562 2685 699 2722 —2452
718 2689 780 2723 καὶ
798 2690 914 2732 μόνον
933 2689 1184 2725 0-2532122
1211 2690 1330 2735 γὰρᾶ.
1342 2687 1435 2725 -ἓν
1453 2702 1537 2724 rcn.

95 2753 141 2759 —
164 2734 210 2766 28
230 2734 317 2768 εἴτε
338 2737 443 2777 οῐῐιΥ.
466 2754 512 2760 -
536 2746 575 2768 τε
597 2747 652 2767 om
673 2736 734 2778 Cn,
761 2735 818 2767 del
834 2746 878 2769 m.
904 2753 948 2759 —
972 2735 1045 2770 τινὶ
1063 2733 1113 2779 μὴ
1129 2731 1201 2782 ὅλῳ
1222 2737 1282 2769 Cn.
1307 2753 1352 2761 -
1374 2736 1419 2769 30
1437 2735 1514 2773 εἰ..

96 2776 137 2813 δε
154 2775 207 2823 μή
224 2791 261 2812 rc
282 2791 386 2824 supra
406 2792 444 2813 vs
467 2781 551 2815 Bcu.
576 2798 622 2804 -
653 2781 695 2814 31
714 2782 867 2824 σημεῖον
881 2779 993 2816 τοῦτο
1014 2780 1170 2828 ἀνδρίας
1178 2770 1300 2818 ἐστίν.
1334 2779 1409 2816 ἔστι
1433 2781 1469 2815 G.
