1780 3100
213 174 291 212 ⁴102
720 175 969 219 Analytica
999 174 1166 218 priona.

267 267 346 309 δὸν
371 269 429 318 ὡς
455 269 586 311 εἰπεῖν
612 269 662 310 τὰ
688 267 862 321 μέγιστα
886 271 1005 310 ταῦτ’
1033 267 1155 311 ἐστίν.
1220 271 1333 321 Quod
1370 271 1466 310 dicit
1494 273 1690 312 1323034

269 329 408 384 ὥσπερ
437 333 587 380 πάντες
615 331 669 372 ἂν
695 333 1010 385 συγχωρήσειαν
1036 337 1139 372 idem
1169 340 1230 373 est
1253 334 1354 385 quod
1376 332 1524 386 σχεδὸν
1543 334 1693 382 πάντες

268 392 324 435 ἂν
351 403 390 435 σ.
445 397 621 435 Similem
658 409 771 435 usum
811 398 918 435 vocis
954 396 1152 444 πολλάκις
1188 400 1355 435 198825
1391 399 1537 436 notavit
1564 399 1693 436 Ritter

268 458 450 503 (Gescha
468 459 504 495 d.
534 458 637 496 Phil.
661 458 726 498 Ill.
757 472 799 510 pt
829 461 903 497 165
932 466 1057 509 nom,
1095 461 1160 510 qui
1197 462 1265 507 (ib.
1298 475 1335 511 p.
1364 463 1461 506 200)
1501 461 1692 499 Aristote-

267 521 343 559 lem
391 521 664 570 reprehendit,
715 523 819 572 quod
856 523 1099 561 confidenter
1143 524 1344 561 enuntiare
1398 535 1517 573 saepe
1557 522 1692 560 nolue-

269 583 318 621 rit
357 583 428 628 (cf.
460 595 562 632 quae
591 583 765 622 dicemus
794 585 840 621 sd
869 586 1009 630 49a5)
1048 598 1149 635 quae
1184 587 1257 636 ipsi
1291 586 1449 624 minime
1486 585 1602 622 dubia
1636 585 1691 622 vi-

267 646 469 693 derentur,
506 645 575 682 sed
605 646 835 685 certissima.
899 647 1056 687 Utinam
1084 649 1242 687 caderet
1270 648 1309 686 in
1336 651 1490 686 nostros
1518 647 1690 698 philoso-

268 707 368 757 phos
397 707 495 745 haec
523 708 799 757 reprehensio!

327 808 424 861 Cap.
453 809 514 848 13.
569 810 771 863 Definitio
797 814 875 852 τοῦ
897 810 1136 863 ἐνδέχεσθαι.
1150 813 1396 864 proponitur
1417 816 1457 850 et
1477 813 1692 863 confirma-

215 877 294 910 tur.
328 874 380 923 29
395 873 461 910 De
482 875 744 912 conversione
759 877 1081 928 propositionum
1095 875 1358 926 possibilium.
1395 875 1455 913 b4
1476 874 1570 912 Duo
1584 872 1697 912 modi

215 936 295 974 τοῦ
324 930 576 986 ἐνδέχεσθαι,
608 938 654 971 13
682 949 849 988 quoram
876 950 1006 990 neque
1034 938 1240 976 conversio
1269 936 1412 975 eadem
1439 942 1523 984 est,
1551 938 1601 975 18
1622 948 1693 974 ne-

217 1009 296 1048 que
331 998 492 1035 utilitas
526 1009 647 1049 quam
684 998 833 1037 habent
872 1001 915 1037 in
951 1001 1140 1039 scientia.
1210 1001 1259 1037 25
1295 999 1525 1052 Praeparat
1565 1011 1695 1051 quae-

216 1059 389 1096 stionem
417 1058 470 1097 de
495 1060 737 1110 syllogismis
758 1063 1016 1113 possibilibus
1041 1061 1352 1103 instituendam.

217 1145 364 1181 3221?
404 1143 514 1181 Solet
541 1143 772 1184 Aristoteles
811 1147 981 1185 breviter
1015 1147 1198 1196 repetitis
1236 1146 1285 1183 iis
1314 1157 1411 1195 quae
1437 1142 1694 1196 pertractavit

268 1218 490 1257 proponere
517 1208 796 1256 quaestionem,
825 1210 876 1248 de
903 1223 976 1260 qua
1004 1210 1273 1259 disputaturus
1300 1213 1383 1246 ent:
1413 1207 1514 1257 quod
1535 1206 1694 1256 quidem

267 1269 367 1306 facit
395 1282 468 1319 per
493 1270 726 1308 adiectivum
755 1272 910 1310 verbale
946 1269 1139 1322 ληπτέον,
1175 1269 1372 1311 σκεπτέον
1398 1271 1445 1308 al.
1473 1266 1695 1307 huiusmodi

270 1331 331 1368 vel
359 1343 431 1380 per
458 1333 620 1370 modum
646 1334 944 1372 coniunctivum.
1013 1334 1080 1372 Sic
1107 1348 1141 1372 e.
1171 1348 1206 1386 g.
1236 1335 1445 1381 1290b23,
1487 1330 1693 1378 1294232,

270 1395 464 1431 1366023
493 1391 690 1446 λέγωμεν,
720 1397 885 1434 1373ὺ1
918 1394 1128 1447 διέλωμεν.
1182 1397 1333 1434 Tamen
1359 1400 1494 1434 nostro
1522 1394 1608 1432 loco
1634 1394 1693 1431 in-

270 1456 480 1494 dicativum
516 1455 691 1508 λὲγομεν
729 1459 984 1508 praetulimus
1021 1466 1063 1498 ut
1099 1459 1386 1498 difficiliorem:
1431 1469 1560 1507 neque
1589 1455 1693 1493 enim

269 1518 411 1556 desunt
448 1519 602 1556 similia·
625 1520 801 1568 exempla
837 1523 939 1570 apud
969 1522 1234 1567 Aristotelem,
1274 1534 1308 1560 v.
1339 1521 1474 1558 10051»
1491 1521 1539 1556 19
1566 1516 1628 1564 τίς
1654 1515 1692 1557 δ’

268 1578 380 1620 ἔστιν
407 1578 512 1631 αὕτη
539 1579 642 1631 μετὰ
667 1584 801 1620 ταῦτα
828 1580 1014 1632 λέγομεν.
1077 1585 1193 1622 2137
1223 1581 1337 1628 ὅπως
1363 1580 1408 1621 δὲ
1435 1579 1594 1630 θετέον,
1630 1578 1694 1620 λέ-

263 1655 399 1694 ,γομεν
425 1645 522 1684 νῦν.
577 1644 674 1682 Item
704 1645 940 1682 servavimus
967 1638 1142 1696 λέγομεν
1169 1648 1313 1684 32b4:
1347 1646 1444 1683 dicit
1472 1645 1576 1683 enim
1601 1644 1691 1682 hoc.

266 1706 345 1744 lam
373 1718 466 1743 vero
494 1706 591 1743 duos
620 1707 757 1744 modos
787 1707 1072 1758 distinguimus,
1112 1709 1253 1757 quibus
1281 1708 1425 1745 dicitur
1459 1705 1506 1746 τὸ
1541 1703 1694 1758 ἐνδέχε-

273 1770 389 1816 σθαι,
426 1767 478 1806 cf.
507 1770 653 1806 315b2
681 1769 777 1807 οὔτε
798 1767 884 1819 ’γὰρ
910 1768 1004 1819 περὶ
1043 1769 1252 1822 αὐξήσεως
1279 1768 1418 1816 οὐδεὶς
1443 1768 1569 1809 οὐδὲν
1598 1767 1694 1808 διώ-

270 1840 400 1881 ρισεν,
430 1827 569 1880 ὥσπερ
592 1827 780 1881 λέγομεν,
809 1829 833 1870 ὅ
848 1845 886 1871 τι
911 1830 968 1884 μὴ
988 1831 1068 1872 κᾶν
1084 1832 1108 1873 ὁ
1124 1830 1262 1885 τυχὼν
1279 1832 1440 1872 εἴπειεν.
1492 1833 1559 1871 Sic
1577 1833 1694 1871 etiam

268 1895 429 1932 321124.
483 1893 597 1932 Nunc
625 1899 754 1932 autem
784 1896 962 1944 quaestio
991 1897 1041 1934 de
1069 1909 1116 1935 eo
1143 1901 1217 1945 est,
1256 1897 1408 1946 quando
1436 1896 1505 1934 fiat
1532 1900 1573 1934 et
1600 1908 1694 1946 qua-

269 1957 317 1994 lis
348 1956 597 2005 syllogismus
612 1982 620 1991 .
636 1983 667 1992 ..

217 2020 364 2059 32220
399 2017 447 2056 τὸ
474 2016 555 2068 γὰρ
583 2016 818 2068 ἀναγκαῖον
839 2045 847 2055 .
871 2048 880 2058 .
901 2048 910 2058 .
963 2020 1063 2058 Nam
1103 2020 1207 2071 quod
1244 2021 1504 2059 necessarium
1543 2022 1617 2068 est,
1654 2019 1693 2057 id

267 2082 451 2132 ambigue
478 2082 619 2119 dicitur
646 2082 733 2119 fieri
760 2094 898 2132 posse:
938 2083 1109 2121 dubitari
1138 2084 1239 2121 enim
1266 2084 1415 2132 nequit,
1452 2083 1541 2141 quin
1569 2083 1695 2133 possit

266 2145 366 2182 fieri.
418 2141 655 2193 ὁμωνύμως
681 2143 973 2192 intelligendum
1001 2150 1063 2183 est
1099 2146 1149 2183 de
1176 2146 1321 2196 duplici
1349 2158 1466 2184 sensu
1493 2146 1602 2184 verbi
1629 2142 1694 2184 ἓν·

270 2203 487 2257 δέχεσθαιε
528 2219 615 2244 nam
653 2203 889 2256 ὁμωνύμως
925 2208 1050 2259 magis
1088 2207 1340 2246 referendum
1367 2212 1428 2246 est
1461 2207 1511 2246 ad
1538 2205 1694 2259 ἐνδέχε-

269 2272 372 2309 σθαι
409 2283 523 2319 quam
560 2270 608 2307 ad
646 2268 879 2320 ἀναγκαῖον
917 2271 1021 2320 quod
1061 2271 1282 2321 praecedit:
1323 2283 1443 2320 quare
1470 2271 1557 2308 Zell
1584 2276 1695 2310 recte
1758 2291 1761 2294 ⁴

269 2333 397 2371 locum
427 2332 629 2382 explicans
656 2334 773 2371 vertit
807 2329 959 2382 „Weun
998 2345 1087 2371 man
1121 2334 1221 2371 auch
1259 2345 1333 2370 von
1362 2333 1451 2370 dem
1480 2333 1693 2370 Nothwen-

270 2396 386 2444 digen
413 2400 513 2444 sagt,
542 2394 627 2432 dass
656 2408 699 2433 es
727 2396 898 2446 moglich
924 2397 988 2443 ist,
1016 2408 1061 2434 so
1088 2397 1138 2433 ist
1167 2396 1349 2434 letzteres
1379 2395 1493 2433 Wort
1519 2407 1592 2432 nur
1619 2395 1692 2433 ho-

269 2457 515 2507 monymisch
533 2457 801 2518 3ebrnucht'ffi
867 2458 970 2506 Quid
1008 2463 1070 2497 est
1105 2464 1235 2496 autem
1264 2457 1366 2507 quod
1395 2458 1468 2495 sibi
1495 2457 1576 2495 vult
1603 2471 1693 2509 par-

269 2521 390 2558 ticula
418 2518 530 2571 7029?
582 2519 685 2558 Dicit
709 2522 797 2559 hoc.
853 2520 1048 2559 Vocamus
1077 2518 1348 2572 ἐνδεχόμενον
1375 2520 1478 2570 quod
1505 2521 1692 2559 sumimus

270 2595 360 2620 esse
398 2584 593 2621 nobismet
631 2583 705 2633 ipsi
745 2596 820 2622 non
853 2585 1189 2623 contradicentes:
1228 2578 1435 2622 definimus
1475 2583 1578 2619 enim
1615 2582 1693 2621 hoc

271 2643 359 2682 loco
386 2658 462 2684 non
490 2645 592 2694 quod
621 2646 815 2698 ambigue,
844 2647 914 2685 sed
931 2648 1034 2696 quod
1056 2648 1214 2698 proprie
1231 2646 1378 2684 dicitur
1399 2640 1692 2696 ἐνδεχόμενον;

271 2717 394 2755 quare
419 2707 467 2746 τὸ
492 2705 741 2759 ἀναγκαῖον,
779 2709 882 2759 quod
908 2709 996 2748 fieri
1023 2722 1140 2760 posse
1167 2708 1345 2758 ambigue
1372 2708 1526 2758 dicitur,
1554 2708 1693 2748 defini-

269 2767 376 2807 tione
402 2781 518 2819 quam
544 2772 726 2811 dedimus
753 2783 829 2811 non
858 2771 1265 2822 comprehendendum
1297 2775 1373 2812 est.
