1780 3100
211 217 292 257 88⁰
730 219 992 265 Analytica
1013 219 1180 264 priora.

265 319 372 365 sunt,
409 319 453 355 ut
489 316 566 355 iam
603 317 642 355 in
670 316 821 368 singula
849 317 1023 355 membra
1052 317 1280 368 digeruntur
1307 318 1408 366 qnae
1435 316 1578 367 cuique
1605 322 1693 370 apta

265 379 357 427 sint,
396 379 449 419 cf.
479 381 624 416 469a1
662 378 710 419 τὸ
739 373 842 430 αἷμα
868 381 957 427 τοῖς
993 378 1178 430 ἐναίμοις
1205 377 1289 418 ἐστὶ
1313 378 1528 419 τελευταία
1553 379 1694 432 τροφή

265 441 356 480 con.
384 442 571 479 7261111.
633 441 784 481 Eodem
825 456 942 482 sensu
979 444 1124 482 dicitur
1159 441 1314 493 ὑστάτη
1340 442 1479 494 τροφή
1507 446 1694 489 72821‘20,

265 516 288 541 a
315 517 390 553 qua
428 516 503 541 non
541 505 735 543 diversum
777 510 838 544 est
875 506 976 556 quod
1014 507 1158 545 dicitur
1183 506 1327 557 πρώτη
1354 505 1492 558 τροφή
1520 507 1694 544 744b14

266 563 314 606 ἐκ
353 567 426 618 τῆς
461 564 720 619 πεπεμμένης
757 565 828 608 καὶ
864 569 1168 620 καθαρωτάτης
1204 568 1276 609 καὶ
1310 569 1476 620 πρώτης
1512 569 1694 620 τροφῆςι

265 641 353 667 nam
384 642 484 680 quae
511 630 648 669 ultima
677 630 853 670 fiunt‘ex
882 633 978 671 cibis
1009 633 1199 671 consectis
1222 646 1295 685 per
1315 634 1620 680 concoctionem,
1648 644 1696 669 ea

264 692 392 743 prima
430 698 520 731 sunt
555 694 693 743 quibus
732 694 883 733 alimur.
952 694 1136 732 Colorem
1174 699 1290 733 vocat
1327 697 1498 733 439a28
1533 696 1612 734 τοῦ
1648 691 1695 733 ἐν

265 755 356 801 τοῖς
395 753 556 806 σώμασι
595 755 832 807 διαφανοῦς
868 753 916 796 τὸ
955 755 1153 808 ἔσχατον
1193 758 1310 795 finem
1351 758 1539 795 materiae
1566 757 1694 807 pellu-

266 817 378 856 cidae
405 831 480 868 qua
509 831 673 869 corpora
702 820 942 858 circumdata
971 821 1062 863 sint,
1092 819 1143 857 cf.
1174 820 1341 856 418831
1368 821 1454 858 πᾶν
1478 816 1524 858 δὲ
1550 819 1695 870 χρῶμα

264 880 482 931 κινητικόν
511 878 595 920 ἐστι
622 884 702 920 τοῦ
733 880 822 920 κατ’
852 879 1066 958 ἐνέργειαν
1092 880 1332 931 διαφανοῦς
1357 880 1428 921 καὶ
1447 881 1560 921 τοῦτ’
1584 880 1695 922 ἔστιν

264 943 399 983 αὐτοῦ
427 942 456 995 ἦ
491 943 629 993 φύσις.
694 946 864 982 4192213
900 944 947 984 τὸ
975 942 1052 995 μὲν
1079 944 1225 995 χρῶμα
1258 946 1369 984 κινεῖ
1401 944 1448 985 τὸ
1477 942 1693 996 διαφανὲς,

267 1001 363 1046 οἷον
388 1004 464 1045 τὸν
491 1005 607 1057 άέρα,
649 1005 733 1046 ὑπὸ
769 1006 925 1047 τούτου
964 1006 1009 1047 δὲ
1047 1010 1251 1059 συνεχοῦς
1288 1008 1412 1054 ὄντος
1446 1010 1620 1051 κινεῖται
1645 1008 1693 1047 τὸ

264 1068 557 1121 αἰσθητήριον.
626 1070 746 1108 Color
784 1071 905 1121 igitur
933 1085 1048 1122 quum
1077 1073 1129 1108 sit
1156 1068 1262 1122 α’ρχὴ
1289 1073 1363 1123 τῆς
1388 1071 1590 1123 κινήσεως
1615 1073 1694 1111 τοῦ

263 1132 505 1183 διαφανοῦς
533 1133 747 1171 secundum
777 1134 1048 1182 Aristotelem,
1084 1141 1249 1185 apparet
1283 1147 1360 1184 quo
1397 1147 1514 1173 sensu
1542 1136 1695 1173 dicatur

262 1195 311 1237 τὸ
339 1196 515 1248 ἔσχατον
542 1198 619 1235 τοῦ
648 1195 900 1246 διαφανοῦς.

212 1261 357 1300 25b35
385 1257 456 1300 καὶ
482 1260 583 1298 ἄλλο
611 1255 657 1297 ἐν
683 1258 831 1310 τούτῳ.
897 1258 1166 1308 Negligentius
1194 1259 1283 1306 hoc,
1322 1271 1438 1309 quum
1467 1259 1500 1297 si
1528 1260 1695 1298 dixisset

263 1321 336 1364 καὶ
363 1319 410 1362 ἐν
436 1314 470 1375 ᾧ
498 1323 614 1370 ἄλλο,
644 1322 714 1360 sed
745 1322 909 1360 clarius:
949 1321 1157 1359 dicendum
1186 1325 1271 1359 erat
1306 1319 1377 1360 καὶ
1403 1318 1449 1361 ἐν
1475 1312 1508 1373 ᾧ
1534 1321 1582 1360 τὸ
1609 1320 1694 1373 τρί-

261 1399 361 1433 τους
389 1387 460 1425 sed
489 1387 563 1424 ista
592 1385 834 1424 constructio
864 1384 959 1421 satis
988 1383 1176 1433 frequens
1205 1389 1266 1422 est
1294 1385 1397 1434 apud
1427 1386 1694 1433 Aristotelem,

263 1463 301 1489 v.
335 1446 491 1488 ‘81b39
530 1447 554 1487 ὃ
591 1445 738 1499 μηδενὶ
774 1445 948 1497 ὑπάρχει
984 1443 1107 1497 ἑτέρῳ
1146 1444 1234 1485 ἀλλ’
1277 1447 1379 1486 ἄλλο
1423 1444 1566 1499 ἐκείνῳ
1605 1448 1694 1488 coll.

262 1515 396 1559 82⁸1,
424 1512 500 1556 bl,
521 1513 559 1550 3.
611 1512 761 1549 990a4
799 1505 904 1549 ὅσον
938 1508 1143 1560 αἰσθητόν
1170 1506 1256 1548 ἐστι
1280 1507 1351 1548 καὶ
1377 1510 1644 1562 περιείληφεν
1670 1510 1696 1551 ὁ

264 1573 526 1624 καλούμενος
564 1572 757 1624 οὐρανός.
826 1575 969 1611 69437
1007 1565 1071 1619 οἷς
1105 1570 1129 1611 ὁ
1166 1572 1258 1623 βίος
1294 1571 1469 1623 ἐπίγειος
1504 1573 1575 1613 καὶ
1609 1572 1696 1614 ἔστι

262 1637 522 1689 καρποφάγα
558 1635 584 1688 ἢ
623 1634 768 1676 πλωτὰ
806 1633 875 1675 καὶ
913 1633 1007 1686 περὶ
1043 1634 1160 1687 ὕδωρ
1189 1635 1470 1687 βιοτεύουσιν.
1526 1639 1694 1675 113Ιῖ34

263 1700 371 1753 λέγω
413 1698 458 1741 δὲ
493 1694 595 1747 τοὺς
630 1698 955 1749 συνδυασμούς,
994 1692 1070 1744 οὓς
1108 1697 1171 1738 δεῖ
1205 1696 1283 1750 μὲν
1320 1696 1580 1749 ἐπισκοπεῖν,
1615 1699 1694 1740 οὐκ

266 1762 511 1816 ἐσκεμμένοι
540 1763 578 1803 δ’
607 1761 685 1803 εἰσὶ
710 1765 805 1803 νῦν.
876 1763 1010 1801 1450b
1023 1764 1071 1800 31
1100 1759 1229 1812 μέσον
1256 1759 1301 1801 δὲ
1328 1762 1351 1801 ὃ
1379 1761 1449 1802 καὶ
1477 1760 1580 1802 αὐτὸ
1608 1764 1694 1813 μετ’

264 1831 366 1870 ἄλλο
393 1826 465 1868 καὶ
492 1829 578 1878 μετ’
607 1825 740 1868 ἐκεῖνο
769 1824 922 1875 ἕτερον.
976 1827 1148 1864 494a17
1174 1828 1251 1865 τοῦ
1277 1822 1322 1865 δὲ
1348 1824 1479 1872 ποδὸς
1507 1823 1622 1873 ὅσοις
1647 1825 1695 1867 τὸ

263 1890 382 1940 ἐντὸς
408 1885 521 1943 παχὺ
549 1889 620 1931 καὶ
646 1889 704 1941 μὴ
731 1891 890 1938 κοῖλον,
926 1886 1029 1939 άλλὰ
1057 1887 1282 1940 βαίνουσιν
1308 1887 1405 1942 ὅλῳ,
1441 1880 1696 1940 πανοῦργοι.

263 1958 435 1996 ’108α24
464 1950 543 1995 ὅσα
571 1953 617 1994 δὲ
643 1956 792 2006 χρῆται
818 1951 895 2003 μὲν
922 1949 1037 1990 ἄλσει
1062 1952 1119 2003 μή
1146 1949 1231 1991 ε’στι
1259 1951 1298 1991 δ’
1319 1952 1462 1998 αὐτοῖς
1485 1951 1695 2004 αὐτάρκης

256 2017 373 2070 αὕτη
400 2017 429 2071 ἦ
452 2017 627 2068 κίνησις.
656 2039 705 2047 -
750 2016 821 2055 Vs.
847 2018 898 2052 36
925 2013 978 2054 τὸ
999 2014 1252 2064 referendum
1280 2028 1370 2054 esse
1390 2016 1439 2053 ad
1460 2015 1523 2064 ὄν,
1550 2028 1627 2054 non
1645 2017 1694 2055 ad

264 2081 383 2127 αὐτό,
411 2082 475 2120 vix
504 2087 565 2120 est
592 2080 696 2130 quod
722 2091 964 2118 moneamus.

210 2148 359 2188 251237
395 2145 503 2183 ordo
539 2145 816 2191 terminorum,
861 2155 937 2193 quo
974 2140 1209 2179 Aristoteles
1244 2141 1391 2188 utitur,
1437 2144 1598 2180 naturae
1633 2141 1695 2180 rei

264 2211 382 2261 longe
408 2208 537 2258 aptior
566 2211 627 2245 est
656 2219 773 2256 quam
809 2218 886 2254 quo
921 2217 992 2242 nos
1021 2205 1078 2242 uti
1115 2204 1308 2241 solemus:
1346 2204 1404 2242 vis
1440 2204 1541 2242 enim
1579 2217 1694 2254 quam

264 2272 387 2312 habet
414 2270 566 2310 medius
595 2269 800 2316 terminus,
828 2269 975 2319 quippe
1004 2268 1069 2317 qui
1095 2268 1227 2317 iungat
1246 2271 1435 2314 extrema,
1462 2279 1538 2305 non
1567 2267 1693 2305 solum

263 2335 432 2382 nomine,
462 2334 532 2371 sed
562 2333 682 2370 etiam
712 2331 970 2370 collocatione
997 2329 1230 2369 declaranda
1259 2333 1331 2367 est.

441 2401 559 2434 Omne
578 2400 609 2432 B
635 2402 688 2432 est
709 2399 740 2432 A
1178 2394 1220 2429 τὸ
1244 2399 1272 2430 Α
1294 2392 1388 2430 κατὰ
1411 2392 1548 2433 παντὸς
1570 2395 1640 2429 τοῦ
1664 2397 1694 2429 Β

273 2458 364 2493 Noe:
441 2456 555 2489 Omne
582 2456 609 2488 C
634 2458 688 2488 est
709 2454 740 2487 B
879 2453 1101 2487 Aristoteles:
1177 2448 1218 2485 τὸ
1244 2454 1272 2484 Β
1294 2447 1387 2484 κατὰ
1411 2446 1548 2489 παντὸς
1571 2450 1640 2483 τοῦ
1664 2452 1699 2483 Γ

443 2518 557 2551 Omne
580 2517 608 2549 C
633 2519 684 2549 est
706 2516 736 2548 A
794 2557 798 2559 Y
831 2547 834 2550 ,
1177 2511 1218 2546 τὸ
1239 2515 1267 2547 Α
1290 2501 1383 2545 καῖἁ
1408 2510 1548 2553 παντὸς
1570 2511 1637 2544 τοῦ
1652 2514 1692 2544 Γ.

266 2584 383 2635 Quod
412 2598 532 2635 quum
552 2583 701 2621 viderit
730 2581 941 2633 Appuleius
969 2581 1009 2618 in
1041 2581 1145 2619 hunc
1173 2590 1345 2618 errorem
1374 2590 1418 2625 se
1443 2567 1574 2615 induci
1601 2589 1692 2628 pas—

265 2660 334 2687 sus
372 2653 453 2695 est,
494 2652 540 2685 ut
575 2646 887 2698 propositionum
925 2645 1100 2683 ordinem
1137 2641 1418 2681 immutaverit:
1465 2639 1556 2677 dicit
1591 2639 1692 2677 enim

264 2712 363 2757 (658
400 2711 465 2749 ed.
501 2710 630 2755 Flor.)
670 2709 839 2747 eundem
872 2707 1139 2784 syllogismum
1176 2716 1297 2755 quem
1333 2703 1450 2742 modo
1482 2701 1692 2754 proposui-

207 2823 209 2825 ,
261 2784 351 2813 mus
378 2778 488 2813 retro
516 2773 636 2813 talem
665 2784 776 2811 esse.
