1780 3112
433 185 497 220 De
529 185 772 220 codicibus
804 185 992 231 graecis
1025 184 1216 230 organi.
1527 187 1555 226 3

102 288 167 319 eet.
214 284 295 319 Fol.
321 283 389 318 136
414 287 495 328 cat„
522 284 585 318 fol.
612 283 680 318 143
701 283 766 318 lib.
790 284 835 317 de
859 283 947 328 intp.
982 283 1106 318 Pauca
1124 284 1304 328 quaedam
1323 285 1466 319 scholia
1482 286 1551 320 ha-

99 341 198 375 bent.
244 342 299 375 De
330 340 477 385 reliquis
501 352 595 384 quae
620 340 736 374 insunt
770 340 818 374 cf.
844 342 952 375 catal.
993 341 1201 386 Metaphys.
1226 340 1335 375 huius
1362 342 1441 377 cod.
1466 354 1551 377 con-

100 397 181 432 tulit
203 397 359 431 Bekker.

189 454 327 487 Marc.
351 452 437 492 599
461 453 585 487 bomb.
610 450 645 487 4.
669 451 755 486 min.
782 462 879 486 saec.
904 454 978 489 XV.
1026 454 1112 487 Post
1142 453 1388 500 Hermogenis
1419 455 1550 490 rheto-

98 509 214 544 ricam
237 511 284 544 ab
308 510 409 544 initio
431 510 596 544 mutilam
621 510 800 542 habentur
824 511 986 555 lsagoge
1013 513 1049 543 et
1073 511 1200 555 Categ.
1222 522 1304 544 cum
1329 515 1552 545 commenta—

98 566 175 608 rio,
208 567 310 600 cuius
343 567 483 600 initium
513 566 655 599 videtur
688 566 823 601 deesse.
883 568 1077 600 Auctorem
1111 566 1186 600 eius
1217 578 1296 600 esse
1319 568 1551 602 Ammonium

99 622 278 656 nonnullis
302 623 391 656 locis
425 622 566 656 collatis
599 628 823 666 compertum
855 623 988 656 habeo.
1046 623 1251 666 Sequuntur
1274 623 1426 657 navidis
1449 635 1551 658 com·-

97 678 288 719 mentarii,
313 679 440 722 quibus
464 690 550 712 usus
582 684 635 712 est
658 679 822 722 Brandis,
848 683 884 713 et
906 680 1020 713 Mich.
1046 680 1154 713 Pselli
1179 680 1371 724 explicatio
1396 680 1481 714 libri
1505 681 1550 715 de

97 734 185 779 intp.
242 735 315 769 Per
345 736 485 769 librarii
509 747 670 769 errorem
694 735 783 769 folia
809 735 859 768 ita
885 735 1059 779 disposita
1093 740 1194 778 sunt,
1228 740 1267 770 ut
1296 737 1371 782 legi
1405 737 1550 770 omnino

95 795 287 835 nequeant,
310 792 379 825 nisi
403 793 483 836 quis
501 793 701 836 susceperit
723 793 871 836 longum
893 792 1079 826 ordinandi
1100 793 1276 835 laborem,
1304 793 1367 836 qui
1388 804 1430 826 eo
1449 793 1551 827 diffi—

95 847 199 882 cilior
213 848 291 891 erit,
316 850 411 892 quod
433 849 709 883 commentarius
729 848 883 893 singulis
894 853 1089 894 *contextus
1105 848 1270 892 partibus
1282 849 1467 883 subiectus
1483 853 1549 884 est.

184 905 319 938 Marc.
343 905 424 939 604
450 907 566 939 chart.
592 905 624 938 4.
672 906 823 939 Librum
849 905 1008 948 quintum
1033 905 1255 949 Topicorum
1287 909 1323 940 et
1356 907 1449 940 sexti
1479 906 1549 940 ini-

93 960 183 994 tium
207 962 330 995 habet.
377 962 431 995 De
454 961 604 1005 reliquis
628 972 720 1005 quae
745 962 779 995 in
803 962 873 995 hoc
900 963 977 995 cod,
1005 961 1123 995 insunt
1146 962 1194 995 cf.
1220 964 1328 996 catal.

183 1018 324 1051 Marc.
348 1018 452 1061 App.
478 1019 552 1060 lv,
576 1016 599 1051 5
622 1019 775 1051 membr.
800 1018 833 1051 4.
860 1019 1077 1052 charactere
1108 1018 1195 1052 satis
1218 1029 1356 1064 magno
1381 1018 1548 1062 scriptus,

92 1073 192 1107 haud
214 1077 368 1118 angusto
392 1075 484 1108 inter
506 1073 670 1118 singulos
692 1086 816 1108 versus
840 1074 957 1119 spatio
981 1074 1120 1108 relicto.
1174 1074 1216 1108 In
1239 1075 1333 1120 Top.
1361 1078 1396 1109 et
1418 1085 1548 1108 versus

91 1134 129 1164 et
152 1130 294 1164 litterae
318 1131 438 1175 magis
464 1131 735 1164 contrahuntur.
783 1131 934 1171 Scholia
958 1142 1026 1164 non
1050 1130 1188 1172 insunt,
1222 1132 1287 1165 sed
1310 1131 1547 1176 syllogismo-

91 1198 174 1220 rum
211 1186 419 1232 figur-aeia
451 1187 616 1231 margine
653 1187 869 1231 adscriptae.
919 1188 1006 1220 Post
1030 1187 1228 1231 Porphyrii
1258 1187 1444 1233 Isagogen
1478 1187 1547 1220 inc.

91 1254 270 1288 organum
285 1243 348 1277 fol.
364 1243 417 1277 16.
454 1243 494 1276 ln
513 1243 586 1276 fine
599 1243 751 1288 legitur:
777 1243 983 1278 τετέλεσται
1003 1241 1072 1276 σὺν
1087 1243 1167 1288 θεῷ
1186 1239 1207 1286 ἡ
1227 1242 1352 1286 λογικὴ
1371 1255 1548 1288 πραγμα-

89 1304 172 1335 τεία
187 1300 256 1335 τοῦ
283 1298 548 1345 Ἀριστοτέλους
575 1299 664 1343 μηνὶ
687 1300 876 1335 &aalma
902 1299 1027 1343 τρίτης
1051 1297 1124 1333 ἔτει
1145 1296 1215 1344 ‘sm'
1235 1299 1389 1346 εἰκοστῷ
1410 1296 1548 1344 ὀγδόῳ.

91 1356 243 1390 Recenti
269 1367 378 1390 manu
409 1357 591 1390 adiectum
616 1360 670 1390 est
702 1368 820 1399 „anno
855 1356 981 1390 mundi
1003 1355 1109 1395 6828,
1134 1355 1270 1389 Christi
1304 1367 1397 1389 anno
1423 1355 1548 1390 132⁰!

93 1413 282 1458 organum
318 1413 500 1458 integrum
531 1412 636 1445 inest.
691 1413 843 1447 Scholia
875 1413 911 1446 in
945 1423 1065 1458 marg.
1098 1412 1182 1445 libri
1208 1412 1304 1446 tertii
1328 1413 1551 1457 Topicorum

91 1469 233 1502 rariora
256 1473 338 1502 sunt
361 1474 396 1503 et
420 1474 589 1503 contextu
613 1469 826 1503 recentiora.
873 1470 976 1513 Quae
1008 1469 1200 1502 emendata
1230 1473 1312 1503 sunt
1337 1481 1382 1503 ea
1406 1470 1442 1503 in
1467 1470 1547 1514 ipso

91 1530 259 1559 contextu
283 1526 334 1559 ita
359 1530 522 1559 correcta
545 1530 648 1568 sunt,
679 1530 719 1559 ut
753 1536 847 1569 quae
880 1525 982 1570 prior
1004 1525 1050 1559 sit
1074 1525 1203 1568 lectio,
1239 1537 1334 1569 quae
1358 1526 1548 1570 posterior,

91 1593 184 1615 nunc
207 1572 363 1616 discerni
386 1586 550 1626 nequeat.

181 1639 326 1672 Marc.
352 1639 464 1682 App.
489 1638 565 1679 IV,
591 1636 645 1671 53
669 1638 793 1673 bomb.
819 1639 882 1672 fol.
907 1649 1002 1672 saec.
1028 1638 1109 1672 XlI.
1165 1638 1287 1671 Codex
1320 1637 1409 1672 olim
1430 1638 1547 1672 Fran-

92 1695 178 1729 cisci
208 1695 362 1729 Barbari
395 1695 546 1728 Patricii
578 1695 714 1729 Veneti.
781 1695 812 1728 E
846 1695 935 1728 bibl.
975 1695 1011 1728 S.
1048 1694 1243 1728 Michaelis
1274 1695 1371 1738 apud
1404 1694 1548 1729 Μαι-ἰα-

92 1763 177 1785 num
203 1752 269 1795 (ef.
302 1752 490 1785 Mittarelli
521 1751 611 1794 bibl.
650 1752 753 1785 codd.
788 1763 873 1784 mss.
905 1752 991 1785 Yen.
1016 1751 1125 1794 1779)
1157 1752 1279 1785 illatus
1311 1755 1365 1784 est
1394 1751 1431 1784 in
1455 1751 1547 1786 bibl.

92 1808 136 1841 1).
162 1808 278 1841 Marci
306 1808 391 1840 Ven.
437 1807 654 1851 Appendicis
678 1809 866 1852 catalogus
889 1818 998 1841 manu
1023 1808 1177 1851 scriptus
1208 1811 1345 1841 tantum
1372 1810 1488 1841 exstat
1510 1807 1548 1841 in

91 1865 173 1909 ipsa
198 1864 284 1898 bibl.
332 1864 465 1898 Ethica
490 1863 598 1896 huius
624 1864 758 1897 codicis
774 1863 923 1897 contulit
941 1864 1051 1898 Bekk.
1086 1864 1246 1908 Scriptus
1262 1868 1314 1897 est
1334 1863 1548 1898 charactere

90 1921 315 1963 nitidissimo,
349 1920 600 1963 bipartito.ab
636 1920 760 1963 initio,
806 1922 930 1964 paullo
964 1923 1045 1964 post
1078 1920 1221 1954 initium
1253 1920 1337 1954 libri
1369 1920 1415 1953 ll.
1442 1921 1548 1955 Anal.

91 1990 146 2023 pr.
163 1978 270 2011 binae
295 1979 483 2011 columnae
509 1988 579 2010 non
594 1977 751 2020 amplius
777 1977 1055 2022 distinguuntur.
1100 1978 1258 2022 Isagoge
1274 1977 1410 2021 Porph.
1435 1977 1547 2011 minio

90 2034 261 2078 inscripta
286 2038 340 2067 est
363 2033 493 2068 litteris
518 2034 739 2067 maiusculis.
790 2034 948 2077 Reliqua
973 2038 1036 2067 aut
1060 2033 1183 2067 titulos
1207 2033 1344 2067 habent
1368 2033 1547 2067 recentio-

90 2102 148 2124 res
172 2095 233 2124 aut
257 2089 430 2134 plane-iis
455 2094 597 2131 carent,
634 2090 792 2133 exceptis
817 2090 947 2124 ethicis
972 2094 1007 2123 et
1030 2091 1135 2134 soph.
1163 2091 1324 2132 elench.,
1350 2090 1411 2133 qui
1434 2089 1545 2123 minio

88 2147 250 2191 inscripti
274 2150 356 2180 sunt
379 2146 507 2179 eodem
527 2146 752 2186 charactere,
778 2143 846 2189 quo
867 2150 1052 2180 contextus
1068 2150 1237 2180 exaratus
1257 2150 1322 2180 est.
1356 2146 1546 2180 Foliorum

91 2214 262 2238 numerus
287 2214 356 2236 non
380 2202 570 2236 indicatur.
630 2201 781 2236 Scholia
813 2214 882 2236 non
907 2204 1022 2236 multa
1047 2214 1162 2247 eaque
1186 2203 1400 2236 recentiora.
1447 2204 1546 2236 luter

90 2260 256 2305 singulos
296 2260 408 2293 libros
430 2259 524 2302 Top.
555 2258 659 2292 titulo
695 2259 827 2293 omisso
859 2263 1055 2304 angustum
1087 2259 1244 2303 spatium
1279 2259 1447 2292 relictum
1480 2262 1546 2292 est.

87 2317 189 2351 Idem
220 2315 360 2350 factum
393 2319 448 2349 est
470 2313 538 2348 175
561 2326 583 2348 a
606 2314 629 2348 2
652 2319 732 2360 post
764 2316 925 2362 εἴρηται,
960 2316 1023 2350 ubi
1058 2317 1294 2350 elenchorum
1318 2326 1403 2358 pars
1427 2316 1543 2348 altera

87 2372 223 2416 incipit.

180 2429 319 2463 Marc.
346 2429 454 2474 App.
479 2429 551 2470 lv,
588 2427 639 2462 51
670 2428 792 2462 bomb.
817 2428 851 2463 4.
883 2440 956 2462 rec.
990 2429 1095 2463 Anal.
1129 2432 1221 2473 post.
1264 2427 1389 2461 Prima
1423 2427 1542 2461 cuius-

88 2497 159 2530 que
184 2485 324 2530 periodi
347 2487 463 2520 verba
486 2485 597 2520 minio
622 2485 756 2529 scripta
782 2488 872 2518 sunt.
929 2486 1038 2519 Liber
1070 2486 1257 2529 eleganter
1289 2485 1459 2517 exaratus
1490 2488 1562 2534 est¹

89 2543 303 2576 charactere
327 2543 468 2588 grandi.
516 2543 614 2577 Satis
638 2543 799 2585 amplum
823 2541 914 2575 inter
945 2542 1108 2587 singulos
1143 2538 1281 2574 versus*
1299 2539 1466 2574 relictum
1489 2544 1543 2574 est

90 2600 259 2643 spatium.
307 2599 458 2634 Scholia
481 2599 560 2633 fere
584 2599 684 2632 nulla
708 2598 742 2632 in
768 2610 811 2632 eo
835 2599 1077 2642 reperiuntur.

180 2656 510 2699 Querinianus
531 2657 571 2690 A.
598 2656 673 2697 IV,
697 2654 720 2689 3
750 2655 900 2689 Brixiae
925 2655 1152 2698 bibhpubl„
1180 2654 1281 2688 cuius
1307 2654 1413 2688 catal.
1436 2653 1539 2686 codd.

89 2723 174 2746 mss.
199 2713 270 2746 duo
294 2713 481 2748 volumina
505 2712 766 2757 complectitur.
809 2713 933 2746 Chart.
958 2710 990 2744 4.
1015 2723 1089 2744 rec.
1114 2710 1176 2744 fol.
1202 2708 1400 2757 llo-146
1432 2710 1540 2743 Cate—

90 2769 212 2813 gorias
235 2771 370 2813 habet,
402 2771 534 2815 quibus
566 2770 727 2805 adiectus
759 2772 813 2805 est
844 2767 1123 2803 commentarius
1154 2767 1317 2811 prolixus
1348 2766 1395 2800 ab
1425 2765 1538 2799 initio.

1202 2829 1223 2862 1
1249 2830 1267 2851 iz
