1780 3112
427 211 490 246 De
526 210 777 246 codicibus
808 205 1222 267 graecisDrgani.
1501 211 1556 251 15

196 309 235 345 οἱ
262 308 330 354 μὲν
352 307 400 354 δὴ
423 306 518 354 ὅλην
541 308 657 354 φύσιν
686 308 842 345 ἐκάλουν
875 307 925 350 ὥς
954 305 1148 354 Ἀντιφῶν,
1177 307 1215 344 01
1247 306 1290 343 δὲ
1312 303 1356 343 τὸ
1381 305 1481 350 εἶδος
1503 307 1554 351 ὣς

104 379 200 408 τινες
222 368 298 401 τῶν
322 367 638 412 Περιπατητικῶν.

197 424 377 458 Zenonem
403 424 568 459 Stoicum
592 425 673 468 post
695 422 920 456 Carneadem
943 422 1077 456 vixisse
1101 425 1203 467 putat
1225 425 1362 455 auctor.
1420 422 1552 456 Omnia

104 480 183 514 sine
208 480 333 514 ordine
357 480 559 525 conscripta
582 484 662 513 sunt
683 479 719 512 in
744 484 865 512 nostro
891 479 1026 513 codice.
1074 480 1154 513 Fol.
1177 477 1224 512 42
1248 484 1553 513 commemoratur

105 535 223 577 Γάϊος
245 535 266 572 ὁ
291 536 509 581 φιλόσοφος.
567 537 698 570 Paullo
722 540 819 580 post:
854 531 1026 580 Ἰωάννης
1051 534 1070 569 ὁ
1097 534 1303 579 φιλόσοφος
1328 533 1348 570 ὁ
1371 532 1508 575 Ἰταλὸς
1531 531 1552 570 ὁ

103 591 280 638 ἡμέτερος
310 593 533 632 διδάσκαλος
566 589 697 631 οὕτως.
763 592 994 636 Quamquam
1026 592 1140 638 igitur
1172 593 1207 626 in
1238 593 1357 626 indice
1393 592 1555 636 capitum

103 649 170 683 fol.
195 649 263 683 1⁹9
288 650 338 683 lo.
371 651 482 683 Italus
515 654 641 683 auctor
673 648 756 682 libri
796 649 1009 689 exhibetur,
1042 654 1141 693 patet
1162 654 1284 682 tamen
1308 662 1352 683 ex
1376 650 1447 683 hac
1470 652 1555 682 nota

103 716 187 739 eum
201 705 439 750 compositum
454 718 533 740 esse
551 706 598 739 ab
623 706 697 740 alio
723 706 890 749 quodam,
915 705 973 748 qui
983 705 1060 738 eius
1077 706 1214 739 scholis
1232 706 1444 739 interfuerit.
1479 705 1554 739 Mi-

102 766 247 796 scentur
272 763 516 807 grammatica
540 774 622 795 cum
642 762 773 807 logicis
798 767 833 796 et
857 762 996 795 ethicis.
1031 762 1201 805 Sequitur
1213 760 1387 797 Ἰωάννου
1409 760 1555 797 ὑπάτου

102 818 167 853 καὶ
191 818 418 854 διδασκάλου
443 821 519 854 τῶν
547 818 766 863 φιλοσόφων
790 820 858 853 τοῦ
888 816 1030 853 Ἰταλοῦ
1062 817 1202 858 ἔκδυσις
1229 820 1282 858 εἰς
1306 818 1348 853 τὸ
1376 818 1554 863 δεύτερον

103 876 180 910 τῶν
210 876 376 910 τοπικῶν
407 876 608 909 Andronico
646 875 862 919 Imperatori
909 876 954 909 de
995 875 1187 909 dialectica
1224 875 1410 919 quaerenti
1452 875 1556 909 dedi-

105 935 201 965 cata.
260 931 466 976 Explicatio
501 931 582 975 ipsa
618 931 742 975 incipit
777 942 799 965 a
823 943 903 976 cap.
926 931 950 964 2
973 931 1035 966 fol.
1063 931 1132 965 142
1154 932 1238 977 περὶ
1263 932 1336 966 τῶν
1370 944 1557 978 συγκριτι-

103 989 182 1022 univ
216 986 344 1022 τόπων
376 988 398 1022 i.
424 999 456 1021 e.
482 989 575 1032 Top.
601 988 665 1029 111,
689 987 753 1022 fol.
780 987 845 1021 151
869 989 962 1032 Top.
996 988 1053 1031 lV,
1083 988 1147 1023 fol.
1172 988 1240 1022 16ss
1264 989 1476 1031 dialectica,
1510 989 1555 1022 de

105 1054 176 1087 qua
208 1043 257 1077 cf.
291 1044 448 1077 Bandini
480 1045 531 1078 111
567 1056 603 1088 p.
627 1044 684 1086 17,
709 1045 774 1078 fol.
799 1044 867 1077 177
897 1044 982 1090 περὶ
1005 1045 1074 1087 τῆς
1096 1045 1169 1079 τῶν
1194 1046 1443 1089 συλλογισμῶν
1464 1043 1557 1090 ὕλης

103 1099 168 1134 καὶ
192 1100 258 1143 τῆς
283 1099 492 1140 συστάσεως
515 1097 652 1134 αὐτῶν.
699 1102 770 1144 Qui
796 1102 939 1145 quidem
962 1101 1087 1135 titulus
1108 1102 1155 1134 ab
1176 1102 1248 1136 alio
1268 1102 1471 1146 adscriptus
1490 1107 1556 1147 est,

104 1155 166 1200 qui
190 1155 283 1190 nihil
305 1156 439 1202 legisse
462 1156 606 1190 videtur
629 1156 698 1190 nisi
723 1158 840 1201 prima
863 1158 990 1191 verba.
1048 1158 1169 1191 Etiam
1203 1158 1239 1191 in
1263 1159 1346 1192 aliis
1370 1160 1419 1192 lo.
1444 1159 1557 1193 Italus

104 1212 249 1256 saepius
274 1224 343 1246 non
366 1214 411 1246 de
436 1213 480 1247 iis
504 1213 582 1258 agit
606 1214 650 1246 de
675 1214 805 1257 quibus
828 1225 867 1246 se
892 1214 1158 1257 disputaturum
1194 1214 1383 1258 promisit,
1419 1216 1482 1249 sed
1517 1215 1556 1249 in

105 1270 163 1303 his
187 1269 278 1303 nihil
302 1269 446 1303 omnino
471 1270 558 1304 dicit
580 1271 625 1304 de
657 1270 902 1315 syllogismis;
935 1270 1078 1304 disserit
1108 1271 1152 1304 de
1176 1271 1344 1314 Topicis:
1384 1276 1556 1316 repetun-

105 1327 163 1359 tur
179 1337 271 1370 quae
291 1327 366 1360 iam
386 1330 492 1360 antea
517 1328 687 1372 legimus,
711 1327 786 1360 alia
811 1326 960 1360 confuse
978 1326 1233 1361 admiscentur.
1279 1328 1357 1361 Fol.
1377 1327 1443 1361 187
1459 1329 1557 1362 eius-

111 1382 194 1416 dem
227 1383 386 1416 auctoris
416 1383 622 1424 rhetorica,
666 1384 711 1417 de
742 1394 812 1426 qua
845 1383 893 1416 cf.
925 1383 1079 1417 Nesselii
1113 1385 1219 1418 catal.
1252 1383 1349 1418 Bibl.
1383 1385 1486 1418 Caes.
1510 1385 1558 1418 IV

107 1449 143 1482 p.
176 1438 256 1481 113,
280 1439 344 1471 ΙΙΙ.
393 1439 472 1473 Fol.
494 1439 561 1473 193
579 1440 757 1483 quaedam
784 1439 905 1483 capita
927 1440 1114 1485 religiosa.
1147 1440 1227 1474 Fol.
1252 1439 1320 1472 201
1344 1441 1489 1474 Aristot.
1512 1442 1558 1475 de

106 1495 252 1528 mundo.
276 1494 435 1528 F01.225
453 1497 566 1529 Aaou.
579 1496 664 1541 περὶ
686 1497 761 1531 τῶν
776 1496 890 1543 τριῶν
914 1495 1110 1539 σχημάτων
1128 1497 1183 1530 ed.
1198 1497 1338 1530 Zanetti
1351 1498 1438 1530 Ven.
1456 1497 1557 1531 1536.

106 1562 138 1586 c.
164 1562 296 1585 comm.
321 1551 465 1596 Philop.
491 1553 528 1586 in
545 1553 648 1586 Anal.
667 1565 721 1597 pr.
759 1553 965 1596 Sequuntur
988 1553 1099 1587 etiam
1123 1564 1179 1592 ea,
1205 1564 1297 1597 quae
1320 1553 1358 1586 in
1382 1554 1454 1587 hac
1479 1554 1556 1588 edi-

106 1606 202 1641 tione
232 1609 401 1653 leguntur
432 1609 477 1642 dc
509 1608 733 1655 syllogismis
765 1609 1023 1653 hypotheticis.
1070 1609 1201 1643 Eidem
1225 1610 1364 1644 auctori
1387 1609 1558 1644 videntur

107 1674 187 1698 esse
210 1664 413 1698 tribuenda.

197 1720 407 1754 Ambros.
433 1722 483 1763 D,
506 1718 560 1753 47
588 1721 713 1755 bomb.
734 1720 768 1755 4.
794 1722 948 1766 scriptus
973 1733 1065 1756 anno
1084 1722 1176 1756 1348
1200 1720 1265 1756 διὰ
1291 1719 1412 1767 χειρὸς
1436 1719 1557 1756 Ἰωάν-

106 1788 175 1811 νου
198 1772 359 1823 Ἀλιτροῦ
381 1776 468 1811 υἱοῦ
495 1776 619 1822 ἱερέως
647 1779 832 1822 Γεωργίου
856 1780 924 1813 τοῦ
949 1775 1023 1813 ἀπὸ
1048 1777 1282 1824 Ἀσιναρίκης,
1307 1779 1403 1822 quod
1421 1778 1557 1823 legitur

108 1831 146 1866 in
167 1832 254 1866 fine.
300 1834 522 1868 Mentionem
544 1833 642 1867 facio
665 1834 774 1868 huius
798 1834 883 1868 libri
906 1839 1100 1879 propterea
1124 1836 1218 1879 quod
1236 1835 1378 1868 scholia
1393 1846 1486 1878 quac
1499 1846 1558 1879 ap.

108 1888 276 1923 Brandis.
301 1891 468 1934 leguntur
491 1901 525 1933 p.
543 1889 588 1923 16
606 1890 778 1934 inscripta
801 1896 883 1925 sunt
906 1890 1071 1936 ἐξήγησις
1090 1891 1242 1936 Νικήτα
1261 1891 1474 1934 φιλοσόφον
1491 1891 1561 1927 τοῦ

108 1946 171 1980 καὶ
195 1945 319 1980 Δαυὶδ
341 1945 688 1989 μετονομασθέντος
711 1947 787 1982 τῶν
809 1947 1090 1994 προλεγομένων
1113 1949 1182 1993 τῆς
1209 1949 1432 1994 Πορφυρίου
1458 1949 1560 1983 εἰσα-

107 2002 230 2046 γωγῆς
254 2000 329 2037 ἀπὸ
356 2003 485 2046 φωνῆς
507 2003 643 2036 Δαυίδ.

197 2059 407 2094 Ambros.
431 2060 476 2101 A,
498 2058 545 2092 80
569 2060 683 2093 chart.
707 2059 731 2094 8
753 2070 850 2094 saec.
877 2059 970 2094 xvl.
1004 2060 1091 2095 Post
1112 2060 1255 2094 Arriani
1279 2063 1384 2106 gesta
1402 2060 1561 2095 Alexan-

110 2114 166 2149 dri
189 2115 242 2150 M.
267 2120 303 2150 et
334 2116 458 2150 Indica
491 2117 737 2162 Anonym.,de
761 2116 1110 2160 praepositionibus,
1139 2117 1284 2162 Lysidis
1317 2117 1561 2162 Pythagorici

110 2172 284 2216 epistola,
308 2172 446 2216 Ephesi
469 2184 619 2216 poema,
644 2173 802 2207 Basilius
826 2173 871 2206 de
895 2184 1090 2217 puerorum
1112 2173 1352 2215 institutione,
1387 2175 1560 2208 Timaeus

110 2227 261 2271 Locrus,
274 2229 411 2274 Georg.
423 2228 619 2263 Gemistius
627 2230 662 2263 in
681 2229 828 2275 magica
837 2230 1051 2272 Zoroastris,
1063 2231 1100 2265 τί
1115 2228 1213 2264 ἐστιν
1225 2229 1245 2274 ἡ
1255 2229 1381 2274 λογική
1391 2242 1562 2275 argaman·

110 2286 202 2320 τεία.
251 2286 323 2319 lnc.
348 2284 372 2329 ἡ
408 2284 534 2329 λογικὴ
559 2288 790 2331 πραγματεία
814 2285 917 2326 τέλος
941 2285 1011 2330 ἔχει
1035 2286 1106 2329 τήν
1138 2283 1283 2332 εὕρεσιν
1305 2287 1373 2331 τῆς
1403 2283 1561 2320 ἀποδεί-

112 2341 215 2384 ξεως.
263 2342 349 2376 Post
371 2343 444 2376 hoc
468 2342 650 2382 scholion,
677 2343 771 2386 quod
795 2343 985 2377 duodecim
1008 2343 1109 2377 foliis
1133 2344 1351 2385 continetur,
1376 2347 1411 2376 et
1434 2353 1562 2376 narra-

112 2398 246 2432 tionem
270 2399 437 2432 laborum
460 2398 631 2432 Herculis
656 2402 692 2432 et
717 2405 886 2443 excerpta
917 2400 1095 2443 quaedam
1121 2411 1142 2433 e
1165 2399 1338 2443 Dionysio
1363 2403 1399 2432 et
1421 2399 1560 2433 Basilio

112 2455 286 2500 leguntur
314 2455 537 2489 definitiones
561 2456 740 2499 quaedam
763 2461 800 2490 et
821 2456 944 2490 brevis
966 2456 1263 2501 syllogismorum
1290 2455 1477 2498 expositio,
1499 2455 1563 2488 de-

113 2511 220 2555 nique
241 2511 387 2557 singula
410 2513 550 2546 scholia
575 2523 668 2556 quae
692 2512 736 2546 de
760 2513 986 2558 syllogismis
1009 2512 1216 2556 sophisticis
1241 2516 1366 2557 agunt,
1390 2511 1475 2555 περὶ
1499 2511 1562 2545 αἰ-

113 2568 197 2602 τίου
214 2596 222 2610 ,
245 2569 330 2614 περὶ
353 2570 664 2614 προσδιορισμών,
689 2569 734 2602 de
758 2570 1046 2614 propositionum
1069 2568 1305 2613 oppositione.
1352 2567 1448 2602 Novi
1471 2567 1563 2602 nihil

113 2623 234 2659 inveni
258 2636 374 2669 neque
396 2626 432 2659 in
457 2626 527 2659 hoc
551 2626 630 2659 cod.
656 2637 770 2670 neque
793 2627 829 2660 in
852 2626 1026 2670 sequenti.

203 2682 409 2715 Ambros.
432 2682 476 2726 0,
501 2682 524 2716 9
548 2683 671 2716 bomb.
697 2682 732 2716 8.
756 2694 851 2717 saec.
878 2682 960 2724 XV,
997 2682 1057 2726 qui
1080 2680 1241 2726 logicam
1276 2681 1408 2723 habet,
1448 2680 1560 2714 muti-

116 2735 192 2772 lam
225 2738 370 2783 quidem
399 2742 436 2774 et
467 2739 514 2774 ab
547 2739 650 2774 initio
681 2742 718 2774 et
748 2740 815 2774 sub
838 2740 969 2784 finem,
1003 2739 1067 2773 sed
1092 2748 1211 2783 pauca
1233 2740 1371 2773 tantum
1393 2738 1560 2773 videntur
