1832 3112
617 236 882 282 Analytica
905 237 1077 283 priora..
1527 240 1608 279 517

146 335 371 375 firmantem
419 335 735 387 propositionem
785 337 1043 377 constituant.
1106 337 1163 378 Ut
1211 338 1411 378 sententia
1449 338 1606 379 facilius

144 399 401 452 intelligatur,
430 403 524 439 ante
548 397 621 440 διὰ
649 413 706 440 vs.
735 402 788 440 34
815 413 969 441 comma
996 401 1232 442 adiecimus.

201 503 303 558 Gap.
325 505 388 546 17.
419 505 637 559 Exceptio
664 519 774 560 quae
801 505 959 546 dicitur
987 521 1100 557 „non
1122 521 1205 562 per
1233 508 1336 549 hoc”
1365 509 1502 549 locum
1529 509 1604 548 laa-

90 567 160 608 bet
193 569 240 608 in
277 568 533 610 deductione
561 569 619 609 ad
657 570 879 609 absurdum
907 584 1017 624 qnae
1044 585 1126 612 non
1156 572 1422 623 conceditur,
1449 586 1534 613 non
1559 574 1606 612 in

87 637 207 673 recta
235 633 593 673 demonstratione
612 647 697 687 qua
724 633 826 688 quid
852 635 1027 677 tollitur.
1059 637 1145 676 {213
1174 637 1248 676 Fit
1275 637 1383 677 haec
1411 627 1605 691 exceptio

87 702 190 746 tum,
216 698 256 736 si
275 698 596 751 propositiones,
627 711 680 737 es
708 698 853 753 quihus
878 700 1140 752 syllogismus
1155 703 1307 753 sactus
1323 707 1399 749 est,
1427 715 1511 741 non
1535 714 1604 742 co-

15 774 19 776 ·
87 761 280 810 haerent,
309 762 360 800 21
382 767 486 811 tum,
508 763 559 811 si,
589 776 840 816 quamquam
855 764 1094 811 cohaerent,
1123 779 1207 805 non
1236 779 1290 805 es
1318 779 1367 805 eo
1395 765 1506 820 quod
1524 779 1604 820 po-

86 827 214 866 situm
250 832 311 865 est
351 825 575 866 absurdum
604 827 842 880 colligitur,
870 828 946 868 sed
971 827 1274 869 demonstratio
1300 830 1369 869 vel
1395 831 1604 882 inferiora

85 895 254 930 tantum
277 891 568 944 complectitur
589 890 680 943 (28)
704 892 773 931 vel
790 893 837 931 in
860 893 1143 946 superioribus
1171 895 1373 936 consistit.
1403 897 1457 934 32
1493 893 1603 934 Vera

86 954 287 995 deductio
321 960 360 994 et
392 968 420 994 a
445 968 604 995 summo
631 955 742 1009 quod
769 969 1007 997 concessum
1037 963 1096 996 est
1126 959 1314 1012 incipere
1342 964 1383 998 et
1411 958 1602 1013 (avus-

86 1031 168 1073 que
207 1018 265 1058 ad
298 1018 345 1058 id
383 1018 494 1073 quod
530 1020 720 1074 infimum
761 1019 908 1060 datum
947 1026 1009 1060 est
1030 1021 1268 1075 procedere
1306 1021 1441 1063 debet.
1476 1024 1601 1062 66a2

85 1082 187 1123 Hac
215 1084 464 1136 exceptione
490 1083 694 1123 utendum
720 1097 803 1124 non
838 1091 925 1133 est,
954 1087 994 1125 si
1014 1098 1095 1139 per
1122 1087 1228 1127 alios
1254 1088 1455 1127 terminos
1469 1076 1601 1140 secta

85 1152 146 1188 est
178 1147 376 1187 deductio
404 1147 462 1187 ad
489 1148 725 1189 absurdum.

83 1236 236 1275 65240
261 1232 367 1275 ὅταν
401 1231 511 1286 πρὸς
546 1234 780 1287 ἀντίφασιν
806 1266 816 1276 .
846 1264 855 1274 .
888 1263 899 1272 .
936 1249 1057 1288 quum
1094 1237 1300 1290 profertur
1333 1237 1483 1290 aliquid
1519 1250 1600 1289 quo

137 1299 435 1339 contradicatur
474 1301 511 1339 ei
545 1301 651 1352 quod
687 1301 1006 1340 demonstratum
1043 1307 1105 1341 est
1139 1315 1213 1353 per
1240 1302 1521 1342 deductionem
1548 1301 1600 1340 ad

136 1363 374 1403 absurdum:
424 1377 553 1415 neque
590 1365 695 1404 enim
733 1363 777 1413 (b
790 1365 835 1415 1)
863 1365 932 1416 qui
967 1379 1046 1405 non
1081 1366 1334 1405 contradicat
1369 1365 1600 1406 deductioni

134 1427 321 1479 proferet
341 1425 390 1468 τὸ
415 1426 469 1468 οὐ
488 1426 605 1480 παρὰ
632 1429 762 1468 τοῦτο
782 1428 841 1479 (h.
871 1442 907 1467 e.
932 1434 1110 1480 opponet
1136 1431 1465 1469 demonstrationi
1491 1430 1598 1481 quod

137 1492 368 1531 conclusum
397 1505 476 1532 non
505 1493 559 1531 sit
586 1492 694 1532 unde
721 1493 952 1532 conclusum
981 1506 1073 1532 esse
1099 1494 1322 1544 videatur),
1361 1495 1433 1533 sed
1461 1494 1597 1546 potius

125 1547 329 1595 'concedet
346 1557 413 1608 qui
430 1569 510 1596 non
531 1556 778 1595 contradicat
786 1557 965 1608 positum
981 1556 1110 1596 fuisse
1129 1557 1279 1608 aliquid
1298 1558 1339 1596 in
1356 1557 1597 1597 deductione

135 1618 241 1670 quod
279 1620 366 1658 dari
401 1633 479 1658 non
521 1621 687 1668 debeat,
724 1632 856 1670 neque
883 1619 959 1670 (vs.
985 1623 1031 1669 3)
1059 1622 1100 1660 in
1129 1621 1468 1660 demonstratione
1496 1633 1598 1671 quae

131 1686 242 1721 recta
271 1683 470 1733 processit
497 1687 634 1721 utetur
659 1682 720 1737 τῷ
746 1680 807 1734 μὴ
832 1681 951 1733 παρὰ
978 1686 1109 1724 τοῦτο
1138 1684 1394 1737 συμβαίνειν
1419 1683 1467 1725 τὸ
1495 1686 1597 1733 ψεῦ-

135 1745 214 1793 δος
233 1745 312 1796 (sic
331 1747 435 1785 enim
453 1747 555 1784 haec
574 1746 775 1798 exceptio,
800 1751 846 1786 ut
874 1748 1072 1786 sententia
1100 1749 1216 1799 plena
1246 1750 1313 1797 sit,
1340 1749 1599 1800 exprimenda

135 1814 222 1859 est,
249 1823 288 1849 v.
317 1812 419 1858 238,
442 1809 576 1860 b14):
612 1810 763 1862 quippe
799 1823 904 1861 quae
939 1824 1017 1850 non
1047 1817 1167 1863 ponat
1202 1812 1308 1863 qnod
1338 1813 1596 1862 contradicat,

133 1874 176 1914 h.
215 1887 250 1914 e.
285 1886 460 1925 namque
495 1879 607 1914 recta
643 1874 932 1915 demonstratio
969 1889 1048 1916 non
1086 1876 1198 1928 ponit
1233 1877 1276 1915 id
1311 1876 1418 1927 quod
1446 1876 1594 1915 falsum

133 1951 226 1978 esse
260 1939 536 1977 demonstrare
570 1938 676 1987 vult,
711 1939 816 1978 sicut
851 1939 1039 1979 deductio
1076 1940 1126 1978 ad
1163 1939 1406 1988 absurdum,
1448 1940 1490 1979 in
1517 1953 1595 1992 qua

133 2004 240 2043 sumi
266 2002 389 2042 debet
415 2003 520 2052 quod
549 2015 645 2042 vero
671 2016 897 2054 repugnare
930 2004 1285 2044 demonstrandum
1313 2008 1390 2043 est.

79 2069 204 2109 65b1
232 2069 287 2119 τῇ
315 2064 375 2113 εἰς
400 2065 450 2106 τὸ
478 2064 710 2117 ἀδύνατον,
731 2067 854 2107 intell.
877 2066 1089 2120 α’παγωγῇ
1113 2068 1220 2120 quod
1247 2068 1395 2107 adiecit
1420 2069 1510 2110 cod.
1536 2081 1592 2108 u.-

132 2134 228 2172 item
256 2133 352 2170 vs.3
379 2134 433 2182 τῇ
462 2129 737 2184 δεικνυούσῃ,
766 2132 892 2172 intell.
922 2131 1057 2182 δείξει,
1084 2134 1123 2174 h.
1155 2147 1188 2172 e.
1221 2129 1268 2172 ἐν
1293 2135 1353 2183 τῷ
1374 2131 1594 2181 δεικτικῶς

132 2193 409 2247 δεικνυμένῳ,
437 2196 475 2233 in
504 2197 842 2236 demonstratione
872 2202 983 2236 recta
1010 2197 1270 2250 procedente.
1323 2197 1439 2246 Quod
1469 2199 1591 2236 omis-

133 2274 222 2300 sum
265 2265 329 2299 est
367 2257 490 2308 δείξει
523 2259 646 2298 facile
680 2260 930 2312 intelligitur.
998 2261 1152 2300 Similia
1185 2258 1380 2300 Habemus
1408 2263 1589 2300 2371125

131 2322 351 2365 ἀδύνατόν
378 2322 463 2364 ἐστι
491 2323 816 2375 πεπερασμένην
841 2327 1058 2366 κινεῖσθαι
1085 2330 1128 2365 et
1152 2326 1332 2364 261b21
1360 2320 1425 2365 ὅτι
1453 2324 1492 2365 δ’
1521 2322 1588 2366 ἐν-

133 2387 296 2442 δέχεται
331 2383 442 2429 εἶναί
479 2401 576 2428 τινα
610 2389 791 2439 ἄπειρον
826 2389 931 2441 μίαν
957 2384 1097 2430 οὖσαν
1122 2387 1195 2430 καὶ
1222 2390 1400 2442 συνεχῆ,
1430 2390 1499 2429 ubi
1527 2391 1588 2430 in-

131 2455 391 2507 telligendum
421 2458 483 2492 est
510 2451 708 2504 κίνησιν,
736 2454 893 2506 ᾱεγηυιι
921 2456 1061 2506 agitur.
1089 2456 1264 2494 442b13
1293 2453 1433 2494 καίτοι
1458 2452 1486 2506 ἢ
1512 2453 1586 2494 οὐ-

131 2518 278 2571 δεμιᾶς
306 2518 450 2568 (intell.
478 2516 737 2570 αἰσθήσεωςτ
774 2531 862 2571 nam
900 2520 949 2558 ad
991 2532 1152 2558 sensum
1182 2520 1363 2570 quaestio
1392 2519 1586 2571 pertinet)

129 2581 158 2635 ἢ
195 2583 360 2635 μᾶλλον
396 2583 537 2629 ὄψεως
570 2580 623 2622 τὰ
654 2580 781 2623 κοινὰ
808 2583 1038 2635 γνωρίζειν.
1066 2584 1216 2622 444a4
1242 2586 1372 2624 τοῦτο
1400 2580 1479 2634 μὲν
1504 2577 1610 2631 οὖνΧ

129 2648 179 2688 τὸ
197 2645 446 2700 ὀσφραντὸν
467 2646 583 2687 ἴδιον
609 2646 847 2698 ἀνθρώπου
874 2646 1000 2694 ἐστίν,
1027 2645 1057 2700 ἦ
1084 2645 1130 2687 δὲ
1155 2646 1263 2687 κατὰ
1289 2642 1393 2696 τοὺς
1418 2642 1586 2701 χυμοὺς

129 2710 360 2765 τεταγμένη
379 2710 452 2753 καὶ
474 2713 562 2752 τῶν
586 2713 729 2752 ἄλλων
749 2711 882 2763 ζῴων,
904 2713 972 2753 ubi
991 2711 1192 2764 αἴσθησις
1218 2714 1477 2765 intelligenda
1504 2717 1583 2760 est,

129 2777 192 2817 vel
220 2779 354 2830 potius
376 2775 499 2830 ὀσμή,
526 2779 577 2817 de
605 2791 680 2829 qua
708 2772 842 2817 sermo
869 2782 945 2817 est.
972 2779 1146 2817 451a22
1174 2778 1264 2818 οὔτ’
1292 2776 1584 2830 ἀναλαμβάνει

130 2841 303 2895 μνήμην
324 2840 550 2894 οὐδεμίαν·
578 2841 757 2894 οὐδεμία
774 2840 857 2895 γὰρ
877 2839 1159 2894 προγέγονενε
1182 2844 1402 2895 praecessit
1424 2842 1583 2896 μνήμη>
