1774 3126
201 194 280 235 52⁰
709 198 963 242 Analytlca
986 197 1156 241 prlora.

254 293 444 344 terminos
473 293 586 334 KP?
638 293 754 342 Quod
780 293 815 332 si
841 294 912 340 fit,
953 293 1281 346 propositio‘AB
1317 296 1477 336 minime
1512 298 1683 349 pertinet

256 355 306 394 ad
339 356 382 395 id
408 356 511 407 quod
539 356 811 395 demonstrare
836 357 1043 396 volumus:-
1076 369 1197 407 quare
1224 370 1367 408 quum,
1406 360 1488 398 sive
1525 355 1683 411 ponitur

255 418 340 457 sive
365 431 442 457 non
479 418 639 469 ponitur
677 418 786 467 (nam
813 419 864 458 de
890 419 1164 471 propositione
1190 420 1269 459 AB
1295 420 1593 472 intelligendum
1620 426 1684 461 est

254 481 358 532 quod
385 481 573 520 habemus
600 492 657 519 vs.
677 483 702 519 ⁵1
728 479 930 532 τούτου),
967 482 1179 521 absurdum
1218 484 1323 534 quod
1362 483 1549 534 colligere
1572 484 1682 523 volu-

252 555 342 582 mus
369 543 592 594 proveniat,
630 544 812 594 exceptio
849 545 901 584 de
938 557 1013 595 qua
1040 545 1188 596 agimus
1216 546 1257 583 in
1284 545 1347 584 his
1375 546 1529 585 videtur
1550 547 1681 585 locum

252 605 411 645 habere.
465 604 614 645 Verum
641 605 746 644 haud
774 607 856 646 scio
884 620 933 646 an
960 629 1011 635 —
1039 608 1138 646 hanc
1160 608 1236 646 vim
1258 609 1360 647 enim
1384 609 1504 648 habet
1526 607 1553 661 ἢ
1570 621 1628 648 vs.
1642 612 1682 658 8,

252 668 359 717 quod
396 679 472 707 non
510 668 788 720 interrogantis
816 674 899 718 est,
939 671 1010 709 aed
1049 670 1229 708 modeste
1266 671 1540 722 respondentis
1567 671 1684 721 (oder

254 734 369 779 etwa,
398 730 495 769 oder
521 731 660 782 wohl),
689 743 725 772 ν.
753 730 916 782 'l'rdlbg-
941 732 992 770 de
1018 745 1078 770 an.
1107 745 1148 783 p.
1176 734 1267 771 208.
1316 733 1498 772 Eundem
1525 746 1682 773 sensum

250 792 372 832 habet
398 794 439 845 ἤ,
468 794 586 832 etiam
614 794 648 832 si
676 794 800 845 ipsam
817 794 1163 846 interrogationem
1185 806 1263 832 non
1290 796 1473 834 continuo
1493 797 1683 846 sequitur,

253 855 325 894 sed
353 856 387 894 si
414 857 605 907 quaedam
631 857 839 894 interiecta
866 860 958 895 sunt
982 856 1087 895 sicut
1111 858 1313 897 448224:
1339 858 1554 909 respondet
1581 858 1683 896 enim

249 915 441 969 p'articula
467 916 495 969 ἢ
521 919 571 956 ad
599 919 825 969 bipertitam
853 918 1211 970 interrogationem,
1241 919 1294 958 cf.
1310 921 1487 960 2491112
1505 919 1684 970 πότερον

251 978 310 1026 εἰς
343 979 392 1019 τὸ
429 979 572 1027 πάθος
608 978 675 1019 δεῖ
697 978 848 1031 βλέψαι
877 1009 888 1020 .
911 1006 923 1018 .
948 1009 958 1020 .
995 978 1022 1032 ἢ
1051 979 1108 1028 εἰς
1132 980 1181 1021 τὸ
1207 980 1533 1034 ἄλλοιούμενονς
1573 982 1600 1036 ἢ
1626 982 1684 1031 εἰς
1757 981 1763 983 ”

249 1042 392 1094 ἄμφω.
419 1045 530 1082 8658
545 1045 597 1081 36
616 1042 796 1095 πότερον
817 1040 863 1082 δὲ
885 1042 1052 1096 τροφὴν
1073 1042 1333 1098 προσφέρειν
1354 1044 1572 1102 ἀρχομένῳ
1592 1045 1684 1098 βέλ-

249 1118 344 1146 τιον
368 1104 395 1158 ἢ
422 1103 600 1156 ὕστερον
609 1122 621 1154 3
648 1105 676 1158 ἢ
703 1105 921 1159 ἀρχομένῳ
940 1128 994 1136 -—-
1015 1107 1117 1147 haud
1146 1110 1228 1148 scio
1256 1122 1316 1156 an,
1345 1110 1380 1147 si
1407 1111 1492 1161 quis
1519 1111 1681 1149 demon-

249 1171 391 1209 stranti
418 1174 592 1221 opponat
619 1168 667 1209 τὸ
696 1169 749 1209 οὐ
775 1168 892 1220 παρὰ
917 1171 1069 1219 τοῦτο,
1110 1171 1187 1210 hoc
1224 1184 1302 1211 non
1329 1173 1384 1211 ita
1410 1173 1682 1224 accipiendum

246 1232 312 1280 sit,
340 1232 452 1283 quasi
479 1236 654 1272 assumta
683 1234 841 1284 quidem
870 1233 1139 1285 propositione
1166 1234 1244 1273 AB
1262 1236 1571 1286 propositionem
1598 1237 1684 1275 AA

246 1293 388 1333 falsam
417 1307 508 1334 esse
534 1295 666 1346 colligi
693 1308 769 1335 non
796 1296 935 1346 possit,
964 1296 1039 1334 alia
1065 1309 1157 1334 vero
1183 1297 1287 1336 facta
1314 1297 1529 1349 hypothesi
1551 1300 1683 1350 possit·

249 1356 357 1406 (nam
386 1370 462 1396 non
490 1369 567 1397 una
594 1359 657 1397 via
685 1363 726 1397 et
753 1359 917 1405 ratione,
946 1359 1018 1397 sed
1044 1359 1222 1410 pluribus
1249 1359 1355 1398 idem
1384 1360 1526 1400 deduci
1548 1366 1683 1412 potest

245 1419 294 1457 ad
322 1419 582 1470 absurdum),
611 1421 682 1460 sed
709 1422 842 1472 potius
871 1420 947 1470 (vs.
976 1421 1044 1473 10)
1074 1434 1146 1472 per
1171 1421 1276 1460 illam
1306 1425 1577 1475 exceptionem
1605 1424 1683 1463 hoc

247 1481 527 1533 intelligamus,
555 1484 659 1533 quod
683 1484 968 1534 praetermisso
997 1485 1164 1523 termino
1181 1485 1223 1522 A
1251 1485 1349 1533 (τοῦ
1376 1482 1417 1533 ἐξ
1438 1485 1586 1539 ἀρχῆς)
1606 1488 1682 1526 de-

247 1543 384 1583 ductio
411 1557 488 1583 non
516 1546 617 1584 bene
641 1546 806 1592 habeat,
845 1558 964 1595 quum
992 1546 1099 1584 facta
1126 1547 1179 1584 sit
1206 1559 1229 1585 e
1255 1548 1416 1598 reliquis
1444 1549 1682 1600 propositio-

247 1608 361 1646 nibus
389 1607 496 1646 solis.
531 1627 584 1636 ·—-
624 1607 861 1658 Exemplum
897 1607 1180 1657 geometricum
1208 1608 1313 1657 quod
1341 1609 1522 1649 adiicitur
1548 1612 1682 1661 pueris

247 1673 387 1707 notum
415 1674 488 1708 est.
523 1690 578 1698 —
613 1669 712 1707 Post
738 1667 899 1715 ψεῦδος
923 1680 980 1708 vs.
1005 1671 1029 1706 3
1057 1669 1258 1719 posuimus
1285 1670 1438 1722 signum
1466 1673 1681 1724 interroga-

246 1732 378 1780 tionis,
405 1743 484 1782 quo
511 1743 650 1770 sensus
677 1731 829 1770 facilius
855 1731 1130 1783 perspiciatur.
1162 1754 1165 1757 -

302 1833 402 1886 Gap.
433 1834 498 1874 18.
554 1832 607 1872 Si
633 1832 734 1886 quid
748 1834 909 1884 salsum
938 1839 999 1874 est
1027 1836 1072 1875 in
1098 1837 1508 1887 ratiocinatione‚‚in
1529 1850 1680 1891 propo·

191 1897 409 1937 sitionibus
435 1895 776 1947 investigandum
804 1897 883 1935 erit
911 1910 963 1936 ex·
990 1911 1068 1951 quo
1083 1900 1211 1951 sonte
1224 1901 1416 1950 fluxerit.

190 1983 337 2021 66817
363 1978 410 2020 ἐκ
436 1979 523 2020 τῶν
551 1978 645 2029 δύο,
675 1993 697 2018 e
725 1981 825 2020 binis
853 1982 1212 2034 propositionibus,
1241 1981 1287 2024 ἐκ
1314 1983 1394 2024 δύο
1420 1983 1679 2035 προτάσεων,

244 2057 272 2083 e
295 2044 462 2084 duabus.

301 2147 398 2200 Gap.
427 2147 491 2186 19.
547 2146 618 2186 Ne
644 2147 743 2200 quid
771 2153 944 2200 cogatur
971 2149 1086 2188 nobis
1113 2151 1266 2198 invitis,
1293 2164 1375 2190 non
1402 2150 1497 2189 dati
1518 2150 1680 2190 debebit

194 2210 304 2250 idem
331 2211 532 2249 terminus
569 2211 614 2249 in
642 2210 801 2249 duabus
824 2213 1183 2263 propositionibus.
1237 2216 1287 2252 33
1318 2213 1524 2262 Quomodo
1551 2214 1680 2253 inter-

190 2273 422 2325 rogandum
448 2275 514 2321 sit,
543 2278 590 2312 ut
619 2273 727 2325 quod
755 2275 998 2327 conficiatur
1026 2288 1078 2314 ex
1107 2277 1304 2315 concessis
1316 2278 1463 2328 fugiat
1489 2275 1680 2315 adversa-

190 2337 313 2386 rium,
343 2337 577 2389 exponitur.

189 2422 273 2458 668
287 2421 337 2457 25
363 2420 792 2472 κατασυλλογίζεσθαι
819 2433 894 2461 vox
921 2421 1126 2462 dialectica
1146 2422 1480 2473 „disputationum
1502 2426 1541 2461 et
1557 2422 1680 2460 inter-

236 2483 480 2533 rogationum
508 2485 659 2535 laqueis
688 2485 857 2535 aliquem
885 2483 1091 2532 irretire”‚
1120 2485 1226 2536 quod
1253 2498 1323 2524 nos
1347 2486 1560 2524 secundum
1581 2485 1677 2523 alio-

240 2557 327 2584 rum
347 2549 556 2586 verborum
581 2546 814 2599 ἀναλογίαν
826 2548 958 2587 dicere
972 2561 1178 2599 possemus
1197 2548 1353 2596 „Einen
1373 2547 1677 2588 beschliel'sen”.

189 2609 335 2646 66a29
364 2609 490 2658 Quem
529 2612 741 2650 terminum
777 2611 949 2650 medium
988 2623 1244 2662 unaquaeque
1282 2610 1478 2650 conclusio
1505 2611 1679 2660 requirat

240 2669 357 2709 facile
383 2673 613 2724 apparebit,
653 2686 773 2724 quum
801 2678 1047 2725 compertum
1074 2674 1286 2713 habeamus
1319 2672 1412 2723 quid
1440 2672 1480 2710 in
1506 2685 1677 2723 unaqua-

240 2743 315 2784 que
343 2735 465 2786 figura
488 2728 528 2776 et
549 2738 744 2786 quomodo
763 2741 944 2787 cogatur:
972 2738 1005 2778 si
1023 2736 1150 2789 igitur
1167 2747 1215 2775 ex
1238 2735 1379 2785 quibus
1400 2735 1676 2787 propositioni-
