1884 3100
655 207 1603 246 KATHPOPIA1.109

156 327 267 371 ριων
270 306 526 371 ἐφαρμόσει
544 313 599 371 τῇ
622 308 808 390 ddmla’.
839 306 944 356 οὔτε
970 306 1022 356 τὸ
1051 305 1198 356 ποσὸν
1225 303 1329 354 οὔτε
1350 303 1404 353 τὸ
1413 305 1558 390 Ἡπρός
1560 324 1602 353 τι

156 375 259 424 οὔτε
281 381 377 424 ποῦ
400 374 506 424 οὔθ’
529 375 646 435 ὅλως
673 396 715 425 τι
743 394 832 425 των
856 375 1075 424 τοιούτων
1097 373 1253 432 οὐδέν,
1289 371 1386 420 ἄλλ’
1407 370 1435 436 ἢ
1454 373 1598 420 ποιόν.

157 442 371 502 ωσαύτως
392 445 439 492 δὲ
459 445 535 491 καὶ
552 445 620 493 ἐπὶ
641 462 732 492 των
752 442 899 492 ἄλλων
916 461 1007 490 των
1024 441 1137 490 κατὰ
1157 441 1208 490 τὰ
1231 439 1363 489 ποιὰν
1381 441 1598 488 ἐναντίων.
1614 455 1650 483 2⁵

288 510 553 573 Ἐπιδέχεται
597 513 645 559 δὲ
687 509 739 558 τὸ
781 515 953 593 μᾶλλον
996 513 1071 557 καὶ
1111 508 1163 557 τὸ
1206 527 1338 574 ηττον
1377 506 1431 555 τὰ
1474 507 1598 555 ποιά.

155 576 317 626 λευκὸν
351 597 437 640 γαρ
464 583 634 639 μᾶλλον
669 579 743 625 καὶ
774 571 907 642 ἧττον
937 578 1083 639 ’ἕτερον
1098 578 1263 661 ,ἑτέρου
1291 577 1479 639 λέγεται,
1524 576 1601 622 καὶ

155 645 375 692 δι”“’καιον
348 663 494 705 ετερον
522 645 674 706 ἑτέρου
696 648 873 705 μᾶλλον.
943 647 1018 691 καὶ
1049 643 1161 692 αὐτὸ
1198 646 1244 691 δὲ
1265 645 1462 691 ἐπίδοσιν
1487 646 1601 704 λαμ-

153 710 297 772 βάνει·
332 710 496 759 λευκὰν
513 711 597 774 γὰρ
621 710 676 759 ὂν
695 713 755 759 ἔτι
775 712 988 773 ἐνδέχεται
1000 710 1265 771 λευκότεοον
1284 711 1505 773 γενέσθαι.
1541 707 1602 757 οὕ

153 777 296 826 πάντα
327 779 398 837 δέ,
434 777 545 825 ἀλλὰ
570 777 625 826 τὰ
652 783 843 826 πλεῖστα.
909 777 1178 841 δικαιοσυνη
1198 776 1284 840 γὰρ
1311 776 1650 840 δικαιοσύνηςεο

155 847 193 892 εἰ
211 847 376 908 λέγεται
396 850 567 907 μᾶλλον
588 848 662 893 καὶ
681 841 837 910 ἧττον,
874 843 1194 928 ιῖπορήσειεν”
1164 863 1221 892 αν
1242 863 1307 902 τις
1321 861 1331 870 ·
1369 843 1533 905 ὁμοίως
1551 846 1599 891 δὲ

154 914 228 959 καὶ
254 915 321 960 ἐπὶ
354 917 444 960 τῶν
474 912 620 961 ἄλλων
643 915 898 961 διαθέσεων.
961 915 1070 960 ἔνιοι
1101 910 1185 975 γὰρ
1218 915 1600 975 διαμφισβητοῦσι

154 981 252 1041 περὶ
263 985 353 1027 τῶν
361 980 599 1028 τοιούτων·
624 981 913 1044 δικαιοσύνην
920 982 1000 1063 μὲν
1009 979 1094 1042 γὰρ
1106 979 1398 1042 δικαιοσύνης
1408 978 1470 1026 ου’
1479 978 1601 1026 πάνυ

154 1049 268 1116 φασὶ
288 1051 379 1103 δεῖν
394 1049 600 1110 λέγεσθαι
620 1053 789 1109 μᾶλλον
807 1051 882 1095 καὶ
907 1051 1059 1112 ἦττον,
1094 1046 1203 1094 οὐδὲ
1224 1045 1398 1108 ὑγίειαν
1419 1045 1601 1108 ὑγιείας,

153 1115 290 1178 ἦττον
309 1114 460 1174 μέντοι
480 1116 743 1177 ἔχεινὲιτερον
755 1116 906 1177 ἓτέοου
916 1114 1102 1178 ὑγίειαν,
1121 1116 1195 1160 καὶ
1208 1113 1535 1177 δικαιοσυνην”
1509 1132 1598 1161 ετε-
1614 1131 1651 1160 85

154 1199 235 1242 ρον
270 1181 443 1243 ἑτέρου,
479 1181 694 1240 ωσαύτως
723 1184 771 1230 δὲ
800 1184 873 1229 καὶ
905 1180 1207 1244 γραμματικὴν
1237 1183 1314 1228 καὶ
1342 1200 1422 1238 τας
1458 1179 1648 1239 ι’ίλλαςιι.
1661 1188 1708 1222 11

154 1249 388 1307 διαθέσεις.
442 1248 538 1296 αλλ’
572 1252 658 1297 οὐν
678 1250 731 1296 τά
753 1268 799 1313 γε
821 1268 932 1295 κατα
953 1249 1119 1305 ταύτας
1138 1248 1352 1309 λεγόμενα
1373 1246 1598 1310 ἀναμφισ-

154 1315 353 1380 βητήτως
379 1316 614 1378 ἐπιδέχεται
640 1315 692 1364 τὸ
731 1321 902 1378 μᾶλλον
939 1317 1015 1362 καὶ
1051 1313 1104 1362 τὸ
1145 1310 1301 1378 ἦττον·
1355 1333 1599 1376 γραμματι-

156 1382 348 1444 κώτερος
389 1382 473 1446 γὰρ
513 1385 655 1445 ἕτερος
693 1384 843 1444 ἓτέοου
881 1384 1048 1445 λέγεται
1087 1383 1162 1429 καὶ
1203 1381 1496 1444 ὑγιεινότερος
1525 1383 1602 1428 καὶ

156 1450 437 1512 δικαιότερος,
465 1453 539 1498 καὶ
562 1452 630 1498 ἐπὶ
654 1456 744 1499 τῶν
766 1449 914 1498 ἄλλων
937 1449 1164 1507 ὦσαύτως.
1216 1450 1428 1511 τρίγωνον
1454 1451 1501 1496 δὲ
1526 1450 1601 1496 καὶ
1617 1467 1635 1495 ⁵

155 1517 424 1580 τετράγωνον
436 1517 496 1565 οὔ
516 1522 640 1566 δοκεῖ
656 1517 706 1565 τὸ
727 1523 898 1580 μᾶλλον
915 1518 1207 1579 ἐπιδέχεσθαι,
1233 1515 1343 1564 οὐδὲ
1354 1520 1445 1563 τῶν
1457 1515 1603 1564 ἄλλων

157 1585 388 1648 σχημάτων
412 1584 558 1633 οὐδέν.
629 1584 683 1633 τὰ
715 1588 794 1648 μὲν
828 1584 914 1648 γὰρ
952 1584 1238 1646 ἐπιδεχόμενα
1282 1582 1361 1631 τὸν
1390 1588 1477 1631 τοῦ
1507 1603 1603 1646 τρι-

157 1652 310 1714 γώνου
331 1653 465 1716 λόγον
483 1651 513 1717 ἢ
533 1651 615 1700 τὸν
631 1657 715 1701 τοῦ
735 1653 911 1701 κύκλου
929 1651 1069 1700 πάνθ’
1091 1650 1256 1713 ὁμοίως
1272 1653 1460 1713 τρίγωνα
1471 1649 1502 1715 ἢ
1513 1651 1602 1699 κύ-

157 1723 258 1767 κλοι
285 1721 391 1779 εἰσί,
443 1725 534 1768 τῶν
569 1722 616 1768 δὲ
647 1719 709 1784 μὴ
747 1721 1038 1782 ἐνδεχομένων
1078 1718 1213 1767 οὐδὲν
1251 1723 1423 1780 μᾷλλον
1456 1720 1604 1780 ἕτερον

158 1786 310 1848 ἑτέρου
324 1787 583 1850 ῥηθήσεται·
606 1787 835 1850 οὐδὲνγὰρ
845 1791 1015 1849 μᾶλλον
1024 1785 1074 1833 τὸ
1083 1786 1354 1848 τετράγωνον
1363 1790 1449 1833 τοῦ
1458 1786 1602 1846 51:590-
1618 1802 1654 1830 ιο

157 1853 337 1918 μήκους
344 1853 510 1914 κύκλος
519 1855 646 1903 ἐστίν’
659 1853 894 1918 οὐδέτερον
902 1853 986 1918 γὰρ
997 1854 1232 1915 ἐπιδέχεται
1242 1852 1324 1901 τὸν
1334 1857 1420 1901 τοῦ
1428 1854 1605 1901 κύκλου

246 2026 292 2059 23
322 2024 523 2071 ἐφαρμόζει
548 2038 609 2072 gu.
642 2044 688 2053 —·
728 2039 770 2082 pr
797 2022 901 2071 οὔτε]
930 2024 1011 2060 οἷον
1036 2022 1123 2060 οὔτε
1152 2025 1211 2067 Cf,
1247 2037 1335 2060 ουτε
1359 2023 1430 2071 γὰρ
1461 2026 1523 2068 Af.
1557 2041 1605 2050 -

158 2066 201 2105 τὸ
219 2070 272 2103 bis
292 2082 349 2103 om
366 2083 422 2103 nu.
448 2090 495 2097 —
526 2073 570 2104 24
596 2071 689 2115 ποῦ]
707 2070 748 2106 τὸ
768 2073 842 2107 ποῦ
866 2073 990 2116 Cbefg.
1015 2089 1059 2096 —
1089 2067 1171 2105 οὐδ’
1195 2071 1387 2114 ABedbisn.
1412 2089 1457 2095 —
1488 2083 1527 2104 τι
1548 2081 1606 2103 om

162 2117 264 2158 Casu.
291 2135 331 2140 —
365 2111 451 2161 ἢ]ἦ“
475 2114 516 2150 τὸ
539 2118 576 2150 C.
604 2134 646 2140 -
678 2117 722 2148 26
750 2115 804 2160 δὲ]
836 2115 876 2149 δὲ
894 2117 957 2150 καὶ
974 2117 1109 2157 Bben,
1135 2127 1238 2149 ome.
1262 2135 1308 2142 —
1343 2117 1389 2150 27
1409 2110 1515 2150 καὶ
1492 2127 1606 2159 ηττον

160 2173 217 2194 om
239 2161 357 2194 Bdbei
382 2180 424 2187 —-
450 2161 533 2196 καὶ.
567 2162 726 2217 ,μᾶλλον
741 2173 797 2194 om
818 2162 912 2194 abdi.
938 2179 983 2185 —
1016 2161 1062 2194 98
1075 2157 1309 2215 δικαιότερον
1326 2163 1389 2194 Ae.
1411 2179 1458 2186 —
1478 2158 1606 2205 ἕτερον

159 2204 286 2252 ἑτέρου
309 2207 460 2251 μᾶλλον]
485 2186 623 2262 μᾶλλον
653 2204 778 2251 ἕτερον
804 2205 930 2260 ετέρου
955 2205 1095 2249 λέγεται
1120 2206 1170 2243 Β,
1195 2202 1320 2250 ἕτερον
1341 2204 1469 2249 ἑτερου
1489 2207 1605 2249 (λέγε-

159 2264 223 2285 ται
243 2251 289 2293 C)
310 2252 449 2294 μᾶλλον
473 2252 536 2286 καὶ
555 2246 667 2295 ἦττον
687 2253 770 2295 Cgf.
794 2270 840 2278 —
864 2249 963 2286 αὐτοὶ
987 2252 1074 2296 agf,
1100 2251 1220 2284 ταῦτα
1242 2252 1278 2284 G.
1304 2270 1347 2277 -—
1374 2251 1414 2285 δε
1431 2263 1486 2283 om
1502 2263 1539 2284 ιι.
1558 2269 1605 2276 —-

160 2294 331 2331 ἐπίτασιν
352 2298 412 2330 Cu.
439 2317 481 2323 —
511 2297 555 2330 29
580 2295 764 2339 ἐνδέχεται
792 2296 846 2332 ἔτι
877 2298 914 2331 G.
938 2316 984 2322 —
1017 2297 1192 2340 γίνεσθαι
1214 2307 1252 2340 g.
1276 2314 1323 2321 —
1354 2298 1398 2330 30
1428 2293 1515 2353 γὰρ]
1538 2307 1606 2340 μεν

158 2340 230 2386 γᾶρ
256 2353 288 2374 α.
315 2359 361 2367 —-
391 2343 432 2376 31
461 2340 603 2386 λέγοιτο
628 2343 871 2398 Βίὺάιιῖηοοτι·
896 2353 936 2388 g.
959 2361 1006 2368 —
1048 2341 1127 2386 καὶ]
1158 2339 1378 2395 δικαιοσύνη
1405 2341 1469 2375 καὶ
1495 2352 1535 2385 g.
1558 2359 1607 2366 —

159 2387 223 2422 καὶ
244 2381 355 2430 ἦττον
372 2399 427 2420 om
448 2388 481 2421 Β
500 2395 535 2420 et
556 2400 598 2431 pr
617 2388 659 2419 A.
682 2407 728 2413 —
751 2400 798 2421 αν
815 2400 870 2421 om
885 2401 919 2421 ιι.
943 2405 989 2413 --
1013 2388 1056 2420 33
1072 2385 1286 2442 δικαιοσύνη
1300 2388 1350 2420 Bb
1387 2404 1432 2412 —
1460 2385 1606 2429 34φασὶ

159 2433 296 2477 μᾶλλον
311 2432 375 2467 καὶ
394 2427 507 2476 ἦττον
517 2432 690 2475 λέγεσθαι
710 2433 830 2475 Cefnu.
855 2452 901 2460 —
924 2429 1028 2476 ουδε]
1049 2430 1138 2466 ου’δέ
1156 2443 1196 2474 γε
1207 2434 1241 2474 f.
1267 2450 1313 2456 —-
1336 2432 1379 2465 35
1401 2430 1583 2486 υγίειαντ..

160 2477 302 2524 ἑτέρου]
330 2476 475 2531 ὑγίειαν
495 2489 590 2523 φασι
614 2478 678 2512 καὶ
704 2477 946 2520 δικαιοσύνην
971 2477 1234 2535 (δικαιοσύνην
1257 2489 1297 2520 φ.
1316 2476 1380 2510 καὶ
1394 2489 1452 2519 vy.
1470 2477 1513 2519 f)
1527 2470 1606 2531 ἦτ-

159 2536 227 2558 τον
250 2521 376 2569 ἕτερον
403 2522 530 2569 ἑτέρου
556 2523 650 2568 ἔχειν
684 2523 756 2566 Ces.
779 2541 826 2550 —-
854 2523 935 2567 και]
964 2522 1058 2567 φασὶ
1084 2522 1148 2558 καὶ
1174 2534 1237 2566 ug.
1261 2540 1308 2547 —
1338 2519 1462 2567 ἕτερον
1477 2520 1604 2567 ἑτέρου

165 2581 221 2602 om
244 2581 278 2602 ιι.

249 2613 336 2648 11a1
358 2611 485 2660 ἑτέρου
503 2612 596 2658 ἔχειν
616 2610 842 2653 ωσαιὶτωςιι.
866 2632 913 2640 -
943 2611 1007 2647 καὶ
1033 2624 1090 2645 om
1109 2623 1146 2644 ιι.
1171 2630 1213 2637 —
1246 2623 1380 2665 γραμμ.
1401 2623 1605 2657 γραμματι-

161 2658 230 2702 ιιῆσ
248 2658 312 2693 καὶ
340 2660 394 2694 Ce.
418 2678 464 2685 —
496 2661 518 2694 8
519 2627 591 2692 zalt
617 2658 659 2693 τὸ
692 2670 746 2691 om
771 2659 867 2714 Bifn.
893 2676 938 2684 —
977 2659 1000 2691 4
1016 2654 1247 2701 δικαιότερος
1271 2657 1336 2691 καὶ
1357 2653 1607 2711 υγιειιιότερος

165 2705 268 2738 Genu.
290 2723 337 2731 —
381 2706 402 2739 6
424 2704 561 2748 μᾶλλον
590 2703 654 2738 καὶ
670 2702 734 2747 (τὸ
758 2703 805 2758 C)
834 2698 950 2748 ἦττον
975 2700 1111 2745 ἐπιδεχ.
1141 2703 1198 2735 Ge.
1221 2720 1268 2726 —-
1300 2702 1322 2735 7
1345 2702 1414 2737 τοῦ
1431 2714 1488 2735 om
1505 2714 1535 2737 e.
1559 2722 1604 2728 —

162 2748 186 2782 8
202 2760 244 2792 pr
257 2744 296 2793 ἢ]
312 2748 375 2784 καὶ
403 2750 468 2792 Ge,
504 2762 585 2783 corr
608 2761 643 2784 ιι.
666 2768 709 2774 -
741 2746 808 2784 τὸν
827 2760 884 2782 om
901 2759 955 2783 ne.
978 2765 1025 2774 —
1061 2744 1138 2782 96}
1161 2758 1220 2780 om
1237 2757 1267 2782 e.
1291 2765 1337 2774 ·—
1365 2748 1507 2792 μᾶλλον
1523 2755 1606 2782 ante

162 2792 365 2839 ῥηθήσεται
386 2795 448 2830 Gn.
470 2815 514 2822 —
542 2796 580 2830 ll
601 2793 703 2831 ἔσται
722 2806 756 2828 ιι.

339 2976 367 2995 (a
