1838 3086
634 207 891 253 Analytica
913 206 1087 251 priora.
1530 204 1617 246 487⁷

150 310 216 346 tur
243 303 317 348 καὶ
343 306 447 357 ΒΓ,
475 306 582 346 uude
607 306 729 346 facile
757 310 917 359 poterat
942 305 1152 357 accidere,
1180 308 1226 346 ut
1249 304 1330 344 ista
1355 305 1607 356 praetermit-

107 417 111 419 Α
149 375 330 411 terentur
349 374 516 423 propter
537 371 847 410 similitudinem.
889 370 1006 421 Quod
1026 370 1172 410 cod.A
1187 370 1301 422 prius
1320 369 1509 409 habuerit
1539 382 1608 409 ue·

150 436 315 476 scimus.
370 434 451 474 Sed
488 434 592 486 quod
620 434 849 486 recepimus
876 438 919 473 et
945 434 1129 474 versione
1154 433 1374 474 Boethium
1402 444 1606 472 commen-

148 499 268 540 datur
289 505 332 539 et
350 512 395 538 re
418 499 527 551 ipsa:
556 511 727 549 namque
755 497 861 549 quod
888 498 1127 538 Aristoteles
1154 498 1253 538 dicit
1279 501 1344 537 est
1369 497 1478 537 hoc.⁴
1499 496 1607 536 Con-

148 563 275 603 clusio
311 563 347 602 E
380 563 541 614 probari
577 566 714 614 potest
740 567 781 600 et
807 562 1149 614 propositionibus
1175 563 1293 614 plane
1320 561 1486 602 diversis
1516 560 1606 608 (ΑΒ

147 631 189 667 ct
212 627 301 674 CD)
330 630 372 666 et
391 626 728 679 propositionibus
764 626 820 664 ita
847 638 893 665 se
920 626 1173 676 habentibus,
1200 631 1248 667 ut
1273 626 1397 666 altera
1425 637 1605 665 commu-

145 691 207 731 nis
237 691 314 730 sit:
343 689 448 743 quod
476 693 588 741 patet
614 701 694 728 nou
722 689 851 728 solum
879 690 935 728 ita
962 690 1067 740 fieri,
1095 694 1139 730 ut
1165 690 1433 743 propositioB
1461 690 1514 729 sit
1539 701 1607 728 ea-

147 754 260 805 dem,
297 755 399 793 sicut
436 756 475 793 in
513 753 916 793 demonstrationibus
951 767 1053 806 quae
1079 755 1182 794 fiunt
1207 767 1284 806 per
1308 754 1608 805 coniugationes

146 819 217 861 AB
245 823 288 858 et
309 818 392 867 BC,
411 819 483 858 sed
505 818 622 857 etiam
650 817 719 865 ita,
748 822 794 857 ut
820 823 982 858 maneat
1007 818 1231 871 propositio
1246 819 1295 868 A,
1324 817 1431 870 quod
1459 817 1609 866 evenit,

145 884 181 923 si
208 882 411 923 conclusio
449 882 483 921 E
511 883 806 921 demonstratur
839 896 913 936 per
939 883 1261 936 coniugationem
1289 881 1609 936 propositionum

147 947 234 988 AG.
299 946 436 987 Verba
470 947 592 999 igitur
618 944 690 986 καὶ
717 947 805 986 ΛΓ
827 948 1022 986 servanda
1049 951 1164 998 sunt,
1193 960 1325 999 neque
1350 950 1486 986 tamen
1514 957 1607 984 cum

98 1036 102 1039 -
146 1011 373 1052 Alexandro
412 1012 464 1051 de
501 1011 676 1051 secunda
711 1011 842 1064 figura
877 1011 1111 1063 explicanda
1145 1011 1334 1051 videntur
1367 1022 1501 1061 neque
1534 1009 1606 1048 AB

148 1075 518 1128 accipiendaerunt
535 1075 586 1114 de
603 1075 734 1126 prima
749 1088 880 1127 neque
908 1075 977 1115 Bc
1005 1075 1058 1115 de
1083 1075 1225 1115 tertia:
1253 1087 1344 1115 nam
1371 1087 1451 1125 qua
1477 1073 1607 1126 figura

147 1139 404 1191 syllogismus
432 1139 502 1178 fiat
527 1139 623 1178 nihil
650 1139 790 1180 refert.

94 1204 216 1242 42211
256 1203 326 1242 Sin
364 1208 499 1242 autem
536 1203 740 1243 conclusio
776 1202 809 1242 C
837 1203 886 1242 fit
924 1216 972 1243 ex
1007 1203 1345 1256 propositionibus
1372 1202 1466 1251 AB,
1504 1213 1608 1252 quae

146 1268 259 1320 ipsae
280 1267 521 1318 colliguntur
547 1280 597 1307 ex
625 1268 726 1316 aliis,
753 1281 806 1306 ne
831 1268 890 1307 sic
917 1269 1078 1319 quidem
1106 1280 1209 1307 unus
1236 1267 1494 1320 syllogismus
1521 1264 1609 1317 plu-

144 1332 256 1371 ribus
284 1332 464 1370 terminis
502 1332 692 1371 constitui
725 1332 918 1371 dicendus
951 1333 1028 1371 erit
1055 1345 1172 1384 quam
1199 1332 1352 1379 tribus;
1380 1335 1474 1370 sunt
1500 1329 1609 1369 euim

146 1396 283 1448 plures
307 1395 539 1447 syllogismi,
568 1409 647 1435 non
666 1408 783 1446 unus,
812 1396 880 1448 qui
901 1397 1014 1438 fiunt.
1052 1396 1112 1435 De
1130 1393 1334 1449 ἐπαγωγῇ
1357 1394 1606 1444 (inductione

107 1485 110 1487 Δ
147 1472 207 1501 vs,
236 1462 281 1506 3)
310 1473 347 1499 v.
374 1461 539 1499 68b15.

94 1525 216 1564 42a6
244 1522 281 1564 εἰ
308 1522 348 1564 δ’
377 1518 460 1564 οὖν
481 1554 490 1564 .
515 1551 526 1561 .
549 1553 560 1564 .
580 1525 669 1564 Zell
698 1524 864 1575 „Wenn
898 1525 989 1564 hier
1025 1525 1123 1564 aber
1152 1525 1256 1564 auch
1282 1524 1394 1563 nicht
1420 1522 1610 1561 mehrere

148 1588 356 1638 Schlixsse,
384 1590 558 1628 sondern
584 1601 658 1627 nur
686 1589 771 1628 ein
796 1588 958 1628 Schlul's
978 1589 1045 1638 ist,
1077 1602 1121 1627 so
1149 1589 1253 1628 kann
1280 1588 1388 1627 doch
1415 1586 1490 1625 der
1517 1585 1610 1625 eine

147 1652 399 1692 Schlusssatz
435 1653 676 1691 vermittelst
707 1653 917 1692 mehrerer
943 1652 1120 1705 Begriffe
1146 1652 1324 1704 gebildet
1351 1650 1502 1702 seyn'’:
1527 1649 1610 1689 imo

146 1716 227 1756 hoc
253 1718 384 1768 ipsum
411 1721 475 1755 est
496 1716 602 1766 quod
625 1716 863 1755 Aristoteles
880 1728 1073 1767 expresse
1091 1721 1223 1768 negat.
1250 1715 1312 1755 De
1330 1715 1456 1754 sorite
1474 1718 1611 1753 tamen

149 1793 239 1819 cum
250 1779 371 1819 Pacio
393 1781 472 1818 hoc
487 1784 600 1818 recte
619 1779 791 1830 explicat
801 1779 969 1828 Zellius,
999 1779 1082 1830 qui,
1110 1781 1145 1819 si
1163 1778 1423 1818 Aristotelem
1444 1778 1501 1816 itu
1519 1789 1609 1816 ver-

148 1848 236 1883 tere
261 1844 412 1891 voluit,
452 1847 498 1882 ut
526 1843 645 1882 simul
673 1843 911 1894 explicaret,
939 1843 1076 1881 dicere
1103 1843 1299 1883 debebat:
1325 1841 1489 1890 „Wenu
1517 1853 1611 1880 man

149 1908 220 1947 das
259 1920 337 1947 nun
376 1907 481 1946 doch
517 1907 629 1946 nicht
668 1907 856 1946 mehrere
892 1906 1085 1945 Schliisse
1111 1919 1270 1945 nenneu
1295 1905 1396 1953 will,
1432 1904 1610 1944 sondern

148 1972 325 2020 einen,
365 1984 410 2011 so
438 1971 540 2022 gebe
577 1971 645 2010 ich
682 1984 755 2020 zu,
794 1969 880 2009 dass
920 1971 985 2010 ein
1022 1970 1104 2009 und
1139 1969 1327 2009 derselbe
1354 1967 1608 2008 Schlul'ssatz

147 2048 220 2075 aus
247 2035 363 2075 mehr
389 2035 448 2074 als
476 2035 577 2073 zwei
604 2034 903 2075 Vordersiitzen
930 2034 1130 2085 gefolgert
1156 2033 1317 2073 werden
1344 2032 1518 2073 konne''.
1563 2031 1608 2071 Si

148 2100 238 2152 quis
275 2100 386 2138 dicat
420 2112 542 2138 unum
583 2099 856 2151 syllogismum
894 2098 1077 2150 pluribus
1115 2097 1458 2151 propositionibus
1495 2095 1607 2135 effici

149 2177 268 2215 quam
304 2163 482 2211 duabus,
518 2167 589 2201 aut
616 2175 639 2201 e
666 2162 836 2201 diversis
863 2162 1204 2214 propositionibus
1231 2161 1374 2200 eadem
1401 2159 1607 2200 conclusio

147 2227 221 2266 fiet
247 2230 317 2264 aut
344 2229 512 2276 cogetur
537 2238 611 2276 per
637 2226 990 2277 prosyllogismos,
1026 2226 1106 2265 hoc
1139 2238 1236 2264 vero
1263 2224 1354 2264 fieri
1380 2224 1532 2275 nequit,
1559 2226 1608 2265 ut

149 2291 291 2331 eadem
330 2289 532 2328 conclusio
561 2301 663 2340 qnae
690 2302 715 2328 e
743 2290 895 2330 duabus
922 2289 1262 2342 propositionibus
1290 2288 1511 2340 proveniat,
1538 2300 1607 2327 ea-

149 2355 243 2394 dem
282 2354 436 2393 ratione
464 2353 583 2392 etiam
612 2353 780 2404 prodeat
807 2367 857 2394 ex
883 2355 1064 2406 pluribus
1092 2355 1287 2404 (namque
1313 2352 1445 2392 verbis
1474 2350 1532 2399 ὦς
1559 2348 1607 2392 δὲ
1671 2359 1675 2361 ’

151 2417 200 2459 τὸ
217 2418 262 2458 Γ
275 2416 347 2458 διὰ
365 2417 453 2457 τῶν
475 2417 555 2457 ΑΒ
581 2430 639 2456 vs.
650 2419 676 2455 ⁷
711 2418 951 2458 Aristoteles
974 2417 1308 2456 circumscribere
1325 2420 1487 2455 coactus
1503 2419 1605 2466 erat,

149 2483 256 2536 quod
285 2495 357 2522 nos
386 2495 463 2521 uno
483 2483 606 2521 verbo
635 2483 861 2533 exprimere
881 2494 1095 2534 possumus
1112 2480 1440 2531 ‚,unmittelbar''‚
1464 2492 1604 2532 quam-

151 2560 270 2600 quam
299 2546 387 2586 aliis
416 2546 514 2585 locis
533 2545 651 2584 aliter
669 2545 748 2584 hoc
765 2546 979 2597 expressit,
1008 2557 1044 2585 v.
1060 2557 1162 2596 quae
1180 2544 1360 2583 dicemus
1380 2543 1431 2583 ad
1446 2544 1603 2590 44b6).

152 2612 273 2662 Quod
287 2615 332 2650 ut
348 2610 506 2663 probet,
522 2608 761 2648 Aristoteles
777 2609 881 2648 hanc
897 2610 1000 2648 viam
1022 2608 1184 2648 insistit.
1217 2607 1401 2647 Postulat
1415 2608 1502 2660 ipsa
1520 2607 1603 2659 syl-

151 2675 310 2727 logismi
335 2679 492 2723 natura,
520 2677 566 2713 ut
592 2672 854 2712 terminorum
883 2673 935 2711 sit
962 2685 1012 2711 ea
1028 2672 1133 2712 ratio
1152 2684 1269 2723 quam
1282 2671 1433 2711 habent
1450 2683 1544 2724 pers
1560 2674 1605 2710 et

151 2741 302 2779 totum:
331 2750 457 2789 quare
480 2738 514 2776 si
532 2737 580 2775 fit
601 2735 803 2776 conclusio
824 2737 860 2776 Ε
884 2748 935 2775 ex
956 2735 1295 2788 propositionibus
1314 2734 1472 2784 Anco,
1497 2733 1604 2774 obti-

153 2813 250 2842 nere
268 2802 430 2842 debebit
450 2802 493 2842 in
515 2799 847 2841 interminorum
872 2799 976 2840 ratio
1000 2812 1119 2852 quam
1141 2799 1328 2842 diximus.
1366 2797 1461 2839 Fiet
1482 2797 1604 2851 igitur
