1774 3126
230 217 308 256 512
750 216 1000 260 Analytica
1030 215 1196 260 priora.

280 316 317 355 A
353 318 394 354 et
427 326 517 354 esse
544 313 757 360 scientiam,
795 312 866 351 sed
894 311 988 351 satis
1017 316 1093 361 est,
1131 312 1166 350 si
1193 312 1308 351 datur
1343 311 1574 351 medicinam
1611 302 1703 351 esse

280 378 494 416 scientiam.
562 376 720 420 Deinde
746 379 916 414 nostram
955 375 1269 426 explicationem,
1306 386 1406 426 quae
1433 374 1705 427 negligentiori

281 440 482 479 scribendi
520 438 665 490 generi,
708 450 785 488 quo
825 438 1079 477 Aristotelem
1118 439 1175 476 uti
1212 438 1288 475 iam
1327 437 1484 488 saepius
1521 436 1705 482 vidimus,

282 504 429 554 optime
457 500 649 547 convenit,
690 513 820 539 veram
859 513 947 540 esse
985 502 1194 540 ostendunt
1222 501 1335 538 etiam
1365 512 1464 551 quae
1490 502 1706 550 sequuntur

287 563 423 613 ὥσπερ
453 562 495 602 οἱ
520 558 677 613 ἔλεγχοι
703 561 903 613 γίνονται.
963 564 1062 602 Nam
1090 567 1135 603 ut
1171 563 1407 602 deductione
1432 563 1538 601 facta
1562 562 1610 600 ad
1637 562 1706 600 ab·

287 627 447 666 surdum
475 626 676 665 evincatur
703 639 779 665 non
808 639 962 666 omnem
990 619 1193 665 scientiam
1220 627 1389 678 positam
1425 637 1514 664 esse
1550 625 1587 663 in
1624 623 1707 663 exi-

282 689 517 735 stimatione,
556 689 744 728 sumimus
774 702 927 729 omnem
956 691 1158 729 scientiam
1185 690 1352 742 positam
1387 700 1477 727 esse
1504 688 1544 726 in
1571 686 1708 726 existi-

282 753 466 799 matione,
506 751 648 790 deinde
685 753 917 791 medicinam
955 753 1156 791 scientiam
1184 765 1273 791 esse
1307 763 1471 801 eamque
1496 762 1573 789 non
1600 750 1708 801 posi-

281 821 359 854 tam
387 815 426 853 in
453 814 739 854 existimatione
765 816 825 854 vel
848 816 1052 864 sumimus,
1080 816 1113 853 si
1135 816 1262 863 datur,
1290 814 1350 852 vel
1372 814 1708 851 demonstramus:

285 891 372 917 nam
400 878 521 916 verbo
548 875 694 927 λαβεῖν
721 882 928 929 utrumque
956 878 1206 928 significatur.
1234 899 1285 906 —
1352 875 1516 914 Servata
1543 875 1710 913 lectione

282 940 430 991 vulgari
455 940 526 979 Iul.
542 939 682 978 Pacius
710 946 867 979 coactus
895 945 990 990 erat,
1028 944 1071 978 ut
1096 940 1276 989 iungeret
1301 935 1372 979 καὶ
1398 936 1476 989 οὐχ
1501 935 1711 988 ὑπόληψις

283 1017 372 1043 cum
399 997 487 1042 εἶτα
512 1001 658 1053 λαβεῖν
694 1008 851 1042 vertens
890 1007 960 1050 „et
986 1015 1061 1042 non
1098 1015 1188 1041 esse
1217 1002 1546 1041 existimationem
1573 1004 1711 1053 postea

283 1078 440 1106 sumere
466 1066 656 1117 (probare
681 1079 754 1117 per
781 1070 1010 1118 sequentem
1039 1066 1332 1117 syllogismum]
1358 1077 1407 1103 ex
1429 1077 1478 1103 eo
1495 1064 1600 1115 quod
1621 1062 1710 1105 ...”

283 1130 487 1181 ingeniose
523 1128 680 1178 quidem
708 1129 799 1175 hoc,
841 1141 1073 1179 quamquam
1109 1131 1242 1168 nostra
1280 1128 1489 1180 explicatio
1517 1131 1556 1165 et
1582 1127 1712 1166 minus

282 1192 492 1232 artificiosa
518 1191 675 1230 videtur
701 1197 741 1230 et
767 1193 854 1230 loco
882 1192 1006 1242 magis
1047 1192 1294 1240 conveniens,
1330 1191 1564 1242 praesertim
1592 1201 1712 1240 quum

283 1268 331 1295 ex
359 1255 690 1306 propositionibus
726 1255 961 1294 medicinam
999 1267 1090 1294 esse
1117 1255 1323 1294 scientiam
1351 1266 1480 1303 neque
1514 1256 1647 1291 tamen
1673 1251 1713 1291 in

287 1317 576 1358 existimatione
611 1318 778 1369 positam
823 1330 913 1356 esse
958 1330 1036 1357 non
1072 1317 1223 1367 cogitur
1261 1314 1324 1357 ὅτι
1360 1318 1475 1356 πάσα
1511 1312 1714 1366 ἐπιστήμη

284 1380 361 1433 οὐχ
395 1378 606 1432 ὑπόληψις
643 1382 759 1426 (haec
788 1381 891 1420 enim
918 1381 1027 1420 notio
1061 1380 1302 1420 subiicienda
1338 1383 1444 1418 esset
1478 1379 1607 1417 verbi·
1643 1374 1715 1419 καὶ

285 1444 363 1496 οὐχ
389 1443 598 1495 ὑπόληψις
623 1457 681 1484 vs.
708 1446 795 1493 24),
837 1444 906 1482 sed
935 1440 999 1483 ὅτι
1026 1442 1079 1483 οὐ
1105 1447 1218 1484 πᾶσα
1254 1440 1454 1495 ἐπιστήμη
1490 1439 1714 1492 ὑπόληψις,

285 1508 390 1559 quod
418 1519 467 1545 ex
493 1507 582 1544 istis
608 1508 738 1546 verbis
767 1520 867 1557 quae
902 1520 924 1545 e
951 1511 1136 1547 contextu
1165 1508 1352 1547 eiecimus
1381 1507 1469 1545 elici
1497 1518 1615 1557 posse
1641 1504 1713 1545 lul.

284 1571 404 1610 Pacio
432 1569 593 1608 concedi
619 1570 680 1608 vix
707 1571 867 1621 poterit.

230 1634 318 1674 641»
330 1635 382 1671 26
421 1631 501 1672 οὐκ
528 1631 653 1678 ἔστιν,
688 1633 810 1671 intell.
839 1631 997 1682 λαβεῖν,
1034 1633 1136 1683 quod
1165 1632 1401 1671 eliciendum
1431 1635 1492 1670 est
1518 1643 1567 1670 ex
1594 1630 1715 1682 parti-

284 1697 388 1748 cipio
427 1693 655 1746 εἰλημμένα
691 1695 794 1746 quod
831 1696 1060 1746 praecessit.
1138 1695 1290 1734 Similia
1327 1707 1364 1734 v,
1401 1695 1575 1732 863a19
1612 1693 1717 1732 ποῖα

287 1757 453 1809 τέμνειν
488 1757 554 1798 δεῖ
592 1756 663 1798 καὶ
699 1759 802 1797 ποῖα
835 1756 972 1797 καίειν
998 1755 1069 1798 καὶ
1092 1759 1194 1798 ποῖα
1222 1759 1286 1804 οὔ,
1325 1755 1429 1796 ἀλλὰ
1456 1753 1716 1808 φαρμάκοιςς

289 1823 415 1862 intell.
443 1820 661 1872 ἰατρεύειν.
714 1823 863 1861 98⁷b9
891 1813 1017 1868 οὗτος
1043 1819 1122 1873 μὲν
1148 1816 1228 1861 οὖν
1254 1819 1305 1861 τὰ
1332 1822 1508 1861 τοιαῦτα
1533 1819 1619 1859 τῶν
1646 1820 1717 1860 ὄν-

287 1898 375 1925 των
411 1883 525 1932 ἰδέας
558 1883 895 1936 προσηγόρευσε,
942 1884 994 1925 τὰ
1030 1884 1068 1925 δ’
1108 1883 1288 1937 αἰσθητὰ
1326 1882 1441 1935 παρὰ
1475 1885 1609 1923 ταῦτα
1646 1880 1719 1924 καὶ

285 1947 394 1990 κατὰ
420 1951 554 1989 ταῦτα
579 1946 776 2000 λέγεσθαι
801 1947 954 1996 πάντα,
998 1949 1118 1988 intell.
1147 1947 1227 2000 ἔφη
1262 1949 1364 2000 quod
1392 1961 1415 1986 e
1441 1948 1561 1986 verbo
1587 1952 1717 1996 προσ-

285 2011 489 2065 ηγόρευσε
516 2013 683 2052 elicitur.
748 2013 947 2051 10101127
983 2010 1119 2052 καίτοι
1151 2015 1280 2052 τοῦτο
1317 2009 1571 2062 ἀναιροῦσιν
1597 2002 1717 2050 οὗτοι

273 2075 332 2116 -oi
355 2075 475 2128 λόγοι
501 2074 693 2123 ἅπαντες,
722 2071 860 2126 ὥσπερ
887 2072 958 2115 καὶ
985 2074 1135 2115 οὐσίαν
1159 2073 1216 2128 μὴ
1245 2069 1354 2115 εἶναι
1379 2073 1576 2126 μηθενός,
1602 2070 1716 2114 οὕτω

234 2176 237 2179 .
287 2139 389 2192 μηδ’,
414 2138 456 2189 ἐξ
482 2138 668 2191 ἀνάγκης
694 2137 844 2190 μηθέν,
880 2140 948 2185 nbi
975 2145 1084 2190 patet
1111 2153 1134 2179 e
1159 2140 1279 2178 verbo
1308 2137 1561 2189 ἀναιροῦσιν
1586 2141 1718 2176 mente

287 2203 547 2254 repetendum
575 2217 664 2242 esse
690 2203 851 2241 verbum
878 2203 1095 2252 asserendi,
1123 2215 1200 2242 non
1228 2202 1412 2249 tollendi;
1447 2200 1499 2241 cf.
1529 2200 1666 2239 12191)
1680 2199 1736 2246 1,

287 2279 405 2317 quem
433 2267 561 2306 locum
590 2267 794 2305 habuimus
822 2265 871 2304 ad
898 2266 1028 2305 3b13.
1090 2268 1224 2305 13183
1237 2268 1288 2304 22
1326 2263 1362 2305 εἰ
1394 2261 1471 2316 μὲν
1506 2262 1588 2316 γὰρ
1627 2259 1652 2303 ὅ
1678 2275 1719 2303 τι

288 2327 344 2369 ἂν
381 2327 425 2370 οἱ
457 2327 603 2382 ὀλίγοι,
642 2329 766 2369 intell.
805 2326 1053 2377 δοξάζωσινε
1090 2330 1307 2380 praecessit
1339 2328 1447 2369 ,enim
1473 2340 1531 2366 vs.
1549 2329 1602 2366 20
1629 2323 1654 2366 ὅ
1679 2337 1720 2367 τι

290 2391 344 2432 ἂν
371 2391 472 2445 δόξῃ
498 2397 551 2445 τῇ
577 2391 740 2433 πλείονι
766 2391 911 2447 οὐσία,
959 2394 1021 2433 cf.
1045 2394 1099 2434 ib.
1119 2405 1176 2433 vs,
1196 2395 1259 2431 33.
1298 2393 1470 2431 753229
1496 2388 1720 2441 συμβαίνει

288 2454 345 2497 τὸ.
362 2460 562 2497 τοιοῦτον
588 2456 792 2508 εὐλόγως·
831 2456 885 2497 οὐ
910 2454 991 2508 γὰρ
1029 2454 1179 2509 ῥᾴδιον
1213 2453 1292 2508 τὴν
1317 2452 1612 2506 ἁρμόττουσαν
1636 2455 1717 2493 πᾶ-

292 2528 359 2561 σιν
386 2519 639 2562 ἀποδιδόναι
664 2520 913 2572 θερμασίαν,
953 2519 1057 2560 ἀλλὰ
1093 2522 1181 2567 τοῖς
1206 2516 1283 2571 μὲν
1309 2516 1518 2568 ἐλλείπειν,
1555 2519 1644 2564 τοῖς
1670 2513 1717 2558 δὲ

289 2584 545 2634 πλεονάζειν,
583 2586 706 2625 intell.
734 2583 958 2637 συμβαίνει
983 2584 1087 2635 quod
1122 2589 1252 2623 mente
1279 2583 1408 2634 repeti
1434 2584 1568 2632 potest
1602 2585 1642 2619 et
1668 2591 1719 2619 ex

290 2650 611 2689 antecedentibus
640 2652 679 2688 et
706 2662 755 2688 ex
783 2649 1059 2700 sequentibus:
1094 2660 1215 2699 quare
1251 2650 1297 2686 ut
1333 2646 1443 2684 locus
1471 2644 1626 2683 facilius
1641 2643 1717 2697 25¹¹·

266 2733 270 2738 ·
292 2709 500 2761 telligatur,
528 2712 753 2751 removendi
779 2715 893 2752 erunt
910 2712 1054 2759 uncini,
1080 2715 1181 2762 'quos
1197 2709 1293 2749 Bkk.
1313 2708 1500 2746 adhibuit.
1544 2706 1716 2746 687231

289 2769 341 2813 τὰ
376 2770 454 2825 μὲν
486 2773 568 2826 γὰρ
604 2775 709 2816 ἄλλα
743 2774 844 2827 μίαν
879 2773 959 2828 ἔχει
996 2772 1204 2826 βοήθειαν
1229 2769 1299 2814 καὶ
1325 2769 1595 2824 μεταβάλλειν
1621 2765 1716 2810 ἀντὶ
