1826 3112
343 198 422 239 150
837 199 1247 235 ΑΝΑΛΤΤΙΚΩΝ

297 300 330 342 4
478 292 782 357 Διωρισμένων
798 295 844 341 δὲ
853 295 1022 343 τούτων
1041 296 1219 358 λέγομεν
1240 293 1331 360 ἤδη
1344 295 1416 344 διὰ
1435 298 1564 344 τίνων
1577 298 1649 344 καὶ
1658 297 1762 345 πότε

345 363 418 408 καὶ
448 368 540 419 πῶς
567 364 725 424 γίνεται
756 366 842 418 πᾶς
861 362 1171 423 συλλογισμός·
1202 361 1387 424 ὕστερον
1407 364 1453 409 δὲ
1475 364 1646 410 λεκτέον
1666 365 1763 424 περὶ

346 428 611 485 ἀποδείξεως.
642 427 853 486 πρότερον
881 429 926 474 δὲ
959 430 1056 488 περὶ
1089 432 1388 499 συλλογισμοῦ
1417 426 1645 476 λεκτέον’“
1618 449 1644 492 η
1665 431 1763 490 περὶ

346 493 600 578 ἅποδείξερις
627 492 699 539 διὰ
724 491 774 539 τὸ
800 494 1002 541 καθόλου
1032 499 1199 555 μᾶλλον
1218 500 1324 541 εἰναι
1347 492 1426 541 τὸν
1444 494 1760 556 συλλογισμόν·

296 578 330 605 30
350 558 375 622 ἦ
407 562 484 620 μὲν
509 578 591 620 γαρ
622 557 838 617 απόδειξις
870 561 1163 623 συλλογισμός
1199 579 1286 618 τις,
1328 560 1354 607 6
1392 559 1686 623 συλλογισιιὸς
1715 562 1762 607 δὲ

345 625 404 672 ov’
423 630 509 682 πᾶς
525 624 757 682 ἀπόδειξις.

465 689 601 738 Ὀταν
613 686 698 738 οὖν
707 689 803 750 ὅροι
812 697 923 750 τρεῖς
932 686 1074 749 οὕτως
1084 692 1206 752 ἔχωσι
1219 689 1328 775 πρὸς
1339 690 1557 754 ἀλλήλους
1568 689 1674 737 ωστε
1683 688 1764 737 τόν

345 757 522 817 ἔσχατον
541 759 585 804 ἐν
605 756 692 839 ὅλῳ
706 754 812 804 εἶναι
829 763 888 822 τῷ
907 759 1023 822 μέσῳ
1036 756 1195 803 καὶτὸν
1215 759 1347 816 μέσον
1370 758 1416 803 έν
1435 755 1522 821 ολῳ
1535 762 1596 822 τῷ
1608 756 1764 822 πρώτῳ

345 820 374 886 η’
397 829 504 869 εἰναι
530 821 559 886 ἢ
591 822 650 885 μὴ
681 821 810 880 εἶναι,
845 823 1009 885 ανάγκη
1039 827 1123 869 τῶν
1156 822 1300 882 ἄκρων
1331 819 1436 869 εἶναι
1469 803 1765 883 συλλογισμὸν

295 906 329 934 35
345 890 518 935 τέλειον.
549 893 673 934 καλῶ
704 891 750 935 δε
781 889 913 948 μέσον
942 906 1018 948 μεν
1056 886 1082 933 ὃ
1105 889 1178 933 καὶ
1212 886 1321 934 αὐτὸ
1353 888 1396 933 ἐν
1425 886 1541 952 ἄλλῳ
1560 890 1633 933 καὶ
1656 886 1763 934 ἄλλο

346 955 390 1000 έν
407 954 550 1018 τούτῳ
571 956 695 1009 ἐστίν,
715 953 822 1000 oua»
834 972 904 1020 τη
904 955 1026 1000 θέσει
1042 955 1197 1015 γίνεται
1211 954 1364 1014 μέσον·
1388 952 1501 1012 ἄκρα
1526 955 1572 1000 δὲ
1592 972 1642 999 το
1629 952 1763 1000 αὐτό

343 1038 386 1065 τε
417 1020 461 1066 ἐν
490 1019 608 1065 ἄλλω
639 1017 692 1066 ὂν
711 1021 783 1064 καὶ
805 1020 849 1065 ἐν
869 1039 903 1084 9»
928 1019 1033 1065 ἄλλο
1057 1020 1179 1065 ἐστίν.
1229 1021 1265 1066 εἰ
1285 1018 1367 1080 γὰρ
1395 1017 1445 1065 τό
1463 1025 1500 1065 Α
1521 1018 1628 1065 κατὰ
1650 1032 1760 1066 παν-

343 1083 418 1142 τὸς
438 1090 521 1132 τοῦ
540 1089 576 1131 Β
596 1087 667 1131 καὶ
687 1084 738 1131 τὸ
762 1088 799 1131 Β
815 1066 923 1131 κατὰ
947 1085 1106 1142 παντὸς
1127 1103 1209 1131 του
1234 1089 1285 1140 Γ,
1317 1083 1483 1147 ἀνάγκη
1511 1084 1561 1131 τὰ
1590 1090 1627 1131 A
1653 1083 1762 1131 κατὰ

344 1150 508 1208 παντος
535 1155 618 1197 τοῦ
635 1156 681 1197 Γ
695 1157 1050 1213 κατηγορεῖσθαι·
1082 1151 1291 1236 προτερον
1310 1149 1390 1211 γὰρ
1414 1153 1576 1213 εἴρηται
1597 1154 1692 1207 πῶς
1709 1149 1762 1197 τὸ

294 1235 329 1262 40
345 1215 451 1262 κατὰ
481 1215 642 1274 παντὸς
672 1218 860 1278 λέγοιιεν.
908 1216 1067 1277 ὁμοίως
1095 1219 1141 1263 δὲ
1168 1219 1239 1263 καὶ
1270 1219 1306 1263 εἰ
1326 1215 1377 1263 τό
1399 1219 1475 1276 μὲν
1496 1222 1532 1262 Α
1550 1235 1658 1262 κατα
1679 1235 1764 1278 μη-

241 1307 275 1339 p.
285 1295 329 1328 26
345 1281 468 1339 δενος
477 1287 559 1330 τοῦ
576 1283 695 1339 Β,τὸ
714 1286 759 1329 δὲ
772 1288 808 1329 Β
825 1282 931 1329 κατὰ
953 1282 1112 1339 παντὸς
1133 1287 1215 1328 τοῦ
1240 1286 1303 1338 Γ,
1329 1301 1395 1328 οτι
1409 1282 1459 1328 τὸ
1486 1287 1518 1328 Α
1536 1281 1680 1328 οὐδενὶ
1702 1287 1764 1347 τῷ

347 1353 392 1394 Γ
412 1347 608 1407 ὑπάρξει.
650 1350 687 1395 εἰ
714 1351 760 1395 δὲ
790 1348 839 1395 τὸ
869 1350 947 1407 μὲν
977 1364 1152 1407 πρῶτον
1181 1350 1306 1394 παντὶ
1335 1352 1394 1393 τῶ
1424 1349 1540 1413 μέσῳ
1568 1329 1765 1407 ὑπάρχει,

343 1413 395 1460 τὸ
425 1416 471 1460 δὲ
501 1417 634 1474 μέσον
663 1416 808 1477 μηδει
798 1435 812 1460 ι
830 1419 890 1478 τῷ
909 1414 1069 1495 ἐσχάτῳ
1089 1413 1287 1473 ὑπάρχει,
1316 1432 1403 1459 ουκ
1423 1416 1539 1460 ε’σται
1560 1418 1764 1474 συλλογι-

345 1479 455 1539 σμὸς
473 1484 561 1526 τοῖν
581 1498 746 1538 ακρων·
777 1479 911 1526 οὕὸεν
927 1479 1008 1540 γὰρ
1037 1479 1268 1540 ἀναγκαῖον
1291 1482 1517 1538 συμβαίνει
1541 1483 1602 1544 τῷ
1627 1484 1766 1525 ταῦτα

311 1543 473 1592 5εἶναι·
511 1547 583 1592 καὶ
620 1565 703 1606 γαρ
746 1547 871 1591 παντὶ
901 1547 973 1590 καὶ
1001 1547 1151 1607 μηδενὶ
1185 1546 1391 1604 ἐνδέχεται
1419 1544 1471 1592 τὸ
1503 1526 1677 1605 n963vov
1704 1549 1766 1610 τῷ

344 1612 507 1694 ἐσχάτῳ
523 1610 753 1672 υπάρχειν,
764 1610 873 1657 ωστε
884 1610 984 1657 οὔτε
995 1609 1043 1656 τὸ
1055 1629 1163 1656 κατα
1172 1611 1301 1670 μέρος
1314 1609 1414 1656 οὔτε
1425 1611 1474 1657 τὸ
1485 1611 1686 1657 καθόλου
1698 1613 1764 1672 γί-

343 1697 458 1724 νεται
480 1677 734 1738 άναγκαῖον·
756 1676 941 1739 μηδενὸς
959 1675 1050 1723 ὂε”
1025 1694 1151 1733 οντος
1170 1677 1411 1737 αναγκαιου
1423 1675 1493 1723 δια
1504 1677 1669 1723 τούτων
1679 1675 1765 1723 οὐκ

343 1745 459 1790 εσται
471 1742 776 1804 συλλογισμός.
792 1761 890 1802 οροι
899 1760 981 1789 του
993 1745 1117 1788 παντὶ
1129 1740 1339 1802 υπάρχειν
1351 1745 1494 1803 ζῷον·
1508 1741 1765 1802 ανθρωπος-

346 1812 489 1866 ι’ππος,
513 1827 596 1856 του
577 1812 755 1871 μηδενι
772 1813 913 1874 ζῷον-
929 1807 1197 1867 ἄνθρωπος·
1210 1810 1349 1890 λίθος.
1378 1807 1475 1855 ουὸ’
1489 1806 1701 1870 ὅταυμήτε
1711 1806 1763 1854 τὸ

295 1893 330 1919 10
345 1880 524 1936 πρῶτον
552 1880 613 1940 τῷ
641 1876 757 1940 μέσῳ
783 1875 887 1937 μήτε
919 1873 971 1921 τὸ
1001 1875 1134 1934 μέσον
1152 1879 1212 1939 τῷ
1231 1874 1389 1938 ἐσχάτῳ
1410 1876 1558 1936 μηδενι
1575 1873 1765 1934 ὑπάρχῃ,

345 1941 444 1988 0136'
463 1939 605 1998 οὕτως
624 1943 741 1987 εσται
754 1940 1056 2000 συλλογισμός.
1077 1958 1174 1998 οροι
1201 1944 1283 1985 τοῦ
1303 1939 1511 2000 ὑπάρχειν
1531 1939 1766 2001 ἐπιστήμη·

343 2006 553 2069 γραμιιή-
567 2006 749 2089 ἰατρική
761 2010 844 2052 τοῦ
856 2025 914 2068 μη
924 2004 1134 2065 υπαογειν
1145 2005 1388 2067 ἑπιστήιιη-
1398 2005 1603 2068 γραιιμή-
1616 2005 1765 2064 μονάς.

343 2072 548 2119 καθόλου
575 2091 652 2132 μεν
670 2091 754 2119 ουν
776 2070 914 2119 ὄντων
930 2076 1018 2117 τῶν
1039 2070 1168 2130 ὅρων,
1198 2075 1333 2133 δῆλον
1353 2073 1396 2117 ἐν
1414 2072 1555 2136 τούτῳ
1580 2076 1639 2152 τῷ
1657 2070 1765 2133 σχή-

343 2157 442 2198 ιιατι
463 2138 568 2185 ποτε
591 2140 706 2185 ἔσται
726 2139 796 2184 καὶ
819 2137 923 2184 πότε
949 2136 1033 2184 οὐκ
1053 2138 1166 2183 ε’σται
1186 2138 1494 2198 συλλογισμος,
1514 2136 1623 2183 καὶ
1606 2135 1670 2183 ότι
1690 2136 1764 2183 ὄν·-

295 2221 328 2248 15
344 2223 419 2262 τος
442 2223 484 2251 τε
505 2207 805 2265 συλλογισιιοῦ
829 2202 936 2260 τοὺς
959 2222 1092 2263 ορους
1119 2202 1352 2265 ἀναγκαῖον
1371 2206 1477 2265 ἔχειν
1495 2223 1554 2261 ως
1577 2205 1764 2264 εἴπομεν,

345 2269 400 2318 ἅν
418 2270 465 2317 θ’
483 2269 624 2327 οὕτως
649 2272 809 2330 ἔχωσιν,
831 2268 896 2316 ὅτι
917 2271 1031 2316 ἔσται
1051 2269 1358 2330 συλλογισμός.

468 2338 528 2382 Εἰ
537 2336 575 2382 6'
585 2336 609 2382 6
620 2339 697 2396 μὲν
705 2336 909 2385 καθόλου
919 2341 1003 2382 τῶν
1014 2334 1130 2394 ὅρων
1141 2334 1166 2381 ὃ
1177 2335 1214 2381 6'
1225 2337 1267 2382 ἐν
1277 2337 1392 2394 μέρει
1401 2333 1511 2393 πρὸς
1520 2332 1596 2380 τὸν
1607 2335 1764 2394 ἕτερον,

346 2400 451 2449 ὅταν
459 2404 536 2462 μὲν
545 2401 596 2448 τὸ
607 2403 814 2448 καθόλου
833 2407 941 2462 τεθῇ
961 2401 1071 2460 πρὸς
1080 2401 1130 2448 τὸ
1140 2405 1283 2460 μεῖζον
1295 2401 1428 2460 ἄκρον
1439 2398 1468 2463 ἢ
1479 2398 1766 2462 κατηγορικὸν

342 2466 373 2531 ἢ
382 2468 645 2531 στερητικόν,
657 2467 710 2515 τό
723 2470 768 2515 ὀὶ
781 2469 824 2514 ἐν
837 2469 952 2528 μέρει
964 2467 1073 2528 πρὸς
1081 2467 1131 2514 τὸ
1141 2469 1312 2514 ἔλαττον
1320 2466 1619 2529 κατηγορικόν,
1632 2465 1764 2527 άνάγ-

293 2555 327 2581 20
343 2554 399 2597 κη
430 2533 724 2596 συλλογισμὸν
753 2531 861 2582 εἶναι
888 2536 1073 2592 τέλειον,
1106 2532 1209 2581 ὅταν
1241 2535 1287 2581 δὲ
1318 2532 1434 2594 πρὸς
1461 2531 1512 2579 τὸ
1543 2531 1764 2596 ἔλαττονῆ

430 2650 474 2683 26
496 2649 651 2691 λέγωμεν
677 2660 755 2681 corr
778 2648 879 2682 «1.-
914 2649 958 2681 28
976 2645 1177 2693 δὲ1γᾶρηι.
1199 2664 1242 2672 —
1267 2645 1310 2679 30
1326 2643 1363 2689 ὁ]
1383 2642 1497 2687 ἐστιν,
1514 2644 1538 2680 ὁ
1561 2646 1605 2690 C',
1630 2643 1704 2680 ἐστι
1718 2656 1765 2687 m,

345 2705 400 2726 om
416 2705 450 2726 ιι
474 2711 520 2719 ——-
543 2695 585 2727 35
600 2692 666 2736 μὲν
684 2701 719 2726 et
733 2693 794 2727 καὶ
813 2689 904 2727 αὐτὸ
929 2704 983 2725 om
1007 2659 1115 2748 Mart?
1120 2692 1197 2725 2:51.

430 2736 518 2770 26a2
536 2706 706 2784 ὑπάρχει]
724 2736 925 2772 ἀκολουθεῖ
941 2745 975 2770 et
992 2739 1011 2770 3
1028 2734 1204 2780 ὑπάρχειν
1221 2735 1320 2769 Marc
1331 2735 1409 2770 231.
1428 2752 1474 2760 —-
1498 2735 1540 2769 13
1560 2746 1628 2770 ουν
1646 2744 1702 2769 om
1724 2734 1763 2768 C.
