<?xml version="1.0" encoding="UTF-8"?>
<!DOCTYPE html PUBLIC "-//W3C//DTD XHTML 1.0 Transitional//EN"
    "http://www.w3.org/TR/xhtml1/DTD/xhtml1-transitional.dtd">
<html xmlns="http://www.w3.org/1999/xhtml" xml:lang="en" lang="en">
 <head>
  <title>
</title>
<meta http-equiv="Content-Type" content="text/html;charset=utf-8" />
  <meta name='ocr-system' content='tesseract 3.04.00' />
  <meta name='ocr-capabilities' content='ocr_page ocr_carea ocr_par ocr_line ocrx_word'/>
</head>
<body>
  <div class='ocr_page' id='page_1' title='image "aristotelisorgan01arisuoft_0264.png"; bbox 0 0 1826 3112; ppageno 0'>
   <div class='ocr_carea' id='block_1_1' title="bbox 304 206 1224 246">
    <p class='ocr_par' dir='ltr' id='par_1_1' title="bbox 304 206 1224 246">
     <span class='ocr_line' id='line_1_1' title="bbox 304 206 1224 246; baseline 0.007 -6"><span class='ocrx_word' id='word_1_1' title='bbox 304 206 384 246; x_wconf 71' lang='lat'><em>28⁰</em></span> <span class='ocrx_word' id='word_1_2' title='bbox 824 211 1224 246; x_wconf 69' lang='lat' dir='ltr'><strong><em>ANAATTIKszN</em></strong></span> 
     </span>
    </p>
   </div>
   <div class='ocr_carea' id='block_1_2' title="bbox 245 301 1728 2471">
    <p class='ocr_par' dir='ltr' id='par_1_2' title="bbox 274 301 1725 635">
     <span class='ocr_line' id='line_1_2' title="bbox 274 301 1722 377; baseline 0.004 -27"><span class='ocrx_word' id='word_1_3' title='bbox 274 301 382 352; x_wconf 73' lang='grc' dir='ltr'><em>εέἂν</em></span> <span class='ocrx_word' id='word_1_4' title='bbox 404 307 562 367; x_wconf 81' lang='grc' dir='ltr'><em>ληφθῇ</em></span> <span class='ocrx_word' id='word_1_5' title='bbox 586 303 636 351; x_wconf 84' lang='grc' dir='ltr'><em>τὸ</em></span> <span class='ocrx_word' id='word_1_6' title='bbox 668 306 745 364; x_wconf 75' lang='grc' dir='ltr'><em>μὲν</em></span> <span class='ocrx_word' id='word_1_7' title='bbox 775 308 820 350; x_wconf 92' lang='grc' dir='ltr'><em>Γ</em></span> <span class='ocrx_word' id='word_1_8' title='bbox 850 307 975 353; x_wconf 84' lang='grc' dir='ltr'><em>παντὶ</em></span> <span class='ocrx_word' id='word_1_9' title='bbox 998 310 1066 377; x_wconf 76' lang='grc' dir='ltr'><em>τῷ</em></span> <span class='ocrx_word' id='word_1_10' title='bbox 1092 305 1241 364; x_wconf 87' lang='grc' dir='ltr'><em>Α,τὸ</em></span> <span class='ocrx_word' id='word_1_11' title='bbox 1270 308 1317 354; x_wconf 74' lang='grc' dir='ltr'><em>δὲ</em></span> <span class='ocrx_word' id='word_1_12' title='bbox 1348 311 1386 354; x_wconf 91' lang='grc' dir='ltr'><em>Α</em></span> <span class='ocrx_word' id='word_1_13' title='bbox 1417 311 1543 356; x_wconf 81' lang='grc' dir='ltr'><em>παντὶ</em></span> <span class='ocrx_word' id='word_1_14' title='bbox 1578 313 1642 374; x_wconf 72' lang='grc' dir='ltr'><em>τῷ</em></span> <span class='ocrx_word' id='word_1_15' title='bbox 1670 313 1722 367; x_wconf 85' lang='grc' dir='ltr'><strong><em>Β,</em></strong></span> 
     </span>
     <span class='ocr_line' id='line_1_3' title="bbox 304 354 1723 436; baseline 0.004 -20"><span class='ocrx_word' id='word_1_16' title='bbox 304 372 432 417; x_wconf 86' lang='grc' dir='ltr'><em>παντὶ</em></span> <span class='ocrx_word' id='word_1_17' title='bbox 458 375 519 436; x_wconf 76' lang='grc' dir='ltr'><em>τῷ</em></span> <span class='ocrx_word' id='word_1_18' title='bbox 545 374 582 416; x_wconf 90' lang='grc' dir='ltr'><strong><em>Β</em></strong></span> <span class='ocrx_word' id='word_1_19' title='bbox 609 368 660 417; x_wconf 77' lang='grc' dir='ltr'><em>τὸ</em></span> <span class='ocrx_word' id='word_1_20' title='bbox 696 369 782 416; x_wconf 88' lang='grc' dir='ltr'><em>Γ’</em></span> <span class='ocrx_word' id='word_1_21' title='bbox 754 370 918 435; x_wconf 82' lang='grc' dir='ltr'><em>ανάγκη</em></span> <span class='ocrx_word' id='word_1_22' title='bbox 937 354 1163 433; x_wconf 73' lang='grc' dir='ltr'><em>ὑπάρχειν.</em></span> <span class='ocrx_word' id='word_1_23' title='bbox 1198 371 1292 420; x_wconf 79' lang='grc' dir='ltr'><em>ἕν’</em></span> <span class='ocrx_word' id='word_1_24' title='bbox 1261 374 1523 435; x_wconf 85' lang='grc' dir='ltr'><em>αμφοτέροις</em></span> <span class='ocrx_word' id='word_1_25' title='bbox 1541 373 1597 436; x_wconf 81' lang='grc' dir='ltr'><em>δὴ</em></span> <span class='ocrx_word' id='word_1_26' title='bbox 1615 375 1723 422; x_wconf 79' lang='grc' dir='ltr'><em>τού-</em></span> 
     </span>
     <span class='ocr_line' id='line_1_4' title="bbox 304 437 1723 506; baseline 0.004 -24"><span class='ocrx_word' id='word_1_27' title='bbox 304 454 395 493; x_wconf 85' lang='grc' dir='ltr'><em>τοις</em></span> <span class='ocrx_word' id='word_1_28' title='bbox 433 442 523 493; x_wconf 88' lang='grc' dir='ltr'><em>τοῖς</em></span> <span class='ocrx_word' id='word_1_29' title='bbox 561 440 872 497; x_wconf 82' lang='grc' dir='ltr'><em>συλλογισμοῖς</em></span> <span class='ocrx_word' id='word_1_30' title='bbox 911 437 939 501; x_wconf 86' lang='grc' dir='ltr'><em>ἡ</em></span> <span class='ocrx_word' id='word_1_31' title='bbox 968 443 1044 484; x_wconf 90' lang='grc' dir='ltr'><em>ΓΑ</em></span> <span class='ocrx_word' id='word_1_32' title='bbox 1070 439 1280 506; x_wconf 84' lang='grc' dir='ltr'><em>πρότασις</em></span> <span class='ocrx_word' id='word_1_33' title='bbox 1320 442 1514 502; x_wconf 77' lang='grc' dir='ltr'><em>εἴληπται</em></span> <span class='ocrx_word' id='word_1_34' title='bbox 1552 439 1723 487; x_wconf 78' lang='grc' dir='ltr'><em>άναπό-</em></span> 
     </span>
     <span class='ocr_line' id='line_1_5' title="bbox 305 501 1723 569; baseline 0.004 -22"><span class='ocrx_word' id='word_1_35' title='bbox 305 505 491 559; x_wconf 81' lang='grc' dir='ltr'><strong><em>δεικτος·</em></strong></span> <span class='ocrx_word' id='word_1_36' title='bbox 528 503 571 547; x_wconf 80' lang='grc' dir='ltr'><em>αῖ</em></span> <span class='ocrx_word' id='word_1_37' title='bbox 600 501 682 564; x_wconf 76' lang='grc' dir='ltr'><em>γὰρ</em></span> <span class='ocrx_word' id='word_1_38' title='bbox 711 502 847 563; x_wconf 75' lang='grc' dir='ltr'><em>ἕτεραι</em></span> <span class='ocrx_word' id='word_1_39' title='bbox 875 506 1137 566; x_wconf 86' lang='grc' dir='ltr'><em>δεδειγμέναι</em></span> <span class='ocrx_word' id='word_1_40' title='bbox 1171 507 1296 567; x_wconf 44' lang='grc' dir='ltr'><em>ἠσαην</em></span> <span class='ocrx_word' id='word_1_41' title='bbox 1346 504 1531 552; x_wconf 70' lang='lat'><strong>02617’611</strong></span> <span class='ocrx_word' id='word_1_42' title='bbox 1560 506 1723 569; x_wconf 84' lang='grc' dir='ltr'><em>ταύτην</em></span> 
     </span>
     <span class='ocr_line' id='line_1_6' title="bbox 306 566 1725 635; baseline 0.004 -23"><span class='ocrx_word' id='word_1_43' title='bbox 306 566 606 633; x_wconf 82' lang='grc' dir='ltr'><em>άποδείξωμεν,</em></span> <span class='ocrx_word' id='word_1_44' title='bbox 636 566 799 615; x_wconf 71' lang='grc' dir='ltr'><em>ἅπασαι</em></span> <span class='ocrx_word' id='word_1_45' title='bbox 826 570 993 617; x_wconf 80' lang='grc' dir='ltr'><em>ἔσονται</em></span> <span class='ocrx_word' id='word_1_46' title='bbox 1028 573 1287 631; x_wconf 87' lang='grc' dir='ltr'><em>δεδειγμέναι</em></span> <span class='ocrx_word' id='word_1_47' title='bbox 1320 571 1374 618; x_wconf 86' lang='grc' dir='ltr'><em>δι’</em></span> <span class='ocrx_word' id='word_1_48' title='bbox 1396 572 1612 635; x_wconf 71' lang='grc' dir='ltr'><em>αλλήλων.</em></span> <span class='ocrx_word' id='word_1_49' title='bbox 1653 571 1725 618; x_wconf 77' lang='grc' dir='ltr'><em>ἐὰν</em></span> 
     </span>
    </p>

    <p class='ocr_par' dir='ltr' id='par_1_3' title="bbox 256 632 1725 959">
     <span class='ocr_line' id='line_1_7' title="bbox 256 632 1718 702; baseline 0.003 -24"><span class='ocrx_word' id='word_1_50' title='bbox 256 651 290 678; x_wconf 84' lang='grc' dir='ltr'><em>ιο</em></span> <span class='ocrx_word' id='word_1_51' title='bbox 305 634 390 679; x_wconf 86' lang='grc' dir='ltr'><em>οὐν</em></span> <span class='ocrx_word' id='word_1_52' title='bbox 420 637 579 695; x_wconf 79' lang='grc' dir='ltr'><em>ληφθῇ</em></span> <span class='ocrx_word' id='word_1_53' title='bbox 606 632 657 679; x_wconf 82' lang='grc' dir='ltr'><em>τὸ</em></span> <span class='ocrx_word' id='word_1_54' title='bbox 694 638 739 680; x_wconf 92' lang='grc' dir='ltr'>Γ</span> <span class='ocrx_word' id='word_1_55' title='bbox 758 637 886 682; x_wconf 86' lang='grc' dir='ltr'><em>παντὶ</em></span> <span class='ocrx_word' id='word_1_56' title='bbox 914 641 977 701; x_wconf 77' lang='grc' dir='ltr'><em>τῷ</em></span> <span class='ocrx_word' id='word_1_57' title='bbox 1007 640 1044 683; x_wconf 89' lang='grc' dir='ltr'><strong>Β</strong></span> <span class='ocrx_word' id='word_1_58' title='bbox 1065 639 1136 683; x_wconf 81' lang='grc' dir='ltr'><em>καὶ</em></span> <span class='ocrx_word' id='word_1_59' title='bbox 1155 636 1206 683; x_wconf 84' lang='grc' dir='ltr'><em>τὸ</em></span> <span class='ocrx_word' id='word_1_60' title='bbox 1227 641 1264 683; x_wconf 90' lang='grc' dir='ltr'><em>Β</em></span> <span class='ocrx_word' id='word_1_61' title='bbox 1283 639 1409 684; x_wconf 90' lang='grc' dir='ltr'><em>παντὶ</em></span> <span class='ocrx_word' id='word_1_62' title='bbox 1430 644 1494 702; x_wconf 77' lang='grc' dir='ltr'><em>τῷ</em></span> <span class='ocrx_word' id='word_1_63' title='bbox 1518 643 1552 685; x_wconf 87' lang='grc' dir='ltr'><em>Α</em></span> <span class='ocrx_word' id='word_1_64' title='bbox 1573 637 1718 698; x_wconf 81' lang='grc' dir='ltr'><em>ὑπάρ-</em></span> 
     </span>
     <span class='ocr_line' id='line_1_8' title="bbox 304 684 1723 785; baseline 0.004 -41"><span class='ocrx_word' id='word_1_65' title='bbox 304 716 417 758; x_wconf 80' lang='grc' dir='ltr'><em>χειν,</em></span> <span class='ocrx_word' id='word_1_66' title='bbox 456 698 699 759; x_wconf 78' lang='grc' dir='ltr'><em>ιῖμφότεραί</em></span> <span class='ocrx_word' id='word_1_67' title='bbox 739 712 782 746; x_wconf 83' lang='grc' dir='ltr'><em>τε</em></span> <span class='ocrx_word' id='word_1_68' title='bbox 818 702 862 747; x_wconf 78' lang='grc' dir='ltr'><em>αἱ</em></span> <span class='ocrx_word' id='word_1_69' title='bbox 900 702 1130 759; x_wconf 76' lang='grc' dir='ltr'><em>προτάσεις</em></span> <span class='ocrx_word' id='word_1_70' title='bbox 1167 684 1515 764; x_wconf 71' lang='grc' dir='ltr'><em>ἀποδεδειγμέναι</em></span> <span class='ocrx_word' id='word_1_71' title='bbox 1556 703 1723 785; x_wconf 83' lang='grc' dir='ltr'><em>λαμβά-</em></span> 
     </span>
     <span class='ocr_line' id='line_1_9' title="bbox 303 763 1724 830; baseline 0.004 -20"><span class='ocrx_word' id='word_1_72' title='bbox 303 781 473 819; x_wconf 86' lang='grc' dir='ltr'><em>νονται,</em></span> <span class='ocrx_word' id='word_1_73' title='bbox 504 765 576 810; x_wconf 85' lang='grc' dir='ltr'><em>καὶ</em></span> <span class='ocrx_word' id='word_1_74' title='bbox 607 763 658 810; x_wconf 81' lang='grc' dir='ltr'><em>τὸ</em></span> <span class='ocrx_word' id='word_1_75' title='bbox 685 769 803 829; x_wconf 77' lang='grc' dir='ltr'><em>Γτῷ</em></span> <span class='ocrx_word' id='word_1_76' title='bbox 823 771 860 812; x_wconf 92' lang='grc' dir='ltr'><em>Α</em></span> <span class='ocrx_word' id='word_1_77' title='bbox 880 765 1046 830; x_wconf 85' lang='grc' dir='ltr'><em>α’νάγκη</em></span> <span class='ocrx_word' id='word_1_78' title='bbox 1063 766 1285 827; x_wconf 76' lang='grc' dir='ltr'><em>ὑπάρχειν.</em></span> <span class='ocrx_word' id='word_1_79' title='bbox 1329 767 1523 829; x_wconf 83' lang='grc' dir='ltr'><em>φανερὸν</em></span> <span class='ocrx_word' id='word_1_80' title='bbox 1551 787 1636 814; x_wconf 85' lang='grc' dir='ltr'><em>ουν</em></span> <span class='ocrx_word' id='word_1_81' title='bbox 1657 767 1724 815; x_wconf 81' lang='grc' dir='ltr'><em>ὅτι</em></span> 
     </span>
     <span class='ocr_line' id='line_1_10' title="bbox 306 811 1723 896; baseline 0.004 -21"><span class='ocrx_word' id='word_1_82' title='bbox 306 829 351 876; x_wconf 77' lang='grc' dir='ltr'><em>ἐν</em></span> <span class='ocrx_word' id='word_1_83' title='bbox 370 828 520 889; x_wconf 84' lang='grc' dir='ltr'><em>μόνοις</em></span> <span class='ocrx_word' id='word_1_84' title='bbox 539 835 629 887; x_wconf 85' lang='grc' dir='ltr'><em>τοῖς</em></span> <span class='ocrx_word' id='word_1_85' title='bbox 650 811 986 891; x_wconf 81' lang='grc' dir='ltr'><em>άντιστρέφουσι</em></span> <span class='ocrx_word' id='word_1_86' title='bbox 1005 832 1156 896; x_wconf 79' lang='grc' dir='ltr'><em>κύκλῳ</em></span> <span class='ocrx_word' id='word_1_87' title='bbox 1174 835 1247 878; x_wconf 89' lang='grc' dir='ltr'><em>καὶ</em></span> <span class='ocrx_word' id='word_1_88' title='bbox 1267 831 1322 878; x_wconf 84' lang='grc' dir='ltr'><em>δι’</em></span> <span class='ocrx_word' id='word_1_89' title='bbox 1342 833 1544 896; x_wconf 81' lang='grc' dir='ltr'><em>άλλήλων</em></span> <span class='ocrx_word' id='word_1_90' title='bbox 1560 835 1723 894; x_wconf 81' lang='grc' dir='ltr'><em>ἐνδέχε-</em></span> 
     </span>
     <span class='ocr_line' id='line_1_11' title="bbox 304 895 1725 959; baseline 0.004 -19"><span class='ocrx_word' id='word_1_91' title='bbox 304 913 373 941; x_wconf 85' lang='grc' dir='ltr'><em>ται</em></span> <span class='ocrx_word' id='word_1_92' title='bbox 402 896 600 956; x_wconf 85' lang='grc' dir='ltr'><em>γίνεσθαι</em></span> <span class='ocrx_word' id='word_1_93' title='bbox 627 895 704 952; x_wconf 75' lang='grc' dir='ltr'><em>τὰς</em></span> <span class='ocrx_word' id='word_1_94' title='bbox 731 895 990 955; x_wconf 67' lang='grc' dir='ltr'><em>ἀποδείξεις,</em></span> <span class='ocrx_word' id='word_1_95' title='bbox 1023 898 1067 943; x_wconf 79' lang='grc' dir='ltr'><em>ἐν</em></span> <span class='ocrx_word' id='word_1_96' title='bbox 1096 900 1142 943; x_wconf 92' lang='grc' dir='ltr'><em>δε</em></span> <span class='ocrx_word' id='word_1_97' title='bbox 1162 904 1252 955; x_wconf 85' lang='grc' dir='ltr'><em>τοῖς</em></span> <span class='ocrx_word' id='word_1_98' title='bbox 1270 897 1418 955; x_wconf 71' lang='grc' dir='ltr'><em>ἄλλοις</em></span> <span class='ocrx_word' id='word_1_99' title='bbox 1440 898 1498 956; x_wconf 75' lang='grc' dir='ltr'><em>ὥς</em></span> <span class='ocrx_word' id='word_1_100' title='bbox 1516 900 1725 959; x_wconf 82' lang='grc' dir='ltr'><em>πρότερον</em></span> 
     </span>
    </p>

    <p class='ocr_par' dir='ltr' id='par_1_4' title="bbox 255 962 1724 1291">
     <span class='ocr_line' id='line_1_12' title="bbox 255 962 1722 1046; baseline 0.005 -41"><span class='ocrx_word' id='word_1_101' title='bbox 255 977 288 1005; x_wconf 86' lang='lat'><em>15</em></span> <span class='ocrx_word' id='word_1_102' title='bbox 304 962 488 1019; x_wconf 75' lang='grc' dir='ltr'><em>εἴπομεν.</em></span> <span class='ocrx_word' id='word_1_103' title='bbox 522 963 750 1020; x_wconf 86' lang='grc' dir='ltr'><em>συμβαίνει</em></span> <span class='ocrx_word' id='word_1_104' title='bbox 774 964 820 1008; x_wconf 79' lang='grc' dir='ltr'><em>δὲ</em></span> <span class='ocrx_word' id='word_1_105' title='bbox 846 965 919 1009; x_wconf 85' lang='grc' dir='ltr'><em>καὶ</em></span> <span class='ocrx_word' id='word_1_106' title='bbox 944 964 989 1009; x_wconf 81' lang='grc' dir='ltr'><em>ἐν</em></span> <span class='ocrx_word' id='word_1_107' title='bbox 1017 963 1189 1021; x_wconf 86' lang='grc' dir='ltr'><em>τούτοις</em></span> <span class='ocrx_word' id='word_1_108' title='bbox 1219 963 1340 1046; x_wconf 73' lang='grc' dir='ltr'><em>αυτῷ</em></span> <span class='ocrx_word' id='word_1_109' title='bbox 1372 969 1435 1029; x_wconf 78' lang='grc' dir='ltr'><em>τῷ</em></span> <span class='ocrx_word' id='word_1_110' title='bbox 1448 967 1722 1046; x_wconf 79' lang='grc' dir='ltr'><em>δεικνυμένῳ</em></span> 
     </span>
     <span class='ocr_line' id='line_1_13' title="bbox 303 1012 1724 1107; baseline 0.005 -37"><span class='ocrx_word' id='word_1_111' title='bbox 303 1030 497 1107; x_wconf 85' lang='grc' dir='ltr'><em>χρῆσθαι</em></span> <span class='ocrx_word' id='word_1_112' title='bbox 526 1025 642 1085; x_wconf 83' lang='grc' dir='ltr'><em>πρὸς</em></span> <span class='ocrx_word' id='word_1_113' title='bbox 670 1025 753 1089; x_wconf 71' lang='grc' dir='ltr'><em>τήν</em></span> <span class='ocrx_word' id='word_1_114' title='bbox 774 1026 1003 1084; x_wconf 81' lang='grc' dir='ltr'><em>α’πόδειξιν.</em></span> <span class='ocrx_word' id='word_1_115' title='bbox 1025 1028 1078 1075; x_wconf 82' lang='grc' dir='ltr'><em>τὸ</em></span> <span class='ocrx_word' id='word_1_116' title='bbox 1097 1048 1174 1090; x_wconf 88' lang='grc' dir='ltr'><em>μεν</em></span> <span class='ocrx_word' id='word_1_117' title='bbox 1192 1028 1272 1091; x_wconf 76' lang='grc' dir='ltr'><em>γὰρ</em></span> <span class='ocrx_word' id='word_1_118' title='bbox 1295 1012 1340 1076; x_wconf 89' lang='grc' dir='ltr'><em>Γ</em></span> <span class='ocrx_word' id='word_1_119' title='bbox 1354 1029 1461 1076; x_wconf 76' lang='grc' dir='ltr'><em>κατὰ</em></span> <span class='ocrx_word' id='word_1_120' title='bbox 1482 1035 1564 1077; x_wconf 87' lang='grc' dir='ltr'><em>τοῦ</em></span> <span class='ocrx_word' id='word_1_121' title='bbox 1585 1035 1622 1077; x_wconf 90' lang='grc' dir='ltr'><strong><em>Β</em></strong></span> <span class='ocrx_word' id='word_1_122' title='bbox 1650 1033 1724 1076; x_wconf 89' lang='grc' dir='ltr'><em>καὶ</em></span> 
     </span>
     <span class='ocr_line' id='line_1_14' title="bbox 302 1090 1722 1158; baseline 0.004 -21"><span class='ocrx_word' id='word_1_123' title='bbox 302 1090 355 1138; x_wconf 82' lang='grc' dir='ltr'><em>τὸ</em></span> <span class='ocrx_word' id='word_1_124' title='bbox 376 1090 534 1137; x_wconf 80' lang='grc' dir='ltr'><em>Βκατά</em></span> <span class='ocrx_word' id='word_1_125' title='bbox 554 1096 684 1139; x_wconf 89' lang='grc' dir='ltr'><em>τοῦΑ</em></span> <span class='ocrx_word' id='word_1_126' title='bbox 703 1094 919 1141; x_wconf 78' lang='grc' dir='ltr'><em>δείκνυται</em></span> <span class='ocrx_word' id='word_1_127' title='bbox 941 1096 1190 1158; x_wconf 78' lang='grc' dir='ltr'><em>ληφθέντος</em></span> <span class='ocrx_word' id='word_1_128' title='bbox 1207 1101 1291 1142; x_wconf 83' lang='grc' dir='ltr'><em>τοῦ</em></span> <span class='ocrx_word' id='word_1_129' title='bbox 1305 1095 1469 1143; x_wconf 80' lang='grc' dir='ltr'><em>Γκατὰ</em></span> <span class='ocrx_word' id='word_1_130' title='bbox 1487 1101 1570 1142; x_wconf 81' lang='grc' dir='ltr'><em>τοῦ</em></span> <span class='ocrx_word' id='word_1_131' title='bbox 1592 1101 1628 1142; x_wconf 90' lang='grc' dir='ltr'><em>Α</em></span> <span class='ocrx_word' id='word_1_132' title='bbox 1651 1097 1722 1143; x_wconf 88' lang='grc' dir='ltr'><em>λέ-</em></span> 
     </span>
     <span class='ocr_line' id='line_1_15' title="bbox 301 1155 1723 1243; baseline 0.004 -41"><span class='ocrx_word' id='word_1_133' title='bbox 301 1162 471 1218; x_wconf 85' lang='grc' dir='ltr'><em>γεσθαι,</em></span> <span class='ocrx_word' id='word_1_134' title='bbox 493 1155 544 1204; x_wconf 83' lang='grc' dir='ltr'><em>τὸ</em></span> <span class='ocrx_word' id='word_1_135' title='bbox 565 1159 610 1204; x_wconf 76' lang='grc' dir='ltr'><em>δὲ</em></span> <span class='ocrx_word' id='word_1_136' title='bbox 632 1162 678 1204; x_wconf 96' lang='grc' dir='ltr'><em>Γ</em></span> <span class='ocrx_word' id='word_1_137' title='bbox 690 1158 798 1205; x_wconf 76' lang='grc' dir='ltr'><em>κατὰ</em></span> <span class='ocrx_word' id='word_1_138' title='bbox 821 1165 905 1207; x_wconf 84' lang='grc' dir='ltr'><em>τοῦ</em></span> <span class='ocrx_word' id='word_1_139' title='bbox 927 1168 964 1207; x_wconf 91' lang='grc' dir='ltr'><em>Α</em></span> <span class='ocrx_word' id='word_1_140' title='bbox 987 1159 1059 1206; x_wconf 76' lang='grc' dir='ltr'><em>διὰ</em></span> <span class='ocrx_word' id='word_1_141' title='bbox 1078 1179 1244 1207; x_wconf 82' lang='grc' dir='ltr'><em>τουτων</em></span> <span class='ocrx_word' id='word_1_142' title='bbox 1266 1163 1482 1208; x_wconf 85' lang='grc' dir='ltr'><em>δείκνυται</em></span> <span class='ocrx_word' id='word_1_143' title='bbox 1502 1166 1592 1243; x_wconf 62' lang='grc' dir='ltr'><em>τοῖν</em></span> <span class='ocrx_word' id='word_1_144' title='bbox 1610 1177 1723 1222; x_wconf 85' lang='grc' dir='ltr'><em>προ-</em></span> 
     </span>
     <span class='ocr_line' id='line_1_16' title="bbox 300 1221 1723 1291; baseline 0.004 -22"><span class='ocrx_word' id='word_1_145' title='bbox 300 1222 486 1280; x_wconf 84' lang='grc' dir='ltr'><em>τάσεων,</em></span> <span class='ocrx_word' id='word_1_146' title='bbox 533 1221 640 1270; x_wconf 88' lang='grc' dir='ltr'><em>ωστε</em></span> <span class='ocrx_word' id='word_1_147' title='bbox 668 1229 732 1288; x_wconf 76' lang='grc' dir='ltr'><em>τῷ</em></span> <span class='ocrx_word' id='word_1_148' title='bbox 761 1227 1088 1288; x_wconf 86' lang='grc' dir='ltr'><em>συμπεράσματι</em></span> <span class='ocrx_word' id='word_1_149' title='bbox 1117 1226 1320 1288; x_wconf 77' lang='grc' dir='ltr'><em>χρώμεθα</em></span> <span class='ocrx_word' id='word_1_150' title='bbox 1352 1227 1466 1288; x_wconf 78' lang='grc' dir='ltr'><em>πρὸς</em></span> <span class='ocrx_word' id='word_1_151' title='bbox 1496 1226 1575 1291; x_wconf 90' lang='grc' dir='ltr'><em>τὴν</em></span> <span class='ocrx_word' id='word_1_152' title='bbox 1608 1227 1723 1274; x_wconf 76' lang='grc' dir='ltr'><em>άπό-</em></span> 
     </span>
    </p>

    <p class='ocr_par' dir='ltr' id='par_1_5' title="bbox 251 1288 447 1344">
     <span class='ocr_line' id='line_1_17' title="bbox 251 1288 447 1344; baseline 0.022 -12"><span class='ocrx_word' id='word_1_153' title='bbox 251 1305 287 1332; x_wconf 78' lang='lat'><em>20</em></span> <span class='ocrx_word' id='word_1_154' title='bbox 305 1288 447 1344; x_wconf 82' lang='grc' dir='ltr'><em>δειξιν.</em></span> 
     </span>
    </p>

    <p class='ocr_par' dir='ltr' id='par_1_6' title="bbox 300 1353 1728 1611">
     <span class='ocr_line' id='line_1_18' title="bbox 431 1353 1728 1438; baseline 0.003 -39.022"><span class='ocrx_word' id='word_1_155' title='bbox 431 1353 529 1399; x_wconf 86' lang='grc' dir='ltr'><em>Ἐπὶ</em></span> <span class='ocrx_word' id='word_1_156' title='bbox 552 1355 597 1400; x_wconf 88' lang='grc' dir='ltr'><em>δε</em></span> <span class='ocrx_word' id='word_1_157' title='bbox 616 1359 702 1401; x_wconf 76' lang='grc' dir='ltr'><em>τῶν</em></span> <span class='ocrx_word' id='word_1_158' title='bbox 723 1361 984 1438; x_wconf 75' lang='grc' dir='ltr'><em>στερητικῶν</em></span> <span class='ocrx_word' id='word_1_159' title='bbox 1007 1362 1313 1418; x_wconf 72' lang='grc' dir='ltr'><em>συλλογισμῶν</em></span> <span class='ocrx_word' id='word_1_160' title='bbox 1333 1359 1417 1403; x_wconf 68' lang='grc' dir='ltr'><em>(ὁδε</em></span> <span class='ocrx_word' id='word_1_161' title='bbox 1442 1358 1659 1404; x_wconf 83' lang='grc' dir='ltr'><em>δείκνυται</em></span> <span class='ocrx_word' id='word_1_162' title='bbox 1681 1356 1728 1413; x_wconf 81' lang='grc' dir='ltr'><em>ἐξ</em></span> 
     </span>
     <span class='ocr_line' id='line_1_19' title="bbox 301 1417 1722 1502; baseline 0.004 -38"><span class='ocrx_word' id='word_1_163' title='bbox 301 1417 515 1482; x_wconf 69' lang='grc' dir='ltr'><em>ἀλλήλων.</em></span> <span class='ocrx_word' id='word_1_164' title='bbox 554 1420 659 1466; x_wconf 83' lang='grc' dir='ltr'><em>εστω</em></span> <span class='ocrx_word' id='word_1_165' title='bbox 688 1419 738 1466; x_wconf 84' lang='grc' dir='ltr'><em>τὸ</em></span> <span class='ocrx_word' id='word_1_166' title='bbox 766 1440 841 1480; x_wconf 83' lang='grc' dir='ltr'><em>μεν</em></span> <span class='ocrx_word' id='word_1_167' title='bbox 865 1426 902 1468; x_wconf 89' lang='grc' dir='ltr'><strong><em>Β</em></strong></span> <span class='ocrx_word' id='word_1_168' title='bbox 921 1426 1047 1470; x_wconf 82' lang='grc' dir='ltr'><em>παντὶ</em></span> <span class='ocrx_word' id='word_1_169' title='bbox 1067 1429 1128 1488; x_wconf 79' lang='grc' dir='ltr'><em>τῷ</em></span> <span class='ocrx_word' id='word_1_170' title='bbox 1150 1423 1428 1502; x_wconf 82' lang='grc' dir='ltr'><em>Γυπάρχειν,</em></span> <span class='ocrx_word' id='word_1_171' title='bbox 1447 1421 1496 1469; x_wconf 84' lang='grc' dir='ltr'><em>τὸ</em></span> <span class='ocrx_word' id='word_1_172' title='bbox 1519 1425 1564 1469; x_wconf 87' lang='grc' dir='ltr'><em>δε</em></span> <span class='ocrx_word' id='word_1_173' title='bbox 1583 1428 1620 1468; x_wconf 90' lang='grc' dir='ltr'><em>Α</em></span> <span class='ocrx_word' id='word_1_174' title='bbox 1639 1421 1722 1469; x_wconf 79' lang='grc' dir='ltr'><em>οὐ-</em></span> 
     </span>
     <span class='ocr_line' id='line_1_20' title="bbox 300 1471 1722 1551; baseline 0.004 -21"><span class='ocrx_word' id='word_1_175' title='bbox 300 1486 389 1530; x_wconf 83' lang='grc' dir='ltr'><em>δενὶ</em></span> <span class='ocrx_word' id='word_1_176' title='bbox 410 1489 501 1531; x_wconf 69' lang='grc' dir='ltr'><em>τοῖν</em></span> <span class='ocrx_word' id='word_1_177' title='bbox 520 1489 579 1530; x_wconf 93' lang='grc' dir='ltr'><em>Β·</em></span> <span class='ocrx_word' id='word_1_178' title='bbox 603 1486 893 1546; x_wconf 73' lang='grc' dir='ltr'><em>συμπέρασμα</em></span> <span class='ocrx_word' id='word_1_179' title='bbox 912 1486 977 1534; x_wconf 79' lang='grc' dir='ltr'><em>ὅτι</em></span> <span class='ocrx_word' id='word_1_180' title='bbox 996 1506 1047 1535; x_wconf 89' lang='grc' dir='ltr'><em>το</em></span> <span class='ocrx_word' id='word_1_181' title='bbox 1067 1471 1108 1535; x_wconf 83' lang='lat' dir='ltr'><em>A‘</em></span> <span class='ocrx_word' id='word_1_182' title='bbox 1124 1488 1270 1536; x_wconf 79' lang='grc' dir='ltr'><em>οὐδενὶ</em></span> <span class='ocrx_word' id='word_1_183' title='bbox 1290 1493 1375 1534; x_wconf 79' lang='grc' dir='ltr'><em>τῶν</em></span> <span class='ocrx_word' id='word_1_184' title='bbox 1395 1493 1444 1534; x_wconf 87' lang='grc' dir='ltr'><em>Γ.</em></span> <span class='ocrx_word' id='word_1_185' title='bbox 1467 1490 1504 1534; x_wconf 89' lang='grc' dir='ltr'><em>εἰ</em></span> <span class='ocrx_word' id='word_1_186' title='bbox 1523 1488 1579 1551; x_wconf 83' lang='grc' dir='ltr'><em>δὴ</em></span> <span class='ocrx_word' id='word_1_187' title='bbox 1594 1489 1722 1535; x_wconf 88' lang='grc' dir='ltr'><em>πάλιν</em></span> 
     </span>
     <span class='ocr_line' id='line_1_21' title="bbox 300 1550 1722 1636; baseline 0.003 -40"><span class='ocrx_word' id='word_1_188' title='bbox 300 1553 368 1596; x_wconf 85' lang='grc' dir='ltr'><em>δεῖ</em></span> <span class='ocrx_word' id='word_1_189' title='bbox 398 1550 765 1611; x_wconf 88' lang='grc' dir='ltr'><em>συμπεράνασθαι</em></span> <span class='ocrx_word' id='word_1_190' title='bbox 799 1551 865 1598; x_wconf 85' lang='grc' dir='ltr'><em>ὅτι</em></span> <span class='ocrx_word' id='word_1_191' title='bbox 892 1553 941 1599; x_wconf 85' lang='grc' dir='ltr'><em>τὸ</em></span> <span class='ocrx_word' id='word_1_192' title='bbox 972 1559 1007 1600; x_wconf 88' lang='grc' dir='ltr'><em>Α</em></span> <span class='ocrx_word' id='word_1_193' title='bbox 1038 1554 1184 1601; x_wconf 80' lang='grc' dir='ltr'><em>οὐδενὶ</em></span> <span class='ocrx_word' id='word_1_194' title='bbox 1212 1559 1298 1601; x_wconf 77' lang='grc' dir='ltr'><em>τῶν</em></span> <span class='ocrx_word' id='word_1_195' title='bbox 1327 1558 1377 1610; x_wconf 87' lang='grc' dir='ltr'><strong><em>Β,</em></strong></span> <span class='ocrx_word' id='word_1_196' title='bbox 1413 1552 1437 1600; x_wconf 87' lang='grc' dir='ltr'><strong>ὃ</strong></span> <span class='ocrx_word' id='word_1_197' title='bbox 1459 1554 1594 1600; x_wconf 88' lang='grc' dir='ltr'><em>πάλαι</em></span> <span class='ocrx_word' id='word_1_198' title='bbox 1625 1555 1722 1636; x_wconf 73' lang='grc' dir='ltr'><em>έλα-</em></span> 
     </span>
    </p>

    <p class='ocr_par' dir='ltr' id='par_1_7' title="bbox 249 1615 1724 1946">
     <span class='ocr_line' id='line_1_22' title="bbox 249 1615 1724 1686; baseline 0.003 -24"><span class='ocrx_word' id='word_1_199' title='bbox 249 1634 285 1661; x_wconf 85' lang='lat'><em>25</em></span> <span class='ocrx_word' id='word_1_200' title='bbox 299 1620 386 1676; x_wconf 86' lang='grc' dir='ltr'><em>βεν,</em></span> <span class='ocrx_word' id='word_1_201' title='bbox 407 1618 523 1663; x_wconf 89' lang='grc' dir='ltr'><em>ε’σται</em></span> <span class='ocrx_word' id='word_1_202' title='bbox 541 1615 593 1664; x_wconf 88' lang='grc' dir='ltr'>τὸ</span> <span class='ocrx_word' id='word_1_203' title='bbox 613 1636 690 1677; x_wconf 87' lang='grc' dir='ltr'><em>μεν</em></span> <span class='ocrx_word' id='word_1_204' title='bbox 712 1621 749 1662; x_wconf 90' lang='grc' dir='ltr'><em>Α</em></span> <span class='ocrx_word' id='word_1_205' title='bbox 772 1621 920 1681; x_wconf 85' lang='grc' dir='ltr'><em>μηδενὶ</em></span> <span class='ocrx_word' id='word_1_206' title='bbox 937 1626 998 1686; x_wconf 77' lang='grc' dir='ltr'><em>τῷ</em></span> <span class='ocrx_word' id='word_1_207' title='bbox 1022 1625 1074 1678; x_wconf 94' lang='grc' dir='ltr'><em>Γ</em></span> <span class='ocrx_word' id='word_1_208' title='bbox 1095 1639 1147 1667; x_wconf 91' lang='grc' dir='ltr'><em>το</em></span> <span class='ocrx_word' id='word_1_209' title='bbox 1169 1623 1215 1667; x_wconf 87' lang='grc' dir='ltr'><em>δε</em></span> <span class='ocrx_word' id='word_1_210' title='bbox 1237 1625 1281 1667; x_wconf 91' lang='grc' dir='ltr'><em>Γ</em></span> <span class='ocrx_word' id='word_1_211' title='bbox 1296 1622 1423 1666; x_wconf 87' lang='grc' dir='ltr'><em>παντὶ</em></span> <span class='ocrx_word' id='word_1_212' title='bbox 1443 1624 1503 1685; x_wconf 76' lang='grc' dir='ltr'><em>τῷ</em></span> <span class='ocrx_word' id='word_1_213' title='bbox 1523 1625 1583 1666; x_wconf 91' lang='grc' dir='ltr'><strong><em>Β·</em></strong></span> <span class='ocrx_word' id='word_1_214' title='bbox 1605 1619 1724 1666; x_wconf 78' lang='grc' dir='ltr'><em>οὕτω</em></span> 
     </span>
     <span class='ocr_line' id='line_1_23' title="bbox 299 1681 1721 1750; baseline 0.004 -23"><span class='ocrx_word' id='word_1_215' title='bbox 299 1681 381 1744; x_wconf 84' lang='grc' dir='ltr'><em>γὰρ</em></span> <span class='ocrx_word' id='word_1_216' title='bbox 412 1681 626 1730; x_wconf 81' lang='grc' dir='ltr'><em>άνάπαλιν</em></span> <span class='ocrx_word' id='word_1_217' title='bbox 656 1682 686 1745; x_wconf 84' lang='grc' dir='ltr'>ἡ</span> <span class='ocrx_word' id='word_1_218' title='bbox 714 1684 933 1743; x_wconf 83' lang='grc' dir='ltr'><em>πρότασις.</em></span> <span class='ocrx_word' id='word_1_219' title='bbox 974 1688 1011 1733; x_wconf 83' lang='grc' dir='ltr'><em>εἰ</em></span> <span class='ocrx_word' id='word_1_220' title='bbox 1041 1686 1077 1732; x_wconf 84' lang='grc' dir='ltr'><em>δ’</em></span> <span class='ocrx_word' id='word_1_221' title='bbox 1109 1685 1176 1732; x_wconf 79' lang='grc' dir='ltr'><em>ὅτι</em></span> <span class='ocrx_word' id='word_1_222' title='bbox 1203 1686 1254 1733; x_wconf 82' lang='grc' dir='ltr'><em>τὸ</em></span> <span class='ocrx_word' id='word_1_223' title='bbox 1275 1691 1312 1732; x_wconf 90' lang='grc' dir='ltr'><strong><em>Β</em></strong></span> <span class='ocrx_word' id='word_1_224' title='bbox 1336 1690 1399 1750; x_wconf 76' lang='grc' dir='ltr'><em>τῷ</em></span> <span class='ocrx_word' id='word_1_225' title='bbox 1418 1690 1542 1733; x_wconf 82' lang='grc' dir='ltr'><em>Γδεῖ</em></span> <span class='ocrx_word' id='word_1_226' title='bbox 1554 1700 1721 1746; x_wconf 89' lang='grc' dir='ltr'><em>συμπε-</em></span> 
     </span>
     <span class='ocr_line' id='line_1_24' title="bbox 303 1747 1719 1831; baseline 0.002 -37"><span class='ocrx_word' id='word_1_227' title='bbox 303 1748 538 1831; x_wconf 79' lang='grc' dir='ltr'><em>ράνασθαι,</em></span> <span class='ocrx_word' id='word_1_228' title='bbox 553 1747 707 1796; x_wconf 77' lang='grc' dir='ltr'><em>οὐκέ-’θ</em></span> <span class='ocrx_word' id='word_1_229' title='bbox 725 1749 887 1810; x_wconf 85' lang='grc' dir='ltr'><em>ὁμοίως</em></span> <span class='ocrx_word' id='word_1_230' title='bbox 909 1750 1235 1811; x_wconf 81' lang='grc' dir='ltr'><em>άντιστρεπτέον</em></span> <span class='ocrx_word' id='word_1_231' title='bbox 1258 1751 1309 1798; x_wconf 80' lang='grc' dir='ltr'><em>τὸ</em></span> <span class='ocrx_word' id='word_1_232' title='bbox 1329 1756 1429 1797; x_wconf 87' lang='grc' dir='ltr'><strong><em>ΑΒ·</em></strong></span> <span class='ocrx_word' id='word_1_233' title='bbox 1458 1750 1487 1812; x_wconf 83' lang='grc' dir='ltr'>ἡ</span> <span class='ocrx_word' id='word_1_234' title='bbox 1513 1751 1596 1813; x_wconf 78' lang='grc' dir='ltr'><em>γάρ</em></span> <span class='ocrx_word' id='word_1_235' title='bbox 1608 1770 1719 1814; x_wconf 85' lang='grc' dir='ltr'><em>αυτη</em></span> 
     </span>
     <span class='ocr_line' id='line_1_25' title="bbox 298 1813 1720 1899; baseline 0.003 -39"><span class='ocrx_word' id='word_1_236' title='bbox 298 1813 522 1874; x_wconf 85' lang='grc' dir='ltr'><em>πρότασις,</em></span> <span class='ocrx_word' id='word_1_237' title='bbox 552 1814 602 1862; x_wconf 86' lang='grc' dir='ltr'><em>τὸ</em></span> <span class='ocrx_word' id='word_1_238' title='bbox 634 1819 672 1861; x_wconf 94' lang='grc' dir='ltr'><strong><em>Β</em></strong></span> <span class='ocrx_word' id='word_1_239' title='bbox 702 1819 861 1898; x_wconf 88' lang='grc' dir='ltr'><em>μηδενὶ</em></span> <span class='ocrx_word' id='word_1_240' title='bbox 881 1822 942 1899; x_wconf 78' lang='grc' dir='ltr'><em>τῷ</em></span> <span class='ocrx_word' id='word_1_241' title='bbox 981 1823 1017 1864; x_wconf 91' lang='grc' dir='ltr'><em>Α</em></span> <span class='ocrx_word' id='word_1_242' title='bbox 1048 1820 1122 1865; x_wconf 88' lang='grc' dir='ltr'><em>καὶ</em></span> <span class='ocrx_word' id='word_1_243' title='bbox 1142 1817 1193 1864; x_wconf 88' lang='grc' dir='ltr'><em>τὸ</em></span> <span class='ocrx_word' id='word_1_244' title='bbox 1216 1824 1251 1865; x_wconf 89' lang='grc' dir='ltr'><em>Α</em></span> <span class='ocrx_word' id='word_1_245' title='bbox 1270 1819 1419 1880; x_wconf 87' lang='grc' dir='ltr'><em>μηδενὶ</em></span> <span class='ocrx_word' id='word_1_246' title='bbox 1438 1822 1501 1882; x_wconf 76' lang='grc' dir='ltr'><em>τῷ</em></span> <span class='ocrx_word' id='word_1_247' title='bbox 1521 1822 1558 1864; x_wconf 90' lang='grc' dir='ltr'><strong><em>Β</em></strong></span> <span class='ocrx_word' id='word_1_248' title='bbox 1574 1817 1720 1877; x_wconf 79' lang='grc' dir='ltr'><em>ὑπάρ-</em></span> 
     </span>
     <span class='ocr_line' id='line_1_26' title="bbox 298 1879 1721 1948; baseline 0.002 -22"><span class='ocrx_word' id='word_1_249' title='bbox 298 1898 398 1939; x_wconf 84' lang='grc' dir='ltr'><em>χειν.</em></span> <span class='ocrx_word' id='word_1_250' title='bbox 443 1879 554 1927; x_wconf 69' lang='grc' dir='ltr'><em>ἀλλὰ</em></span> <span class='ocrx_word' id='word_1_251' title='bbox 584 1882 795 1944; x_wconf 81' lang='grc' dir='ltr'><em>ληπτέον,</em></span> <span class='ocrx_word' id='word_1_252' title='bbox 826 1903 860 1948; x_wconf 82' lang='grc' dir='ltr'><em>ῳ</em></span> <span class='ocrx_word' id='word_1_253' title='bbox 894 1882 944 1930; x_wconf 85' lang='grc' dir='ltr'><em>τὸ</em></span> <span class='ocrx_word' id='word_1_254' title='bbox 975 1888 1012 1930; x_wconf 91' lang='grc' dir='ltr'><em>Α</em></span> <span class='ocrx_word' id='word_1_255' title='bbox 1042 1887 1192 1946; x_wconf 86' lang='grc' dir='ltr'><em>μηδενὶ</em></span> <span class='ocrx_word' id='word_1_256' title='bbox 1217 1883 1415 1944; x_wconf 79' lang='grc' dir='ltr'><em>υπάρχει,</em></span> <span class='ocrx_word' id='word_1_257' title='bbox 1445 1882 1496 1929; x_wconf 89' lang='grc' dir='ltr'><em>τὸ</em></span> <span class='ocrx_word' id='word_1_258' title='bbox 1528 1888 1565 1930; x_wconf 87' lang='grc' dir='ltr'><strong><em>Β</em></strong></span> <span class='ocrx_word' id='word_1_259' title='bbox 1595 1885 1721 1930; x_wconf 83' lang='grc' dir='ltr'><em>παντὶ</em></span> 
     </span>
    </p>

    <p class='ocr_par' dir='ltr' id='par_1_8' title="bbox 245 1943 1721 2340">
     <span class='ocr_line' id='line_1_27' title="bbox 247 1943 1720 2029; baseline 0.001 -36"><span class='ocrx_word' id='word_1_260' title='bbox 247 1944 522 2029; x_wconf 74' lang='grc' dir='ltr'><em>ωὐπάρχειν.</em></span> <span class='ocrx_word' id='word_1_261' title='bbox 552 1947 656 1993; x_wconf 87' lang='grc' dir='ltr'><em>ε’στω</em></span> <span class='ocrx_word' id='word_1_262' title='bbox 685 1947 736 1994; x_wconf 87' lang='grc' dir='ltr'><em>τὸ</em></span> <span class='ocrx_word' id='word_1_263' title='bbox 768 1953 806 1994; x_wconf 91' lang='grc' dir='ltr'><em>Α</em></span> <span class='ocrx_word' id='word_1_264' title='bbox 833 1953 983 2011; x_wconf 89' lang='grc' dir='ltr'><em>μηδενὶ</em></span> <span class='ocrx_word' id='word_1_265' title='bbox 1008 1955 1097 1995; x_wconf 74' lang='grc' dir='ltr'><em>τῶν</em></span> <span class='ocrx_word' id='word_1_266' title='bbox 1127 1949 1418 2009; x_wconf 77' lang='grc' dir='ltr'><em>Γύπάρχειν,</em></span> <span class='ocrx_word' id='word_1_267' title='bbox 1448 1948 1555 2009; x_wconf 80' lang='grc' dir='ltr'><em>ὅπερ</em></span> <span class='ocrx_word' id='word_1_268' title='bbox 1586 1943 1645 2011; x_wconf 81' lang='grc' dir='ltr'><em>ἦν</em></span> <span class='ocrx_word' id='word_1_269' title='bbox 1669 1947 1720 1995; x_wconf 79' lang='grc' dir='ltr'><em>τὸ</em></span> 
     </span>
     <span class='ocr_line' id='line_1_28' title="bbox 298 2006 1721 2077; baseline 0.002 -20"><span class='ocrx_word' id='word_1_270' title='bbox 298 2013 610 2073; x_wconf 84' lang='grc' dir='ltr'><em>συμπέρασμα·</em></span> <span class='ocrx_word' id='word_1_271' title='bbox 653 2006 691 2076; x_wconf 74' lang='grc' dir='ltr'><em>(ῥ</em></span> <span class='ocrx_word' id='word_1_272' title='bbox 733 2016 779 2060; x_wconf 89' lang='grc' dir='ltr'><em>δε</em></span> <span class='ocrx_word' id='word_1_273' title='bbox 818 2013 870 2059; x_wconf 82' lang='grc' dir='ltr'><em>τὸ</em></span> <span class='ocrx_word' id='word_1_274' title='bbox 914 2019 952 2060; x_wconf 88' lang='lat' dir='ltr'><em>A</em></span> <span class='ocrx_word' id='word_1_275' title='bbox 989 2017 1161 2077; x_wconf 80' lang='grc' dir='ltr'><em>μηδενί,</em></span> <span class='ocrx_word' id='word_1_276' title='bbox 1198 2014 1248 2061; x_wconf 84' lang='grc' dir='ltr'><em>τὸ</em></span> <span class='ocrx_word' id='word_1_277' title='bbox 1291 2019 1329 2060; x_wconf 91' lang='grc' dir='ltr'><strong><em>Β</em></strong></span> <span class='ocrx_word' id='word_1_278' title='bbox 1364 2014 1562 2076; x_wconf 78' lang='grc' dir='ltr'><em>εἰλήφθω</em></span> <span class='ocrx_word' id='word_1_279' title='bbox 1595 2016 1721 2060; x_wconf 83' lang='grc' dir='ltr'><em>παντὶ</em></span> 
     </span>
     <span class='ocr_line' id='line_1_29' title="bbox 295 2072 1720 2162; baseline 0.002 -39"><span class='ocrx_word' id='word_1_280' title='bbox 295 2075 528 2138; x_wconf 70' lang='grc' dir='ltr'><em>ὑπάρχειν·</em></span> <span class='ocrx_word' id='word_1_281' title='bbox 575 2077 740 2162; x_wconf 73' lang='grc' dir='ltr'><em>ἀνάγκη</em></span> <span class='ocrx_word' id='word_1_282' title='bbox 770 2072 854 2125; x_wconf 76' lang='grc' dir='ltr'><em>οὖν</em></span> <span class='ocrx_word' id='word_1_283' title='bbox 885 2079 935 2126; x_wconf 86' lang='grc' dir='ltr'><em>τὸ</em></span> <span class='ocrx_word' id='word_1_284' title='bbox 969 2085 1006 2126; x_wconf 97' lang='grc' dir='ltr'><strong><em>Β</em></strong></span> <span class='ocrx_word' id='word_1_285' title='bbox 1035 2083 1161 2128; x_wconf 83' lang='grc' dir='ltr'><em>παντὶ</em></span> <span class='ocrx_word' id='word_1_286' title='bbox 1188 2086 1252 2145; x_wconf 73' lang='grc' dir='ltr'><em>τῷ</em></span> <span class='ocrx_word' id='word_1_287' title='bbox 1274 2085 1320 2126; x_wconf 96' lang='grc' dir='ltr'><em>Γ</em></span> <span class='ocrx_word' id='word_1_288' title='bbox 1339 2079 1562 2140; x_wconf 85' lang='grc' dir='ltr'><em>υπάρχειν.</em></span> <span class='ocrx_word' id='word_1_289' title='bbox 1613 2078 1720 2126; x_wconf 75' lang='grc' dir='ltr'><em>ὥστε</em></span> 
     </span>
     <span class='ocr_line' id='line_1_30' title="bbox 293 2142 1720 2211; baseline 0.001 -22"><span class='ocrx_word' id='word_1_290' title='bbox 293 2147 439 2202; x_wconf 70' lang='grc' dir='ltr'><em>τριῶν·</em></span> <span class='ocrx_word' id='word_1_291' title='bbox 479 2142 618 2190; x_wconf 79' lang='grc' dir='ltr'><em>ὄντων</em></span> <span class='ocrx_word' id='word_1_292' title='bbox 648 2145 829 2190; x_wconf 76' lang='grc' dir='ltr'><em>ἕκαστον</em></span> <span class='ocrx_word' id='word_1_293' title='bbox 859 2148 1147 2207; x_wconf 81' lang='grc' dir='ltr'><em>συμπέρασμα</em></span> <span class='ocrx_word' id='word_1_294' title='bbox 1178 2149 1346 2207; x_wconf 77' lang='grc' dir='ltr'><em>γέγονε,</em></span> <span class='ocrx_word' id='word_1_295' title='bbox 1377 2148 1450 2191; x_wconf 83' lang='grc' dir='ltr'><em>καὶ</em></span> <span class='ocrx_word' id='word_1_296' title='bbox 1483 2145 1535 2191; x_wconf 80' lang='grc' dir='ltr'><em>τὰ</em></span> <span class='ocrx_word' id='word_1_297' title='bbox 1569 2145 1720 2211; x_wconf 78' lang='grc' dir='ltr'><em>κύκλῳ</em></span> 
     </span>
     <span class='ocr_line' id='line_1_31' title="bbox 296 2193 1719 2273; baseline 0.003 -19"><span class='ocrx_word' id='word_1_298' title='bbox 296 2207 606 2256; x_wconf 67' lang='grc' dir='ltr'><em>ἀποδεικνύναι</em></span> <span class='ocrx_word' id='word_1_299' title='bbox 643 2210 762 2256; x_wconf 85' lang='grc' dir='ltr'><em>τοῦτ’</em></span> <span class='ocrx_word' id='word_1_300' title='bbox 803 2211 912 2273; x_wconf 88' lang='grc' dir='ltr'><em>εστι,</em></span> <span class='ocrx_word' id='word_1_301' title='bbox 942 2210 994 2258; x_wconf 88' lang='grc' dir='ltr'><em>τό</em></span> <span class='ocrx_word' id='word_1_302' title='bbox 1028 2212 1317 2271; x_wconf 84' lang='grc' dir='ltr'><em>συμπέρασμα</em></span> <span class='ocrx_word' id='word_1_303' title='bbox 1343 2210 1614 2270; x_wconf 85' lang='grc' dir='ltr'><em>λαμβάνοντα</em></span> <span class='ocrx_word' id='word_1_304' title='bbox 1646 2193 1719 2258; x_wconf 72' lang='grc' dir='ltr'><em>καὶ</em></span> 
     </span>
     <span class='ocr_line' id='line_1_32' title="bbox 245 2273 1649 2340; baseline 0.001 -19"><span class='ocrx_word' id='word_1_305' title='bbox 245 2293 280 2321; x_wconf 80' lang='lat'><em>⁸5</em></span> <span class='ocrx_word' id='word_1_306' title='bbox 296 2273 510 2322; x_wconf 81' lang='grc' dir='ltr'><em>άνάπαλιν</em></span> <span class='ocrx_word' id='word_1_307' title='bbox 527 2274 606 2338; x_wconf 80' lang='grc' dir='ltr'><em>τὴν</em></span> <span class='ocrx_word' id='word_1_308' title='bbox 629 2275 775 2336; x_wconf 69' lang='grc' dir='ltr'><em>ἑτέραν</em></span> <span class='ocrx_word' id='word_1_309' title='bbox 793 2277 1007 2337; x_wconf 89' lang='grc' dir='ltr'><em>πρότασιν</em></span> <span class='ocrx_word' id='word_1_310' title='bbox 1026 2276 1106 2340; x_wconf 88' lang='grc' dir='ltr'><em>τὴν</em></span> <span class='ocrx_word' id='word_1_311' title='bbox 1124 2276 1287 2340; x_wconf 81' lang='grc' dir='ltr'><em>λοιπὴν</em></span> <span class='ocrx_word' id='word_1_312' title='bbox 1304 2279 1649 2338; x_wconf 75' lang='grc' dir='ltr'><em>συλλογίζεσθαι.</em></span> 
     </span>
    </p>

    <p class='ocr_par' dir='ltr' id='par_1_9' title="bbox 427 2339 1715 2406">
     <span class='ocr_line' id='line_1_33' title="bbox 427 2339 1715 2406; baseline 0.002 -19.011"><span class='ocrx_word' id='word_1_313' title='bbox 427 2339 525 2387; x_wconf 86' lang='grc' dir='ltr'><em>Ἐπὶ</em></span> <span class='ocrx_word' id='word_1_314' title='bbox 538 2343 584 2388; x_wconf 76' lang='grc' dir='ltr'><em>δὲ</em></span> <span class='ocrx_word' id='word_1_315' title='bbox 594 2346 679 2388; x_wconf 77' lang='grc' dir='ltr'><em>τῶν</em></span> <span class='ocrx_word' id='word_1_316' title='bbox 690 2342 734 2389; x_wconf 80' lang='grc' dir='ltr'><em>ἐν</em></span> <span class='ocrx_word' id='word_1_317' title='bbox 745 2343 860 2403; x_wconf 89' lang='grc' dir='ltr'><em>μέρει</em></span> <span class='ocrx_word' id='word_1_318' title='bbox 872 2348 1174 2406; x_wconf 79' lang='grc' dir='ltr'><em>συλλογισμῶν</em></span> <span class='ocrx_word' id='word_1_319' title='bbox 1193 2342 1271 2406; x_wconf 81' lang='grc' dir='ltr'><em>τὴν</em></span> <span class='ocrx_word' id='word_1_320' title='bbox 1288 2345 1365 2403; x_wconf 72' lang='grc' dir='ltr'><em>μὲν</em></span> <span class='ocrx_word' id='word_1_321' title='bbox 1383 2341 1586 2389; x_wconf 78' lang='grc' dir='ltr'><em>καθόλου</em></span> <span class='ocrx_word' id='word_1_322' title='bbox 1605 2341 1715 2404; x_wconf 90' lang='grc' dir='ltr'><em>πρό-</em></span> 
     </span>
    </p>

    <p class='ocr_par' dir='ltr' id='par_1_10' title="bbox 292 2407 1716 2471">
     <span class='ocr_line' id='line_1_34' title="bbox 292 2407 1716 2471; baseline 0.001 -19"><span class='ocrx_word' id='word_1_323' title='bbox 292 2417 416 2453; x_wconf 91' lang='grc' dir='ltr'><em>τασιν</em></span> <span class='ocrx_word' id='word_1_324' title='bbox 442 2425 528 2454; x_wconf 86' lang='grc' dir='ltr'><em>ουκ</em></span> <span class='ocrx_word' id='word_1_325' title='bbox 552 2408 665 2454; x_wconf 91' lang='grc' dir='ltr'><em>εστιν</em></span> <span class='ocrx_word' id='word_1_326' title='bbox 694 2407 915 2464; x_wconf 75' lang='grc' dir='ltr'><em>ἄποδεῖξαι</em></span> <span class='ocrx_word' id='word_1_327' title='bbox 949 2409 1021 2456; x_wconf 79' lang='grc' dir='ltr'><em>διὰ</em></span> <span class='ocrx_word' id='word_1_328' title='bbox 1042 2415 1128 2457; x_wconf 78' lang='grc' dir='ltr'><em>τῶν</em></span> <span class='ocrx_word' id='word_1_329' title='bbox 1151 2410 1315 2471; x_wconf 74' lang='grc' dir='ltr'><em>ἑτέρων,</em></span> <span class='ocrx_word' id='word_1_330' title='bbox 1343 2427 1424 2471; x_wconf 88' lang='grc' dir='ltr'><em>την</em></span> <span class='ocrx_word' id='word_1_331' title='bbox 1443 2410 1488 2455; x_wconf 89' lang='grc' dir='ltr'><em>δε</em></span> <span class='ocrx_word' id='word_1_332' title='bbox 1511 2408 1618 2454; x_wconf 83' lang='grc' dir='ltr'><em>κατὰ</em></span> <span class='ocrx_word' id='word_1_333' title='bbox 1640 2409 1716 2469; x_wconf 86' lang='grc' dir='ltr'><em>μέ-</em></span> 
     </span>
    </p>
   </div>
   <div class='ocr_carea' id='block_1_3' title="bbox 297 2509 566 2514">
    <p class='ocr_par' dir='ltr' id='par_1_11' title="bbox 297 2509 566 2514">
     <span class='ocr_line' id='line_1_35' title="bbox 297 2509 566 2514; baseline 0 0"><span class='ocrx_word' id='word_1_334' title='bbox 297 2509 566 2514; x_wconf 95' lang='lat' dir='ltr'><em> </em></span> 
     </span>
    </p>
   </div>
   <div class='ocr_carea' id='block_1_4' title="bbox 291 2561 1714 2791">
    <p class='ocr_par' dir='ltr' id='par_1_12' title="bbox 291 2561 1714 2787">
     <span class='ocr_line' id='line_1_36' title="bbox 382 2561 1714 2611; baseline 0.002 -15"><span class='ocrx_word' id='word_1_335' title='bbox 382 2563 403 2596; x_wconf 85' lang='grc'><strong>6</strong></span> <span class='ocrx_word' id='word_1_336' title='bbox 423 2561 464 2596; x_wconf 87' lang='grc' dir='ltr'><em>τὸ</em></span> <span class='ocrx_word' id='word_1_337' title='bbox 480 2576 501 2606; x_wconf 82' lang='grc' dir='ltr'><em>γ</em></span> <span class='ocrx_word' id='word_1_338' title='bbox 516 2562 657 2606; x_wconf 73' lang='grc' dir='ltr'><em>ἀνάγκη</em></span> <span class='ocrx_word' id='word_1_339' title='bbox 677 2563 788 2598; x_wconf 80' lang='grc' dir='ltr'><em>παντὶ</em></span> <span class='ocrx_word' id='word_1_340' title='bbox 805 2565 856 2610; x_wconf 80' lang='grc' dir='ltr'><em>τῷ</em></span> <span class='ocrx_word' id='word_1_341' title='bbox 869 2566 891 2611; x_wconf 88' lang='grc' dir='ltr'>β</span> <span class='ocrx_word' id='word_1_342' title='bbox 905 2577 938 2599; x_wconf 85' lang='lat' dir='ltr'><em>n.</em></span> <span class='ocrx_word' id='word_1_343' title='bbox 963 2585 1008 2592; x_wconf 87' lang='lat'>—</span> <span class='ocrx_word' id='word_1_344' title='bbox 1041 2567 1081 2599; x_wconf 89' lang='grc'><em>14</em></span> <span class='ocrx_word' id='word_1_345' title='bbox 1100 2579 1148 2605; x_wconf 86' lang='grc' dir='ltr'><em>ως</em></span> <span class='ocrx_word' id='word_1_346' title='bbox 1166 2578 1220 2599; x_wconf 89' lang='lat' dir='ltr'><em>om</em></span> <span class='ocrx_word' id='word_1_347' title='bbox 1238 2578 1271 2598; x_wconf 84' lang='grc' dir='ltr'><em>π.</em></span> <span class='ocrx_word' id='word_1_348' title='bbox 1295 2585 1339 2591; x_wconf 86' lang='grc'><strong>-</strong></span> <span class='ocrx_word' id='word_1_349' title='bbox 1369 2567 1414 2598; x_wconf 76' lang='grc'><em>22</em></span> <span class='ocrx_word' id='word_1_350' title='bbox 1432 2562 1644 2608; x_wconf 66' lang='grc' dir='ltr'><em>ὑπάρχονῙ.</em></span> <span class='ocrx_word' id='word_1_351' title='bbox 1670 2583 1714 2591; x_wconf 82' lang='grc'><strong>-</strong></span> 
     </span>
     <span class='ocr_line' id='line_1_37' title="bbox 293 2607 1714 2664; baseline 0.001 -24"><span class='ocrx_word' id='word_1_352' title='bbox 293 2607 537 2651; x_wconf 67' lang='grc' dir='ltr'><em>ἓὸτῷβΰπι.</em></span> <span class='ocrx_word' id='word_1_353' title='bbox 569 2626 613 2632; x_wconf 91' lang='grc'><em>--</em></span> <span class='ocrx_word' id='word_1_354' title='bbox 618 2621 733 2661; x_wconf 83' lang='grc' dir='ltr'><em>τῳγ</em></span> <span class='ocrx_word' id='word_1_355' title='bbox 763 2621 831 2642; x_wconf 82' lang='lat' dir='ltr'><em>nm.</em></span> <span class='ocrx_word' id='word_1_356' title='bbox 863 2628 907 2634; x_wconf 88' lang='lat'><em>—-</em></span> <span class='ocrx_word' id='word_1_357' title='bbox 939 2609 978 2644; x_wconf 78' lang='grc' dir='ltr'><em>δὲ</em></span> <span class='ocrx_word' id='word_1_358' title='bbox 1004 2622 1048 2644; x_wconf 80' lang='lat' dir='ltr'><em>m.</em></span> <span class='ocrx_word' id='word_1_359' title='bbox 1079 2630 1121 2636; x_wconf 89' lang='lat'>—</span> <span class='ocrx_word' id='word_1_360' title='bbox 1157 2609 1356 2644; x_wconf 61' lang='lat'><strong>24650121.</strong></span> <span class='ocrx_word' id='word_1_361' title='bbox 1391 2629 1433 2635; x_wconf 93' lang='lat'>—</span> <span class='ocrx_word' id='word_1_362' title='bbox 1467 2610 1644 2664; x_wconf 74' lang='grc' dir='ltr'><em>τῷβιιπι.</em></span> <span class='ocrx_word' id='word_1_363' title='bbox 1668 2626 1714 2635; x_wconf 84' lang='lat'>—</span> 
     </span>
     <span class='ocr_line' id='line_1_38' title="bbox 293 2641 1712 2701; baseline 0.002 -17"><span class='ocrx_word' id='word_1_364' title='bbox 293 2652 336 2683; x_wconf 72' lang='lat'><em>25</em></span> <span class='ocrx_word' id='word_1_365' title='bbox 353 2641 441 2686; x_wconf 66' lang='grc' dir='ltr'><em>ἔᾶτω</em></span> <span class='ocrx_word' id='word_1_366' title='bbox 457 2664 491 2685; x_wconf 83' lang='grc' dir='ltr'><em>π.</em></span> <span class='ocrx_word' id='word_1_367' title='bbox 517 2671 559 2678; x_wconf 90' lang='lat'><em>—-</em></span> <span class='ocrx_word' id='word_1_368' title='bbox 582 2652 690 2696; x_wconf 77' lang='grc' dir='ltr'><em>τῶνγ</em></span> <span class='ocrx_word' id='word_1_369' title='bbox 710 2654 767 2694; x_wconf 79' lang='lat' dir='ltr'><em>Rs</em></span> <span class='ocrx_word' id='word_1_370' title='bbox 796 2674 836 2679; x_wconf 96' lang='lat'><strong>—</strong></span> <span class='ocrx_word' id='word_1_371' title='bbox 861 2655 903 2687; x_wconf 78' lang='lat'><em>27</em></span> <span class='ocrx_word' id='word_1_372' title='bbox 925 2654 968 2698; x_wconf 84' lang='grc' dir='ltr'><em>ἡ.</em></span> <span class='ocrx_word' id='word_1_373' title='bbox 1004 2655 1073 2701; x_wconf 80' lang='grc' dir='ltr'><em>,τῷ</em></span> <span class='ocrx_word' id='word_1_374' title='bbox 1093 2668 1117 2689; x_wconf 84' lang='grc' dir='ltr'><em>οι</em></span> <span class='ocrx_word' id='word_1_375' title='bbox 1138 2655 1209 2688; x_wconf 83' lang='lat' dir='ltr'><strong>fort</strong></span> <span class='ocrx_word' id='word_1_376' title='bbox 1229 2667 1270 2697; x_wconf 92' lang='lat' dir='ltr'><em>pr</em></span> <span class='ocrx_word' id='word_1_377' title='bbox 1287 2665 1380 2697; x_wconf 79' lang='lat' dir='ltr'><strong>marg</strong></span> <span class='ocrx_word' id='word_1_378' title='bbox 1395 2666 1461 2687; x_wconf 85' lang='lat' dir='ltr'><em>mn.</em></span> <span class='ocrx_word' id='word_1_379' title='bbox 1486 2674 1529 2680; x_wconf 93' lang='lat'><strong>—</strong></span> <span class='ocrx_word' id='word_1_380' title='bbox 1554 2655 1596 2687; x_wconf 75' lang='grc' dir='ltr'><em>ί29</em></span> <span class='ocrx_word' id='word_1_381' title='bbox 1616 2648 1644 2700; x_wconf 76' lang='grc' dir='ltr'><em>ᾦ</em></span> <span class='ocrx_word' id='word_1_382' title='bbox 1661 2654 1712 2698; x_wconf 78' lang='grc' dir='ltr'><em>τῷ</em></span> 
     </span>
     <span class='ocr_line' id='line_1_39' title="bbox 292 2665 1710 2775; baseline 0.003 -47"><span class='ocrx_word' id='word_1_383' title='bbox 292 2707 315 2750; x_wconf 84' lang='grc' dir='ltr'><em>γ</em></span> <span class='ocrx_word' id='word_1_384' title='bbox 331 2693 372 2729; x_wconf 82' lang='grc' dir='ltr'><em>τὸ</em></span> <span class='ocrx_word' id='word_1_385' title='bbox 390 2707 424 2728; x_wconf 82' lang='lat' dir='ltr'><em>u.</em></span> <span class='ocrx_word' id='word_1_386' title='bbox 457 2715 500 2723; x_wconf 89' lang='lat'>—</span> <span class='ocrx_word' id='word_1_387' title='bbox 532 2698 576 2731; x_wconf 84' lang='lat'><em>30</em></span> <span class='ocrx_word' id='word_1_388' title='bbox 594 2665 697 2740; x_wconf 80' lang='grc' dir='ltr'><em>ἔστω]</em></span> <span class='ocrx_word' id='word_1_389' title='bbox 716 2698 768 2741; x_wconf 75' lang='grc' dir='ltr'><em>τῷ</em></span> <span class='ocrx_word' id='word_1_390' title='bbox 786 2709 807 2741; x_wconf 88' lang='grc' dir='ltr'><em>γ</em></span> <span class='ocrx_word' id='word_1_391' title='bbox 826 2696 916 2732; x_wconf 80' lang='grc' dir='ltr'><em>ἔστω</em></span> <span class='ocrx_word' id='word_1_392' title='bbox 933 2711 967 2732; x_wconf 93' lang='grc' dir='ltr'><em>ιι.</em></span> <span class='ocrx_word' id='word_1_393' title='bbox 1000 2718 1040 2724; x_wconf 92' lang='grc'>-</span> <span class='ocrx_word' id='word_1_394' title='bbox 1076 2701 1115 2733; x_wconf 83' lang='grc'><em>31</em></span> <span class='ocrx_word' id='word_1_395' title='bbox 1137 2699 1187 2743; x_wconf 80' lang='grc' dir='ltr'><em>τῷ</em></span> <span class='ocrx_word' id='word_1_396' title='bbox 1204 2699 1226 2743; x_wconf 84' lang='grc' dir='ltr'><em>β</em></span> <span class='ocrx_word' id='word_1_397' title='bbox 1243 2699 1306 2732; x_wconf 88' lang='lat' dir='ltr'><em>A.</em></span> <span class='ocrx_word' id='word_1_398' title='bbox 1318 2717 1363 2725; x_wconf 90' lang='lat'><em>—·</em></span> <span class='ocrx_word' id='word_1_399' title='bbox 1396 2700 1439 2731; x_wconf 74' lang='lat'><em>32</em></span> <span class='ocrx_word' id='word_1_400' title='bbox 1460 2710 1502 2741; x_wconf 83' lang='lat' dir='ltr'><em>pr</em></span> <span class='ocrx_word' id='word_1_401' title='bbox 1516 2688 1710 2775; x_wconf 56' lang='grc' dir='ltr'><em>τιπάρχειν]</em></span> 
     </span>
     <span class='ocr_line' id='line_1_40' title="bbox 291 2737 1699 2791; baseline 0.001 -17"><span class='ocrx_word' id='word_1_402' title='bbox 291 2737 460 2786; x_wconf 76' lang='grc' dir='ltr'><em>υπάρχον</em></span> <span class='ocrx_word' id='word_1_403' title='bbox 476 2753 556 2774; x_wconf 85' lang='lat' dir='ltr'>corr</span> <span class='ocrx_word' id='word_1_404' title='bbox 571 2743 610 2775; x_wconf 89' lang='lat' dir='ltr'><em>A.</em></span> <span class='ocrx_word' id='word_1_405' title='bbox 634 2761 680 2768; x_wconf 95' lang='lat'><strong>—</strong></span> <span class='ocrx_word' id='word_1_406' title='bbox 702 2742 754 2791; x_wconf 75' lang='grc' dir='ltr'><em>τῷ</em></span> <span class='ocrx_word' id='word_1_407' title='bbox 769 2753 790 2785; x_wconf 81' lang='grc' dir='ltr'><em>γ</em></span> <span class='ocrx_word' id='word_1_408' title='bbox 810 2742 920 2777; x_wconf 79' lang='grc' dir='ltr'><em>παντὶ</em></span> <span class='ocrx_word' id='word_1_409' title='bbox 943 2745 983 2777; x_wconf 86' lang='lat' dir='ltr'><em>C.</em></span> <span class='ocrx_word' id='word_1_410' title='bbox 1004 2762 1048 2768; x_wconf 95' lang='lat'><strong>—</strong></span> <span class='ocrx_word' id='word_1_411' title='bbox 1079 2745 1121 2777; x_wconf 79' lang='lat'><em>33</em></span> <span class='ocrx_word' id='word_1_412' title='bbox 1138 2744 1188 2789; x_wconf 76' lang='grc' dir='ltr'><em>τῷ</em></span> <span class='ocrx_word' id='word_1_413' title='bbox 1204 2755 1237 2776; x_wconf 82' lang='lat' dir='ltr'><em>n.</em></span> <span class='ocrx_word' id='word_1_414' title='bbox 1262 2760 1306 2769; x_wconf 93' lang='lat'><strong>—</strong></span> <span class='ocrx_word' id='word_1_415' title='bbox 1338 2743 1382 2777; x_wconf 80' lang='lat'><em>34</em></span> <span class='ocrx_word' id='word_1_416' title='bbox 1402 2740 1458 2786; x_wconf 84' lang='grc' dir='ltr'><em>τὸ]</em></span> <span class='ocrx_word' id='word_1_417' title='bbox 1476 2744 1544 2778; x_wconf 82' lang='grc' dir='ltr'><em>τοῦ</em></span> <span class='ocrx_word' id='word_1_418' title='bbox 1557 2742 1598 2777; x_wconf 81' lang='grc' dir='ltr'><em>τὸ</em></span> <span class='ocrx_word' id='word_1_419' title='bbox 1616 2745 1699 2787; x_wconf 87' lang='lat' dir='ltr'><em>prB</em></span> 
     </span>
    </p>
   </div>
  </div>
 </body>
</html>
