1780 3100
228 196 308 237 ΒΜ
789 198 1161 231 Hermeneutica.

282 292 434 335 Licebit
459 295 580 346 igitur
607 295 831 335 Aristotelis
857 296 976 334 verba
1002 296 1187 346 supplere
1214 294 1253 333 in
1279 294 1385 333 hunc
1411 295 1592 334 modum:
1629 294 1707 334 πά-

282 358 351 398 λιν
377 357 479 398 εἰτὸ
499 357 653 398 λευκὸν
679 356 835 409 ἀληθὲς
859 357 985 410 χωρὶς
1011 357 1392 409 κατηγορούμενον,
1417 355 1572 406 ἀληθὲς
1597 356 1710 398 ἔσται

281 419 354 461 καὶ
376 422 682 472 συντιθέμενον
709 420 813 462 αὐτὸ
842 420 909 469 (τὸ
936 421 1107 467 λευκὸν)
1136 420 1208 461 καὶ
1231 418 1279 461 τὸ
1307 419 1422 460 ἅπαν
1448 420 1515 469 (τὸ
1543 422 1710 473 ἄνθρω-

283 498 363 531 πος
390 485 572 532 λευκός),
601 482 704 524 ὥστε
725 516 736 526 .
758 515 768 526 .
792 515 802 526 .

233 549 353 587 2132
382 549 514 587 Verba
553 547 608 594 εἰς
636 550 811 598 ἄπειρον
838 560 886 587 ex
914 549 1235 586 antecedentibus
1264 551 1353 586 ante
1380 545 1438 586 ἔτι
1465 547 1596 586 addita
1623 559 1712 585 este

285 612 555 661 explicationis
591 614 713 662 gratia
751 612 870 651 facile
910 613 1020 650 nobis
1049 612 1324 662 persuasimus.
1390 611 1430 649 ln
1460 610 1712 661 sequentibus

285 675 454 723 optimos
492 675 606 715 codd.
646 677 771 713 secuti
799 687 955 713 sumus:
983 675 1202 712 abundabat
1230 674 1330 712 enim
1359 678 1400 711 et
1428 674 1594 711 alterum
1621 673 1712 711 Σω-

285 735 440 787 κράτης
465 750 522 775 vs.
552 740 576 774 3
607 743 647 775 et
675 738 837 779 alterum
866 738 1095 786 ἄνθρωπος
1122 748 1176 773 vs.
1205 737 1252 773 4:
1290 749 1376 774 nam
1415 736 1519 786 qnod
1548 735 1713 774 orationi

285 800 503 837 subiectum
532 804 592 838 est
620 798 644 839 ὁ
671 799 902 850 Σωκράτης
929 805 1058 837 mente
1084 799 1279 848 repetitur
1306 810 1354 836 ex
1381 799 1713 836 antecedentibus.

286 860 390 900 Dicit
426 863 514 900 hoc.
559 863 631 910 „Si
672 864 722 901 de
763 864 925 901 Socrate
963 862 1212 912 praedicatur
1240 863 1279 898 et
1306 860 1488 898 Socrates
1517 865 1557 898 et
1582 861 1714 908 homo,

287 926 492 963 coniuncta
521 938 677 975 quoque
705 927 755 963 de
783 938 830 963 eo
859 925 1135 975 praedicantur
1163 923 1346 961 Socrates
1374 924 1506 968 homo,
1537 927 1576 961 et
1603 923 1636 960 si
1665 923 1715 961 de

286 988 449 1026 Socrate
477 993 516 1025 et
543 988 660 1025 homo
688 988 939 1039 praedicatur
967 993 1007 1025 et
1034 988 1159 1038 bipes,
1189 987 1305 1024 etiam
1332 987 1535 1024 coniuncta
1563 987 1614 1024 de
1641 985 1715 1023 So-

287 1054 395 1087 crate
423 1049 539 1088 homo
568 1050 715 1100 bipes'’.
750 1051 1018 1088 praetermisit
1046 1051 1148 1101 quod
1177 1051 1268 1088 inde
1297 1050 1506 1099 colligitur,
1535 1049 1715 1099 quoniam

285 1111 538 1150 manifestum
576 1118 661 1160 est,
701 1113 804 1163 quod
843 1114 892 1151 de
921 1115 1082 1153 Socrate
1109 1113 1382 1164 praedicantur
1410 1113 1614 1150 coniuncta
1642 1110 1715 1148 So-

287 1178 415 1213 crates
444 1175 561 1212 homo
589 1175 723 1225 bipes;
763 1177 839 1214 hoc
867 1188 985 1223 vero,
1015 1188 1133 1226 quum
1165 1175 1291 1212 omnia
1320 1188 1417 1225 qnae
1444 1174 1718 1225 praedicantur

287 1238 363 1276 iam
392 1250 439 1275 eo
467 1239 738 1277 contineantur
755 1239 805 1276 ‹le
827 1251 902 1289 qno
924 1240 1213 1288 praedicantur,
1245 1238 1455 1276 absurdum
1486 1241 1558 1275 est.
1600 1235 1717 1273 Hand

288 1300 389 1338 mala
428 1305 488 1338 est
528 1301 644 1339 lectio
683 1315 796 1352 quam
833 1301 957 1339 Buhle
992 1302 1170 1339 exhibuit
1207 1305 1364 1338 secutus
1399 1304 1476 1339 vet.
1513 1300 1614 1350 intp.
1651 1299 1715 1336 lat.

289 1363 355 1413 qui
392 1363 486 1401 nihil
519 1364 639 1402 habet
665 1364 742 1402 nisi
778 1365 900 1403 haec:
949 1365 1156 1415 „Amplius
1185 1364 1218 1401 si
1248 1364 1350 1401 enim
1379 1362 1561 1401 Socrates
1590 1366 1651 1400 est
1678 1365 1719 1399 et

283 1425 408 1464 “homo
437 1430 477 1464 et
503 1427 614 1477 bipes
643 1431 681 1464 et
709 1429 891 1466 Socrates
920 1427 1037 1465 homo
1066 1427 1177 1478 bipes
1205 1424 1320 1472 est’',
1357 1432 1623 1464 verumtamen
1660 1425 1718 1462 in-

289 1489 382 1525 vitis
411 1489 525 1526 codd.
553 1501 638 1526 eam
667 1490 847 1540 recipere
873 1502 950 1528 non
977 1491 1059 1527 ausi
1087 1501 1232 1526 sumus.
1298 1488 1481 1526 Nostram
1510 1488 1719 1526 lectionem

291 1551 520 1589 Ammonius
570 1564 726 1602 quoque
767 1553 922 1591 videtur
962 1551 1148 1590 habuisse
1189 1551 1331 1595 (schol.
1374 1540 1718 1594 128'b19—26).

290 1613 394 1652 Edd.
423 1613 577 1664 priores
606 1614 824 1652 omiserunt
851 1627 904 1654 vs.
933 1616 958 1652 4
989 1615 1153 1653 alterum
1191 1614 1443 1662 ἄνθρωπος,
1481 1612 1584 1662 quod
1622 1612 1721 1650 ferri

290 1689 366 1715 non
386 1688 506 1726 posse
524 1676 642 1714 docet
659 1677 866 1727 explicatio
894 1690 1008 1726 quam
1038 1677 1216 1715 dedimus
1247 1677 1488 1724 (subiectum
1515 1676 1617 1713 enim
1643 1686 1720 1712 non

291 1743 353 1777 est
380 1739 512 1785 homo,
541 1740 610 1777 sed
639 1738 859 1786 Socrates),
888 1744 1138 1778 servaverunt
1165 1740 1329 1777 alterum
1354 1736 1585 1787 Σωκράτης
1605 1750 1662 1775 vs.
1682 1739 1720 1775 3.

236 1803 356 1842 21a5
384 1799 422 1839 εἴ
446 1813 509 1847 τις
536 1799 700 1848 ἁπλῶς,
740 1803 774 1840 si
802 1803 887 1852 quis
915 1803 1021 1841 dicat
1049 1803 1257 1841 coniuncta
1283 1802 1499 1852 praedicari
1526 1813 1721 1851 quaecun-

291 1877 368 1915 que
396 1877 594 1908 seorsnm,
625 1866 710 1902 sine
739 1865 984 1915 exceptione.
1040 1865 1125 1903 Hac
1162 1865 1449 1914 significatione
1486 1865 1545 1918 τῷ
1581 1861 1722 1908 ἁπλῶς

295 1927 367 1971 (cf.
397 1926 523 1964 Mich.
552 1926 700 1977 Ephes.
731 1928 768 1964 in
797 1928 941 1964 nostris
971 1928 1094 1965 schol.
1124 1929 1172 1964 ad
1201 1928 1394 1971 1661137)
1433 1927 1643 1977 opponitur
1673 1923 1721 1964 τὸ

290 1986 404 2027 ἔστιν
432 1984 508 2033 ὥςε
548 1990 722 2025 856338
759 1989 922 2027 οὔκουν
959 1985 1007 2028 τὸ
1036 1987 1138 2028 αὐτὸ
1165 1991 1272 2027 κινεῖ
1297 1987 1457 2036 ἁπλῶς,
1496 1988 1583 2027 ἀλλ’
1612 1985 1723 2027 ἔστιν

292 2049 371 2098 dig:
407 2063 529 2100 quare
556 2048 696 2097 ἅπλῶς
731 2057 793 2090 est
820 2052 998 2101 „utiqne,
1027 2052 1232 2090 omnino”:
1272 2054 1414 2090 455a9
1442 2051 1655 2092 ἀδύνατον
1683 2051 1723 2091 δ’

292 2111 403 2155 ἐστὶν
430 2111 584 2160 ἁπλῶς.
639 2116 814 2153 115h29
841 2114 888 2154 τὸ
917 2113 954 2153 δ’
984 2112 1126 2161 ἁπλῶς
1153 2111 1263 2154 ἐστὶν
1291 2111 1314 2154 ὃ
1343 2114 1523 2165 μηδενὸς
1549 2123 1722 2165 προστε-
1768 2124 1770 2126 ’

291 2175 443 2223 θέντος
470 2173 575 2226 ἐρεῖς
602 2174 666 2216 ὅτι
691 2176 821 2216 καλόν
848 2176 959 2218 ἐστιν
979 2177 1004 2230 ἢ
1023 2178 1071 2218 τὸ
1096 2177 1299 2218 ἐναντίον.
1339 2179 1469 2228 Quare
1488 2177 1535 2218 τὸ
1556 2176 1723 2218 ἁπλοῦν

294 2242 470 2278 317ὺ35
500 2241 708 2291 opponitur
733 2244 790 2292 τῷ
817 2240 924 2281 κατὰ
950 2240 1098 2294 μέρος,
1129 2244 1290 2294 singulis
1317 2244 1434 2280 rebus
1463 2243 1501 2280 id
1530 2242 1632 2292 quod
1660 2243 1722 2280 di-

295 2301 395 2342 citur
423 2304 490 2351 „in
517 2304 754 2344 abstracto”.
778 2307 938 2344 v31‘lb5
966 2303 1028 2352 τὶς
1055 2304 1130 2357 μὲν
1155 2303 1236 2357 γὰρ
1264 2303 1422 2356 γένεσις
1450 2301 1495 2344 ἐκ
1522 2302 1578 2356 μὴ
1599 2306 1723 2351 ὄντος

295 2366 433 2414 τινός,
461 2360 556 2405 οἷον
585 2364 629 2406 ἐκ
656 2365 714 2419 μὴ
740 2369 897 2408 λευκοῦ
924 2368 951 2421 ἢ
979 2368 1034 2422 μὴ
1062 2370 1220 2415 καλοῦ,
1249 2368 1277 2421 ἦ
1304 2366 1348 2407 δὲ
1375 2357 1484 2420 α”ἷτλῆ
1513 2365 1554 2416 ἐξ
1581 2365 1721 2415 ἁπλῶς

295 2426 353 2482 μὴ
369 2431 505 2479 ὄντος,
533 2443 568 2469 v.
589 2431 706 2470 Biese
726 2432 753 2471 l.
774 2446 811 2482 p.
833 2435 883 2470 54
898 2438 991 2481 not..
1013 2435 1137 2472 schol.
1158 2447 1194 2484 p.
1216 2433 1351 2478 45b3,
1374 2433 1419 2468 ll
1434 2432 1533 2476 11:34,
1558 2434 1719 2472 201131.

243 2495 366 2532 21119
392 2490 418 2544 ἢ
447 2491 552 2533 κατὰ
577 2496 656 2533 τοῦ
684 2493 831 2543 αὐτοῦ,
859 2509 894 2534 v.
922 2498 1144 2547 exemplum
1171 2509 1225 2534 vs.
1255 2497 1325 2542 10;
1352 2492 1379 2546 ἢ
1406 2493 1590 2544 θάτερον
1616 2493 1722 2534 κατὰ

297 2553 500 2607 θατέρου,
528 2571 561 2595 v.
595 2559 816 2608 exemplum
845 2570 899 2598 vs.
930 2561 992 2598 12.

247 2620 393 2657 21:116
419 2618 486 2659 διὸ
509 2622 611 2660 οὔτε
636 2620 683 2660 τὸ
705 2651 714 2660 .
736 2651 746 2661 .
771 2650 779 2659 .
801 2621 930 2670 Quare
945 2635 1071 2673 neque
1097 2622 1185 2672 plus
1203 2620 1324 2659 semel
1353 2621 1598 2671 praedicatur
1617 2620 1720 2658 idem

297 2684 341 2718 ut
376 2682 487 2721 albus
526 2685 727 2731 (201240),
754 2697 880 2733 neque
916 2685 966 2722 de
1002 2685 1159 2723 homine
1197 2684 1313 2722 homo
1350 2684 1486 2722 animal
1515 2684 1576 2722 vel
1603 2684 1720 2722 homo

296 2743 431 2794 bipes:
459 2746 623 2786 alterum
653 2748 754 2786 enim
782 2747 857 2785 iam
887 2748 1104 2786 continetur
1131 2746 1266 2786 altero.
