1884 3100
548 240 695 274 ΠΕΡΙ
735 238 1108 274 ΕΡΜΗΝΕΙΑΣ.
1465 235 1546 275 129

86 338 265 427 ἀληθὴς
295 337 330 404 ἢ
359 336 536 404 ’ψευδὴς
567 337 817 402 οἷντίφασις,
848 339 925 385 καὶ
956 336 1032 386 διὰ
1059 337 1114 396 τί,
1144 334 1219 384 καὶ
1237 333 1342 383 πότε
1365 332 1545 399 ἀληθὴς

86 406 121 474 ἢ
141 407 367 472 ψευδήςΰ

224 477 322 523 Μία
351 475 400 522 δέ
430 473 519 521 ἐστι
545 472 795 534 κατάφασις
825 471 900 518 καὶ
929 469 1160 556 οἷπόφασις
1192 468 1223 533 ἡ
1254 470 1304 517 ἓν
1323 467 1430 517 καθ’
1446 467 1544 528 ἑνὸς
1560 479 1593 524 8

87 545 385 607 σημαίνουσα,
406 539 437 605 ἢ
458 542 664 588 καθόλου
685 538 813 596 ὄντος
831 537 1084 585 καθόλου
1057 537 1338 603 ημήὃμοίως,
1351 535 1447 585 οἷον
1457 541 1547 596 πᾶς

89 609 330 670 ανθρωπος
339 609 498 665 λευκός
511 609 660 655 ἐστιν-
673 625 759 654 ουκ
772 607 861 653 ἔστι
880 610 967 664 πᾶς
983 605 1223 666 ανθρωπος
1234 605 1412 663 λευκός,
1432 606 1547 653 ἔστιν
1562 622 1596 650 15

87 677 327 736 ανθρωπος
335 675 524 732 λευκός-
538 674 625 721 οὐκ
638 675 753 721 ἔστιν
766 672 1006 734 ανθρωπος
1018 673 1190 731 λευκός,
1203 673 1351 732 ουδεὶς
1366 672 1547 732 ανθρω-

86 760 172 802 πος
179 744 374 801 λευκός-
387 743 473 790 ἔστι
482 761 547 799 τις
557 741 797 801 ἄνθρωπος
806 740 986 825 λευκός,
994 743 1032 787 εἰ
1039 739 1091 788 τό
1103 740 1293 788 λευκὸνρ
1275 760 1321 788 εν
1329 742 1545 805 σημαίνει.

87 814 126 860 εἰ
153 814 201 859 δὲ
223 811 390 859 δυοῖν“
372 830 418 857 εν
439 809 580 871 ὄνοιια
599 816 748 865 κεῖται,
774 808 820 865 ἐξ
838 810 904 856 ὠν
923 809 986 872 μή
1013 809 1165 855 ἐστιν
1148 810 1206 865 ε’ν,
1234 827 1294 855 ου
1313 810 1393 894 μία
1410 807 1546 855 κατά-

87 892 249 943 φασις,
276 876 373 926 οἷον
416 880 461 924 ει
481 897 546 935 τις
576 884 699 925 θεῖτο
729 876 872 938 ὄνομα
902 877 1074 938 ἶιιάτιον
1105 879 1224 942 ιππῳ
1253 877 1328 922 καὶ
1359 874 1546 935 ἀνθρώ-

87 962 184 1014 πῳ,
218 945 270 993 τό
297 948 411 994 ἔστιν
431 945 603 1007 iudum)
624 944 808 1002 λευκόν,
846 942 961 1008 αὕτη
984 943 1045 992 ου’
1069 945 1148 1005 μία
1166 943 1417 1005 κατάφασις
1436 942 1544 991 ουδὲ
1560 965 1597 993 20

87 996 317 1076 απόφασις
353 1015 443 1074 μία.
497 1012 633 1061 οὐδὲν
668 1011 754 1075 γὰρ
798 1013 1000 1074 διαφέρει
1034 1016 1172 1059 τοῦτο
1202 1009 1398 1058 εἰπεῖν’Ἀ
1366 1031 1397 1075 η
1431 1012 1547 1059 ἔστιν

87 1084 223 1139 ’ἱᾶτπος
251 1083 328 1127 καὶ
360 1080 603 1139 ἅνθρωπος
630 1079 803 1136 λευκός.
850 1096 987 1126 τουτο
1019 1080 1067 1126 δὲ
1088 1077 1223 1126 οὐδὲν
1242 1079 1443 1140 διαφέρει
1462 1082 1547 1126 τοῦ

87 1151 224 1197 εἰπεῖν
262 1149 377 1195 ἔστιν
408 1150 540 1204 ἵππος
571 1145 732 1203 λευκὸς
761 1147 834 1192 καὶ
868 1147 984 1193 ἔστιν
1018 1145 1259 1206 ἄνθρωπος
1285 1146 1464 1204 λευκός.
1510 1147 1550 1193 εἰ

87 1210 175 1265 οὖν
206 1208 338 1263 αὗται
357 1213 499 1262 πολλὰ
519 1215 790 1277 σημαίνουσι
810 1215 884 1260 καὶ
913 1215 995 1260 εἰσὶ
1014 1215 1192 1269 πολλαί,
1221 1212 1409 1276 δῆλον”
1381 1232 1450 1260 οτι
1472 1214 1550 1260 καὶ

86 1282 117 1349 ἡ
137 1283 289 1347 πρώτη
309 1281 408 1347 ἤτοι
424 1280 618 1330 nom-6⁷*
588 1302 618 1346 η
638 1280 774 1329 ουδὲν
795 1282 1020 1344 σημαίνει·
1057 1279 1118 1327 οὗ
1134 1279 1218 1342 γάρ
1228 1278 1497 1338 ἐστινὸτὶς”
1468 1299 1599 1328 ‹xv-2⁵

87 1357 273 1435 θρωπος
294 1353 438 1408 ἵππος.
476 1348 586 1397 ωστε
606 1348 705 1396 οὐδ’
727 1349 778 1396 ἐν
789 1347 974 1407 ταύταις
997 1347 1168 1413 ανάγκη
1190 1346 1275 1412 τήν
1294 1349 1373 1410 μὲν
1392 1346 1551 1413 ἀληθῆ

88 1418 169 1482 τὴν
190 1420 238 1466 δὲ
254 1421 404 1482 ’ψευδῆ
431 1414 540 1465 εἶναι
563 1416 815 1477 ἀντίφασιν.

223 1484 322 1532 Ἐπὶ
341 1486 421 1547 μὲν
441 1478 527 1533 οὖν
545 1490 633 1532 τῶν
654 1482 794 1531 ὄντων
814 1483 888 1530 καὶ
908 1482 1154 1545 γενομένων
1168 1480 1347 1555 ἀνάγκη
1365 1481 1448 1546 τὴν
1466 1501 1549 1530 κα-
1567 1491 1600 1536 9

87 1552 282 1615 τάφασιν
313 1550 344 1616 ἢ
374 1550 455 1614 τὴν
486 1552 717 1614 ἀπόφασιν
746 1549 949 1614 etv-1165*
919 1570 948 1614 η
971 1554 1124 1614 ψευδῆ
1146 1556 1269 1607 εἰναι,
1289 1553 1364 1597 καὶ
1386 1551 1452 1598 ἐπὶ
1472 1569 1553 1612 μεν

88 1625 176 1668 τῶν
194 1619 404 1668 καθόλου
433 1619 494 1679 ὥς
526 1619 736 1667 καθόλου
757 1618 824 1667 αεὶ
852 1616 935 1683 τὴν
952 1619 1031 1679 μὲν
1054 1616 1213 1682 οἷληθῆ
1232 1637 1314 1682 την
1332 1620 1381 1666 δὲ
1401 1622 1553 1682 ’ψευδῆ
1567 1640 1603 1668 30

90 1685 214 1745 εἶναι,
244 1690 319 1736 καὶ
351 1688 421 1735 ἐπὶ
446 1693 534 1736 τῶν
562 1686 668 1735 καθ’
700 1688 876 1744 ἕκαστα,
907 1684 1055 1747 ὥσπερ
1087 1688 1267 1750 εἴρηται,
1304 1687 1373 1733 ἐπὶ
1398 1687 1446 1733 δὲ
1464 1690 1553 1734 τῶν

90 1755 303 1803 καθόλου
321 1754 382 1817 μὴ
401 1755 609 1803 καθόλου
628 1757 872 1816 λεχθέντων
894 1752 983 1800 οὐκ
996 1752 1165 1816 ἀνάγκη
1178 1771 1188 1781 ·
1222 1756 1390 1817 εἴρηται
1411 1755 1458 1801 δὲ
1475 1755 1553 1801 καὶ

89 1824 187 1884 περὶ
199 1823 381 1871 τούτων.
406 1823 472 1870 ἐπὶ
484 1825 530 1870 δὲ
541 1828 631 1870 τῶν
642 1821 750 1869 καθ’
759 1823 919 1869 ἕκαστα
930 1821 1002 1866 καὶ
1014 1820 1264 1881 μελλόντων
1274 1820 1360 1882 οὐχ
1375 1819 1553 1882 ὁμοίως.

90 1892 130 1938 εἰ
168 1889 254 1953 γὰρ
292 1894 416 1937 πᾶσα
457 1891 709 1951 κατάφασις
748 1887 782 1952 ἢ
823 1887 1052 1949 ἀπόφασις
1094 1886 1276 1951 αληθής
1303 1886 1338 1952 ἢ
1367 1888 1554 1952 ψευδής,

89 1958 166 2005 καὶ
196 1956 316 2004 απαν
340 1956 512 2022 α’νιίγκη
541 1957 757 2018 υπάρχειν
786 1953 818 2020 ἢ
847 1954 908 2020 μὴ
940 1954 1174 2017 υπάρχειν,
1212 1954 1320 2003 ωστε
1350 1957 1389 2002 εἰ
1417 1954 1443 2003 6
1476 1957 1556 2018 μεν
1571 1975 1607 2004 35

91 2023 228 2089 φήσει
255 2026 445 2072 εσεσθαί
472 2044 512 2072 τι
540 2023 566 2072 6
598 2026 645 2072 de
678 2022 740 2087 μὴ
768 2022 907 2087 φησει
941 2022 993 2070 τὸ
1023 2022 1138 2071 αὐτὸ
1157 2027 1307 2081 τοῦτο,
1330 2021 1515 2087 δηλον“”
1488 2042 1557 2071 οτι

91 2091 262 2155 ανάγκη
298 2091 541 2156 αληθεύειν
581 2090 660 2139 τὸν
691 2092 837 2153 ἕτερον
870 2089 1042 2149 αὐτῶν,
1084 2092 1123 2138 εἰ
1153 2095 1277 2138 πᾶσα
1305 2090 1557 2154 κατάφασις

189 2255 230 2288 13
243 2250 437 2296 α’πόφασις
454 2252 518 2289 καὶ
535 2250 748 2296 κατάφασις
768 2254 799 2287 b.
827 2272 869 2278 —
893 2252 958 2287 καὶ
973 2252 1041 2297 μία
1057 2250 1178 2296 εἰπόφ.
1198 2264 1227 2286 e.
1247 2272 1294 2280 ·-
1320 2249 1406 2286 14Ἃ
1381 2266 1405 2296 η
1424 2250 1474 2293 ὦς
1489 2265 1556 2287 κα-

93 2297 215 2335 θόλου
232 2311 288 2344 eg.
314 2319 358 2325 —
385 2298 524 2340 ὁμοίως
540 2311 595 2331 om
613 2310 652 2344 g.
676 2317 724 2325 —-·
750 2300 792 2333 16
812 2296 978 2339 οὐδεὶς..
989 2297 1085 2333 ..ἔστι
1103 2307 1185 2332 ante
1200 2299 1240 2332 17
1259 2299 1335 2340 ets.
1361 2316 1407 2324 —
1435 2299 1475 2331 17
1495 2298 1553 2342 εἰ]

95 2344 206 2388 ἐστιν,
225 2346 305 2380 εἰε-
328 2364 375 2371 -
400 2346 442 2379 18
458 2346 561 2379 δυεῖν
580 2345 619 2378 Β.
633 2363 680 2371 -
704 2343 907 2400 ου’δεμίαιι
926 2357 967 2399 pr
984 2356 1018 2377 ιι.
1038 2364 1084 2370 -
1108 2343 1153 2379 ου’
1170 2345 1259 2387 μία.
1293 2343 1379 2384 .’μια
1398 2344 1495 2376 omb.
1510 2362 1556 2369 -—

97 2392 138 2426 19
159 2389 256 2435 οἷον]
280 2386 370 2425 ουδὲ
389 2388 463 2424 «ina
457 2389 594 2435 ’,φασις
615 2387 695 2423 οἷον
718 2391 798 2431 Ceu,
824 2388 912 2424 οὐδὲ
931 2387 1051 2431 ἄποφ.
1068 2391 1146 2433 μία,
1165 2388 1247 2424 οἷον
1266 2369 1375 2433 Adga'.
1389 2390 1555 2424 -θεῒτο

96 2449 178 2470 corr
198 2438 241 2478 B,
258 2438 347 2480 θείη
363 2434 404 2471 z·6
429 2437 470 2476 Ε,
491 2448 526 2469 rc
544 2436 578 2476 d,
598 2437 706 2469 θεῖτο
718 2433 759 2470 τὸ
779 2436 864 2478 prd.
877 2454 922 2460 —
935 2437 981 2469 20
991 2433 1078 2470 οὔτε
1093 2437 1133 2469 A.
1143 2455 1190 2461 —
1208 2433 1294 2469 οὐδὲ
1307 2434 1326 2475 ἦ
1340 2432 1458 2478 dudm.
1471 2446 1499 2467 e.
1511 2454 1556 2460 —

95 2484 137 2516 21
150 2482 283 2537 τουτο]
304 2482 417 2516 τοῦτο
437 2482 506 2517 τοῦ
529 2484 586 2526 gf,
597 2494 633 2514 rc
651 2481 683 2522 d,
695 2481 762 2516 τοῦ
781 2481 825 2514 bi.
838 2500 884 2507 —
903 2476 982 2525 ἢ]
961 2494 980 2523 η
995 2478 1054 2515 ὅτι
1070 2478 1175 2521 ΒΟ,”
1153 2493 1256 2520 οτιιι,
1268 2482 1370 2519 deln,
1381 2492 1436 2512 om
1456 2480 1554 2523 Edif.

94 2545 141 2553 —-
165 2529 212 2561 22
230 2524 437 2583 ανθρωπος
462 2527 523 2562 καὶ
544 2528 658 2566 ἵππος
674 2527 766 2560 12—
805 2527 850 2560 23
867 2527 982 2565 ἵππος
999 2534 1034 2559 et
1058 2523 1262 2566 ἄνθρωπος
1283 2527 1340 2558 loc
1362 2533 1436 2558 mut
1450 2527 1486 2568 f.
1514 2543 1557 2551 —

95 2584 140 2629 pr
157 2571 286 2612 λευκὸς
304 2585 359 2606 om
383 2574 420 2606 C.
443 2592 490 2598 —
512 2574 557 2606 24
578 2585 619 2616 pr
638 2571 702 2606 καὶ
725 2583 805 2604 corr
823 2583 858 2605 ιι.
884 2592 925 2597 -
952 2573 997 2605 25
1014 2569 1111 2615 ἤτοι]
1134 2572 1201 2615 ἢά.
1222 2590 1267 2597 -·-
1292 2568 1354 2614 οὐ]
1373 2569 1557 2614 0156&—

96 2616 116 2653 6
137 2630 193 2651 om
188 2620 472 2675 BCEdesginu.
498 2638 542 2644 —-
574 2619 618 2651 96
638 2616 794 2655 ταύταις
810 2615 1011 2660 ὁμώνυμον
1029 2616 1200 2666 ἐχούσαις
1218 2614 1260 2650 τὸ
1277 2615 1557 2662 κατηγορούμε-

80 2675 165 2697 ννον
184 2659 208 2706 ἢ
226 2663 292 2699 τὸν
311 2662 558 2707 ’ὑποκείμενον
581 2660 771 2707 avdynng.
792 2680 836 2686 —
856 2664 902 2696 27
913 2661 992 2696 οἶντ
990 2663 1038 2705 ’φ,
1060 2665 1156 2696 εἰναι
1168 2664 1249 2707 gfn,
1261 2663 1320 2694 sed
1336 2660 1431 2697 εἶναι
1451 2662 1507 2695 del
1521 2674 1556 2696 τι.

97 2726 144 2734 -
168 2709 214 2742 28
230 2710 434 2754 γινομένων
448 2721 506 2766 g.
518 2728 563 2735 —
587 2709 630 2742 29
651 2708 713 2742 καὶ
735 2719 790 2740 om
810 2708 862 2741 de.
891 2729 932 2734 -
950 2706 1047 2765 μὲν]
1067 2706 1106 2740 δε
1126 2719 1154 2741 c.
1179 2725 1223 2732 —-
1256 2708 1300 2741 30
1318 2720 1368 2748 ως
1386 2706 1556 2743 καθόλου

97 2765 141 2797 pr
161 2765 217 2786 om
234 2767 268 2788 n.
282 2776 326 2783 —
350 2754 416 2800 μὲν
434 2753 584 2810 ἀνάγκη
597 2753 725 2809 ἀληθῆ
702 2764 780 2798 ημζ
798 2771 841 2777 -
867 2754 905 2786 31
931 2750 1027 2787 εἶναι
1049 2765 1104 2785 om
1120 2765 1154 2786 n.
1172 2771 1216 2778 —
1242 2766 1292 2793 ως
1308 2755 1355 2797 es.
1372 2773 1417 2779 -
1441 2755 1623 2799 321η-μ

99 2798 278 2842 φθέντων
296 2802 370 2842 Aa,
402 2800 442 2836 δὲ
459 2798 682 2855 ληφθέντων
706 2800 747 2833 Ε.
772 2818 818 2824 --
853 2796 954 2841 λέχθ.
977 2795 1027 2853 μὴ
1046 2794 1218 2832 καθόλου
1237 2809 1264 2833 e.
1289 2817 1336 2824 —-
1369 2800 1413 2834 34
1438 2795 1479 2844 ἢ]
1495 2799 1559 2834 καὶ

99 2845 164 2878 An.
189 2846 303 2880 —35
318 2857 412 2883 ωστε
429 2814 502 2891 εἰ]η
518 2847 554 2883 εἰ
567 2845 639 2892 γὰρ
657 2848 703 2890 ef.
725 2864 772 2871 —
794 2844 837 2878 37
855 2842 1057 2889 αληθεύειιι
1077 2839 1222 2889 ἅναγκη
1237 2855 1277 2891 g.
1302 2862 1348 2872 —
1369 2843 1414 2881 τὸ
1434 2843 1559 2891 ἕτερον

147 2900 179 2934 1.
1308 2899 1334 2934 9
