1794 3086
617 193 868 240 Analytica
891 192 1068 238 priora.
1512 194 1592 234 η

134 295 259 336 altera
285 294 416 348 petita
442 298 505 334 est
532 306 556 334 e
582 293 740 345 legibus
766 296 811 332 et
836 292 986 344 regulis
1014 290 1302 332 concludendi:
1331 303 1410 330 una
1437 297 1500 332 est
1520 305 1591 333 na-

134 360 291 408 turalis,
318 359 444 399 altera
470 358 687 408 rationalis,
714 357 821 397 unde
848 357 995 396 sactum
1019 361 1094 407 est,
1121 359 1368 407 utumque,
1391 369 1514 407 quum
1541 357 1593 396 ad

136 424 302 464 eandem
330 436 417 463 rem
446 423 655 474 pertineat,
685 420 879 474 particula
907 418 990 471 γὰρ
1015 432 1209 472 expressa
1229 420 1294 461 sit.
1334 419 1398 461 Cf.
1418 422 1593 459 673a27

136 484 197 528 ἔτι
234 486 274 528 δ’
313 484 382 527 έπὶ
418 490 504 526 τῶν
531 487 674 526 ἄλλων
712 482 833 537 ζῴων
869 482 940 524 διὰ
976 483 1057 524 τίν’
1085 482 1226 525 αἰτίαν
1253 482 1307 524 οὐ
1333 482 1496 536 γίνεται
1522 484 1593 533 (τὸ

135 550 508 605 γαργαλίζεσθαι);
535 548 584 590 τὸ
611 548 690 602 μὲν
716 547 800 601 γὰρ
828 551 907 589 τοῦ
925 546 1108 600 γέλωτος
1126 549 1366 601 πληγεισῶν
1384 549 1473 589 τῶν
1489 561 1591 601 φρε-

136 617 228 657 νῶν
256 615 448 663 εἰκότως·
487 610 619 654 οὐδὲν
654 612 737 665 γὰρ
769 613 874 665 γελᾷ
904 613 992 653 τῶν
1027 614 1181 655 ἄλλων.
1237 617 1386 653 61787
1415 628 1476 667 sq.
1509 611 1593 666 γὰρ

135 682 186 720 ad
215 681 391 719 diversas
420 678 611 718 orationis
640 683 778 730 partes
805 677 1002 716 refertur:
1041 691 1129 717 nam
1172 680 1284 730 prius
1321 676 1405 730 γὰρ
1434 684 1594 718 senten-

134 745 230 784 tiam
257 743 517 795 Anaxagorae
543 742 720 794 exponit,
749 741 920 780 alt'e'rum
949 754 1021 780 cur
1047 742 1148 781 falsa
1176 744 1229 782 sit
1256 744 1448 794 explicat.

81 809 133 848 47
146 800 235 847 1238
263 803 310 847 ἐν
335 810 394 859 τῷ
422 802 539 858 παρὰ
565 805 721 858 μικρὸν
748 806 801 846 cf.
830 806 1019 854 1691211,
1050 807 1126 855 153
1155 809 1342 856 197a27,
1364 809 1417 846 29
1439 806 1489 847 τὸ
1510 803 1594 859 γὰρ

134 870 254 924 παρὰ
279 869 436 924 μικρὸν
464 868 602 924 ὥσπερ
631 868 761 911 οὐδὲν
788 866 956 922 ἀπέχειν
984 869 1115 913 δοκεῖ.

194 977 295 1032 Gap.
323 978 389 1019 34„
429 978 564 1018 Aliud
589 978 739 1018 vitium
767 976 877 1032 quod
903 977 949 1016 in
969 975 1264 1017 ratiocinando
1293 975 1533 1017 admittitur
1553 977 1598 1017 in

86 1056 134 1082 eo
162 1048 238 1092 est,
268 1043 379 1096 quod
405 1044 577 1082 termini
604 1055 687 1081 non
713 1043 775 1080 sic
801 1047 1022 1079 sumuntur
1050 1047 1097 1080 ut
1127 1040 1260 1080 decet.

82 1130 235 1168 48a13
261 1127 421 1169 τούτου
451 1126 497 1168 δὲ
524 1125 582 1180 μὴ
610 1123 878 1179 ληφθέντος,
913 1126 1040 1166 intell.
1067 1127 1148 1166 τοῦ
1176 1124 1235 1180 μὴ
1263 1123 1513 1179 ἐνδέχεσθαι
1537 1126 1599 1183 τῷ

135 1194 343 1233 νοσοῦντι
367 1191 553 1245 ὑπάρξαι
579 1191 628 1232 τὸ
655 1190 879 1243 ὑγιαίνειν.
938 1190 1146 1230 Sententia
1173 1192 1276 1230 haec
1304 1196 1381 1230 est.
1436 1192 1506 1231 Sin
1528 1205 1599 1232 au-

135 1261 218 1298 tem
252 1269 331 1297 non
365 1263 550 1298 sumatur
585 1255 635 1297 τὸ
674 1253 732 1309 μὴ
770 1252 1020 1308 ἐνδέχεσθαι
1047 1256 1220 1307 (quippe
1248 1256 1356 1308 quod
1384 1256 1600 1295 manifesto

135 1320 284 1361 falsum
313 1322 413 1371 sit),
451 1323 493 1363 h.
523 1335 559 1361 e.
586 1323 622 1361 si
648 1334 727 1360 non
755 1325 938 1360 sumatur
966 1333 1104 1359 sanum
1132 1320 1222 1359 fieri
1247 1332 1328 1358 non
1356 1332 1479 1371 posse
1505 1333 1598 1360 eum

138 1387 206 1438 qui
233 1391 429 1439 aegrotet,
458 1387 530 1426 sed
559 1387 593 1442 si
620 1390 801 1425 sumatur
827 1381 876 1425 τὸ
903 1381 1150 1436 ἐνδέχεσθαι
1168 1382 1227 1437 μὴ
1246 1381 1466 1436 ὑπάρχειν,
1494 1384 1534 1424 h.
1558 1397 1595 1423 e.

137 1450 174 1489 si
200 1455 380 1489 sumatur
406 1451 495 1490 fieri
522 1463 657 1503 posse,
684 1454 730 1489 ut
756 1462 836 1488 non
864 1454 1026 1489 sanetur
1050 1450 1116 1501 qui
1135 1453 1330 1500 aegrotet,
1357 1453 1427 1488 aut
1448 1461 1528 1488 non
1550 1447 1599 1487 fit

137 1513 394 1565 syllogismus
409 1519 479 1553 aut
492 1514 539 1553 fit
557 1513 812 1565 syllogismus
832 1515 912 1554 τοῦ
932 1511 1180 1566 ἐνδέχεσθαι
1196 1514 1273 1552 hoc
1295 1512 1415 1552 modo
1430 1518 1511 1559 (vs.
1527 1514 1598 1558 13)

136 1598 187 1605 —
207 1589 329 1628 quare
356 1577 476 1615 etiam
492 1576 719 1615 Alexander
745 1576 817 1615 fol.
845 1579 936 1626 146,
965 1591 988 1616 a
1015 1578 1190 1630 explicat
1216 1585 1274 1618 vs.
1295 1578 1349 1615 10
1376 1575 1459 1617 οὐκ
1486 1572 1603 1616 ἔσται

136 1638 420 1691 συλλογισμός
446 1639 601 1679 verbis:
632 1636 698 1679 ὅτι
723 1641 805 1679 τοῦ
832 1637 911 1691 μὲν
939 1640 1180 1693 ἀναγκαίου
1209 1640 1496 1693 συλλογισμὸς
1519 1639 1601 1683 οὐκ

139 1701 268 1755 ἔσται,
307 1706 387 1744 τοῦ
417 1701 463 1743 δὲ
491 1698 773 1755 ἐνδεχομένου
800 1702 928 1744 ἔσται.
986 1706 1094 1745 Fieri
1124 1711 1275 1758 potest,
1313 1710 1358 1745 ut
1387 1717 1506 1746 nemo
1537 1718 1601 1744 sa-

139 1773 258 1809 netur
284 1768 352 1820 qui
379 1771 580 1819 aegrotet,
609 1779 748 1806 omnes
776 1769 961 1807 homines
990 1774 1199 1818 aegrotare
1227 1773 1440 1820 possuntt
1461 1781 1602 1809 conse-

139 1833 276 1885 quitur
302 1831 392 1870 fieri
418 1843 552 1883 posse,
579 1835 625 1869 ut
651 1831 800 1870 sanitas
827 1832 880 1870 de
907 1830 1016 1871 nullo
1045 1832 1206 1871 homine
1229 1833 1496 1884 praedicetur.

85 1897 234 1936 48818
261 1895 389 1935 Aliter
416 1907 482 1934 res
507 1906 552 1932 se
578 1893 701 1932 habet
726 1894 767 1933 in
794 1895 914 1934 tertia
941 1895 1097 1946 figurat
1124 1908 1215 1935 nam
1242 1896 1282 1935 in
1304 1896 1440 1947 prima
1468 1899 1510 1934 et
1537 1908 1604 1935 se-

141 1959 271 2000 cunda
298 1958 406 2009 quod
432 1957 651 1997 admissum
675 1961 762 1997 erat
778 1958 915 1997 vitium
934 1958 976 1997 in
997 1959 1271 1998 ratiocinando
1289 1959 1427 2011 detegi
1446 1962 1605 2010 poterat

138 2023 226 2062 aliis
250 2022 428 2061 terminis
457 2021 601 2061 sumtis
631 2021 701 2072 qui
727 2022 788 2060 rei
808 2023 934 2072 magis
962 2023 1218 2061 convenirent
1246 2023 1302 2068 (si
1330 2036 1404 2074 pro
1433 2023 1604 2062 sanitate

141 2090 324 2127 sumatur
350 2085 392 2124 id
411 2086 518 2136 quod
538 2097 678 2124 sanum
695 2084 761 2135 sit,
789 2097 864 2137 pro
881 2086 1022 2125 morbo
1040 2086 1147 2137 quod
1169 2087 1396 2139 aegrotet);
1423 2086 1464 2125 in
1485 2086 1605 2127 tertia

139 2152 268 2202 figura
294 2162 392 2189 vero
419 2150 557 2188 vitium
585 2161 665 2205 non
699 2149 741 2188 in
775 2161 824 2188 eo
852 2150 1031 2201 positum
1070 2155 1154 2199 est,
1197 2151 1305 2201 quod
1332 2150 1497 2191 termini
1525 2163 1604 2190 non

141 2218 255 2255 recte
281 2214 401 2253 sumti
428 2213 529 2261 sint,
557 2213 631 2252 sed
658 2213 700 2252 in
728 2226 790 2263 eo,
819 2215 927 2265 quod
954 2214 1276 2266 propositiones,
1306 2227 1408 2265 quae
1436 2210 1603 2266 ἐνδεχο-

141 2275 283 2330 μένως
319 2276 494 2329 proferri
532 2276 754 2324 debebant,
787 2275 1068 2331 ὑπαρχόντως
1097 2279 1325 2319 enuntiatae
1353 2282 1447 2319 sunt
1475 2277 1603 2325 (κατὰ

142 2341 194 2383 τὸ
219 2338 465 2394 ἐνδέχεσθαι
493 2339 722 2392 συμβαίνει
746 2340 795 2382 τὸ
823 2341 1023 2392 ψεῦδος).

90 2408 240 2448 481121
266 2408 398 2447 τοῦτο
435 2404 475 2446 δ’
515 2403 923 2458 ἀνομολογούμενοι)
950 2438 959 2448 .
982 2438 994 2450 .
1015 2437 1026 2447 .
1064 2407 1156 2447 Hoc
1182 2419 1263 2447 non
1290 2411 1603 2448 consentaneum

143 2484 237 2512 esse
264 2471 362 2511 dicit
387 2471 438 2510 iis
466 2484 569 2522 quae
596 2473 714 2510 antea
741 2471 945 2512 docuerit:
983 2472 1161 2520 ostendit
1197 2472 1304 2510 enim
1342 2474 1424 2511 39a
1437 2474 1488 2511 14
1515 2485 1602 2525 sqq.

142 2536 232 2575 fieri
261 2535 536 2587 syllogismum
564 2535 695 2586 primo
722 2535 841 2576 modo
870 2537 1013 2576 tertiae
1040 2536 1205 2588 figurae,
1241 2536 1275 2573 si
1304 2540 1477 2586 utraque
1502 2550 1603 2589 pro-

142 2600 289 2651 positio
325 2600 378 2638 sit
411 2594 678 2652 ένδεχομένη,
718 2601 824 2650 quod
863 2601 1011 2640 falsum
1050 2612 1141 2639 esse
1177 2603 1349 2650 arguunt
1386 2612 1488 2651 quae
1523 2600 1604 2640 hoc
1640 2612 1645 2618 ·

144 2663 233 2703 loco
254 2662 393 2707 tradit.
433 2663 523 2703 Non
549 2663 660 2702 addit
686 2664 887 2714 quomodo
914 2664 1016 2703 haec
1035 2663 1256 2704 difficultas
1275 2667 1499 2715 superetur,
1527 2664 1602 2704 sed

101 2760 105 2763 .
145 2726 243 2767 satis
270 2726 392 2767 habet
415 2727 596 2767 indicare
621 2727 717 2779 quid
746 2727 945 2780 reliquum
973 2728 1027 2767 sit
1052 2727 1226 2779 negotii,
1263 2726 1301 2766 si
1323 2727 1416 2781 *quis
1442 2728 1603 2780 incepta

145 2791 333 2843 persequi
359 2791 464 2832 vent.
518 2791 628 2832 idem
654 2791 756 2832 fecit
780 2792 944 2842 45b20,
972 2781 1218 2842 41b31‚‘cf.
1241 2792 1601 2842 49-1o,.⁵oa4o,
