<?xml version="1.0" encoding="UTF-8"?>
<!DOCTYPE html PUBLIC "-//W3C//DTD XHTML 1.0 Transitional//EN"
    "http://www.w3.org/TR/xhtml1/DTD/xhtml1-transitional.dtd">
<html xmlns="http://www.w3.org/1999/xhtml" xml:lang="en" lang="en">
 <head>
  <title>
</title>
<meta http-equiv="Content-Type" content="text/html;charset=utf-8" />
  <meta name='ocr-system' content='tesseract 3.04.00' />
  <meta name='ocr-capabilities' content='ocr_page ocr_carea ocr_par ocr_line ocrx_word'/>
</head>
<body>
  <div class='ocr_page' id='page_1' title='image "aristotelisorgan01arisuoft_0356.png"; bbox 0 0 1780 3100; ppageno 0'>
   <div class='ocr_carea' id='block_1_1' title="bbox 251 220 1149 264">
    <p class='ocr_par' dir='ltr' id='par_1_1' title="bbox 251 220 1149 264">
     <span class='ocr_line' id='line_1_1' title="bbox 251 220 1149 264; baseline 0.002 -12"><span class='ocrx_word' id='word_1_1' title='bbox 251 220 333 260; x_wconf 67' lang='lat'>322</span> <span class='ocrx_word' id='word_1_2' title='bbox 859 220 1149 264; x_wconf 69' lang='lat' dir='ltr'>Gatagoriae.</span> 
     </span>
    </p>
   </div>
   <div class='ocr_carea' id='block_1_2' title="bbox 213 314 1739 932">
    <p class='ocr_par' dir='ltr' id='par_1_2' title="bbox 254 314 1735 494">
     <span class='ocr_line' id='line_1_2' title="bbox 254 314 1735 370; baseline 0 -13"><span class='ocrx_word' id='word_1_3' title='bbox 254 319 373 360; x_wconf 72' lang='lat'><strong>16111</strong></span> <span class='ocrx_word' id='word_1_4' title='bbox 401 318 571 357; x_wconf 75' lang='lat' dir='ltr'>Codices</span> <span class='ocrx_word' id='word_1_5' title='bbox 590 315 718 355; x_wconf 82' lang='lat' dir='ltr'>secuti</span> <span class='ocrx_word' id='word_1_6' title='bbox 737 314 919 356; x_wconf 73' lang='lat' dir='ltr'>dedimus</span> <span class='ocrx_word' id='word_1_7' title='bbox 938 314 1100 367; x_wconf 79' lang='grc' dir='ltr'><strong><em>κίνησις</em></strong></span> <span class='ocrx_word' id='word_1_8' title='bbox 1126 315 1290 370; x_wconf 78' lang='grc' dir='ltr'><strong><em>ἠρεμίᾳ.</em></strong></span> <span class='ocrx_word' id='word_1_9' title='bbox 1295 314 1501 356; x_wconf 78' lang='grc' dir='ltr'><strong><em>ἐναντίον.</em></strong></span> <span class='ocrx_word' id='word_1_10' title='bbox 1554 317 1612 358; x_wconf 81' lang='lat' dir='ltr'>De</span> <span class='ocrx_word' id='word_1_11' title='bbox 1639 331 1735 357; x_wconf 87' lang='lat' dir='ltr'>voce</span> 
     </span>
     <span class='ocr_line' id='line_1_3' title="bbox 304 379 1735 432; baseline -0.001 -11"><span class='ocrx_word' id='word_1_12' title='bbox 304 379 500 421; x_wconf 78' lang='grc' dir='ltr'><strong><em>ἐναντίον</em></strong></span> <span class='ocrx_word' id='word_1_13' title='bbox 512 391 658 431; x_wconf 84' lang='lat' dir='ltr'>genere</span> <span class='ocrx_word' id='word_1_14' title='bbox 671 385 808 417; x_wconf 84' lang='lat' dir='ltr'>neutro</span> <span class='ocrx_word' id='word_1_15' title='bbox 822 380 947 431; x_wconf 80' lang='lat' dir='ltr'>posita</span> <span class='ocrx_word' id='word_1_16' title='bbox 968 392 1003 418; x_wconf 80' lang='lat' dir='ltr'>v</span> <span class='ocrx_word' id='word_1_17' title='bbox 1024 382 1108 420; x_wconf 86' lang='lat' dir='ltr'>lob</span> <span class='ocrx_word' id='word_1_18' title='bbox 1122 382 1171 418; x_wconf 81' lang='lat'>13</span> <span class='ocrx_word' id='word_1_19' title='bbox 1185 386 1225 419; x_wconf 80' lang='lat' dir='ltr'>et</span> <span class='ocrx_word' id='word_1_20' title='bbox 1246 393 1344 432; x_wconf 80' lang='lat' dir='ltr'>quae</span> <span class='ocrx_word' id='word_1_21' title='bbox 1364 381 1534 419; x_wconf 81' lang='lat' dir='ltr'><strong>diximus</strong></span> <span class='ocrx_word' id='word_1_22' title='bbox 1554 381 1602 420; x_wconf 76' lang='lat' dir='ltr'>nd</span> <span class='ocrx_word' id='word_1_23' title='bbox 1619 382 1735 420; x_wconf 82' lang='lat' dir='ltr'>4b4:</span> 
     </span>
     <span class='ocr_line' id='line_1_4' title="bbox 305 442 1447 494; baseline 0.001 -12"><span class='ocrx_word' id='word_1_24' title='bbox 305 444 459 482; x_wconf 72' lang='lat' dir='ltr'>accedit</span> <span class='ocrx_word' id='word_1_25' title='bbox 485 443 588 492; x_wconf 87' lang='lat' dir='ltr'>qnod</span> <span class='ocrx_word' id='word_1_26' title='bbox 618 442 737 479; x_wconf 81' lang='lat' dir='ltr'>etiam</span> <span class='ocrx_word' id='word_1_27' title='bbox 766 442 857 480; x_wconf 81' lang='lat' dir='ltr'>edd.</span> <span class='ocrx_word' id='word_1_28' title='bbox 887 443 1039 494; x_wconf 78' lang='lat' dir='ltr'>priores</span> <span class='ocrx_word' id='word_1_29' title='bbox 1068 444 1214 482; x_wconf 84' lang='lat' dir='ltr'>habent</span> <span class='ocrx_word' id='word_1_30' title='bbox 1242 442 1447 483; x_wconf 77' lang='grc' dir='ltr'><strong><em>ἐναντίον.</em></strong></span> 
     </span>
    </p>

    <p class='ocr_par' dir='ltr' id='par_1_3' title="bbox 254 504 1739 869">
     <span class='ocr_line' id='line_1_5' title="bbox 254 504 1737 557; baseline -0.001 -13"><span class='ocrx_word' id='word_1_31' title='bbox 254 509 304 546; x_wconf 84' lang='grc'>15</span> <span class='ocrx_word' id='word_1_32' title='bbox 320 508 380 547; x_wconf 85' lang='lat' dir='ltr'>b4</span> <span class='ocrx_word' id='word_1_33' title='bbox 409 511 449 543; x_wconf 89' lang='lat' dir='ltr'>et</span> <span class='ocrx_word' id='word_1_34' title='bbox 475 508 500 542; x_wconf 81' lang='lat'><strong>9</strong></span> <span class='ocrx_word' id='word_1_35' title='bbox 530 504 627 542; x_wconf 85' lang='lat' dir='ltr'>cum</span> <span class='ocrx_word' id='word_1_36' title='bbox 657 505 772 543; x_wconf 87' lang='lat' dir='ltr'>codd.</span> <span class='ocrx_word' id='word_1_37' title='bbox 805 504 863 543; x_wconf 80' lang='lat' dir='ltr'>Cn</span> <span class='ocrx_word' id='word_1_38' title='bbox 890 506 1007 547; x_wconf 72' lang='lat' dir='ltr'>etiam</span> <span class='ocrx_word' id='word_1_39' title='bbox 1038 506 1226 544; x_wconf 81' lang='lat' dir='ltr'>Boethius</span> <span class='ocrx_word' id='word_1_40' title='bbox 1254 507 1446 557; x_wconf 80' lang='lat' dir='ltr'>congruit</span> <span class='ocrx_word' id='word_1_41' title='bbox 1484 519 1583 556; x_wconf 80' lang='lat' dir='ltr'>qnos</span> <span class='ocrx_word' id='word_1_42' title='bbox 1610 507 1737 545; x_wconf 78' lang='lat' dir='ltr'>secuti</span> 
     </span>
     <span class='ocr_line' id='line_1_6' title="bbox 305 567 1735 619; baseline 0 -12"><span class='ocrx_word' id='word_1_43' title='bbox 305 581 454 608; x_wconf 81' lang='lat' dir='ltr'>sumus.</span> <span class='ocrx_word' id='word_1_44' title='bbox 499 568 704 605; x_wconf 78' lang='lat' dir='ltr'>Lectiones</span> <span class='ocrx_word' id='word_1_45' title='bbox 733 567 834 606; x_wconf 82' lang='lat' dir='ltr'>enim</span> <span class='ocrx_word' id='word_1_46' title='bbox 863 581 958 617; x_wconf 82' lang='lat' dir='ltr'>quas</span> <span class='ocrx_word' id='word_1_47' title='bbox 987 571 1179 619; x_wconf 87' lang='lat' dir='ltr'>praebent</span> <span class='ocrx_word' id='word_1_48' title='bbox 1202 570 1360 619; x_wconf 83' lang='lat' dir='ltr'>reliquis</span> <span class='ocrx_word' id='word_1_49' title='bbox 1389 575 1591 619; x_wconf 75' lang='lat' dir='ltr'>praestare</span> <span class='ocrx_word' id='word_1_50' title='bbox 1611 570 1735 607; x_wconf 81' lang='lat' dir='ltr'>mani—</span> 
     </span>
     <span class='ocr_line' id='line_1_7' title="bbox 304 624 1738 681; baseline -0.001 -12"><span class='ocrx_word' id='word_1_51' title='bbox 304 632 452 669; x_wconf 87' lang='lat' dir='ltr'>festum</span> <span class='ocrx_word' id='word_1_52' title='bbox 472 635 554 667; x_wconf 73' lang='lat' dir='ltr'>est:</span> <span class='ocrx_word' id='word_1_53' title='bbox 583 628 771 681; x_wconf 72' lang='grc' dir='ltr'><strong><em>ἀντιθείη</em></strong></span> <span class='ocrx_word' id='word_1_54' title='bbox 798 631 914 667; x_wconf 80' lang='lat' dir='ltr'>etiam</span> <span class='ocrx_word' id='word_1_55' title='bbox 944 624 1034 670; x_wconf 73' lang='lat' dir='ltr'>edd.</span> <span class='ocrx_word' id='word_1_56' title='bbox 1063 633 1213 681; x_wconf 79' lang='lat' dir='ltr'>priores</span> <span class='ocrx_word' id='word_1_57' title='bbox 1240 632 1398 676; x_wconf 78' lang='lat' dir='ltr'>habent,</span> <span class='ocrx_word' id='word_1_58' title='bbox 1427 644 1549 679; x_wconf 79' lang='lat' dir='ltr'>quare</span> <span class='ocrx_word' id='word_1_59' title='bbox 1569 632 1738 669; x_wconf 74' lang='lat' dir='ltr'>fortasse</span> 
     </span>
     <span class='ocr_line' id='line_1_8' title="bbox 305 692 1736 744; baseline 0 -13"><span class='ocrx_word' id='word_1_60' title='bbox 305 693 489 731; x_wconf 80' lang='lat' dir='ltr'>mendum</span> <span class='ocrx_word' id='word_1_61' title='bbox 518 697 581 730; x_wconf 85' lang='lat' dir='ltr'>est</span> <span class='ocrx_word' id='word_1_62' title='bbox 608 693 710 742; x_wconf 84' lang='lat' dir='ltr'>quod</span> <span class='ocrx_word' id='word_1_63' title='bbox 747 693 785 730; x_wconf 91' lang='lat' dir='ltr'>in</span> <span class='ocrx_word' id='word_1_64' title='bbox 814 693 876 730; x_wconf 88' lang='lat' dir='ltr'>ed.</span> <span class='ocrx_word' id='word_1_65' title='bbox 906 693 1005 730; x_wconf 86' lang='lat' dir='ltr'>Bkki</span> <span class='ocrx_word' id='word_1_66' title='bbox 1034 694 1176 743; x_wconf 80' lang='lat' dir='ltr'>legitur</span> <span class='ocrx_word' id='word_1_67' title='bbox 1215 692 1465 744; x_wconf 70' lang='grc' dir='ltr'><strong><em>ἀνατιθείη,</em></strong></span> <span class='ocrx_word' id='word_1_68' title='bbox 1505 707 1736 744; x_wconf 83' lang='lat' dir='ltr'><strong>quamquam</strong></span> 
     </span>
     <span class='ocr_line' id='line_1_9' title="bbox 304 755 1739 807; baseline -0.002 -12"><span class='ocrx_word' id='word_1_69' title='bbox 304 757 410 795; x_wconf 84' lang='lat' dir='ltr'>idem</span> <span class='ocrx_word' id='word_1_70' title='bbox 437 755 554 793; x_wconf 82' lang='lat' dir='ltr'>etiam</span> <span class='ocrx_word' id='word_1_71' title='bbox 584 755 622 793; x_wconf 89' lang='lat' dir='ltr'>in</span> <span class='ocrx_word' id='word_1_72' title='bbox 651 755 776 793; x_wconf 79' lang='lat' dir='ltr'>eiusd.</span> <span class='ocrx_word' id='word_1_73' title='bbox 807 755 868 793; x_wconf 88' lang='lat' dir='ltr'>ed.</span> <span class='ocrx_word' id='word_1_74' title='bbox 897 756 1035 793; x_wconf 81' lang='lat' dir='ltr'>minori</span> <span class='ocrx_word' id='word_1_75' title='bbox 1066 756 1216 800; x_wconf 80' lang='lat' dir='ltr'>(Berol.</span> <span class='ocrx_word' id='word_1_76' title='bbox 1254 759 1374 801; x_wconf 76' lang='lat'><strong>1843)</strong></span> <span class='ocrx_word' id='word_1_77' title='bbox 1403 758 1554 807; x_wconf 80' lang='lat' dir='ltr'>legitur.</span> <span class='ocrx_word' id='word_1_78' title='bbox 1595 757 1664 795; x_wconf 83' lang='lat' dir='ltr'>Vs.</span> <span class='ocrx_word' id='word_1_79' title='bbox 1689 758 1739 793; x_wconf 83' lang='lat'>12</span> 
     </span>
     <span class='ocr_line' id='line_1_10' title="bbox 305 816 1739 869; baseline -0.001 -11"><span class='ocrx_word' id='word_1_80' title='bbox 305 816 577 858; x_wconf 81' lang='grc' dir='ltr'><strong><em>ἄντικείσεται</em></strong></span> <span class='ocrx_word' id='word_1_81' title='bbox 615 818 875 869; x_wconf 75' lang='lat' dir='ltr'>praetulimus</span> <span class='ocrx_word' id='word_1_82' title='bbox 914 830 1002 855; x_wconf 86' lang='lat' dir='ltr'>cnm</span> <span class='ocrx_word' id='word_1_83' title='bbox 1031 818 1219 856; x_wconf 79' lang='lat' dir='ltr'>Boethio:</span> <span class='ocrx_word' id='word_1_84' title='bbox 1262 818 1486 858; x_wconf 77' lang='grc' dir='ltr'><strong><em>ἀντίκειται</em></strong></span> <span class='ocrx_word' id='word_1_85' title='bbox 1513 820 1614 857; x_wconf 84' lang='lat' dir='ltr'>enim</span> <span class='ocrx_word' id='word_1_86' title='bbox 1642 819 1739 857; x_wconf 81' lang='lat' dir='ltr'>scri-</span> 
     </span>
    </p>

    <p class='ocr_par' dir='ltr' id='par_1_4' title="bbox 213 879 1629 932">
     <span class='ocr_line' id='line_1_11' title="bbox 213 879 1629 932; baseline -0.003 -10"><span class='ocrx_word' id='word_1_87' title='bbox 213 879 223 884; x_wconf 58' lang='grc'><strong>’</strong></span> <span class='ocrx_word' id='word_1_88' title='bbox 291 883 480 922; x_wconf 74' lang='lat' dir='ltr'>&#39;bentium</span> <span class='ocrx_word' id='word_1_89' title='bbox 508 881 768 932; x_wconf 80' lang='lat' dir='ltr'>negligentiae</span> <span class='ocrx_word' id='word_1_90' title='bbox 796 879 931 918; x_wconf 84' lang='lat' dir='ltr'>deberi</span> <span class='ocrx_word' id='word_1_91' title='bbox 959 880 1172 918; x_wconf 78' lang='lat' dir='ltr'>verisimite</span> <span class='ocrx_word' id='word_1_92' title='bbox 1200 886 1273 920; x_wconf 86' lang='lat' dir='ltr'>est.</span> <span class='ocrx_word' id='word_1_93' title='bbox 1627 891 1629 893; x_wconf 84' lang='grc'><strong><em>·</em></strong></span> 
     </span>
    </p>
   </div>
   <div class='ocr_carea' id='block_1_3' title="bbox 363 963 1513 1036">
    <p class='ocr_par' dir='ltr' id='par_1_5' title="bbox 363 963 1513 1036">
     <span class='ocr_line' id='line_1_12' title="bbox 363 963 1513 1036; baseline 0 -14"><span class='ocrx_word' id='word_1_94' title='bbox 363 963 466 1036; x_wconf 67' lang='lat' dir='ltr'>Cap.</span> <span class='ocrx_word' id='word_1_95' title='bbox 487 982 550 1021; x_wconf 88' lang='lat'>15.</span> <span class='ocrx_word' id='word_1_96' title='bbox 608 983 671 1020; x_wconf 79' lang='lat' dir='ltr'>De</span> <span class='ocrx_word' id='word_1_97' title='bbox 699 982 921 1034; x_wconf 78' lang='lat' dir='ltr'>multiplici</span> <span class='ocrx_word' id='word_1_98' title='bbox 943 987 1154 1036; x_wconf 58' lang='lat' dir='ltr'>potestate</span> <span class='ocrx_word' id='word_1_99' title='bbox 1180 985 1296 1023; x_wconf 85' lang='lat' dir='ltr'>verbi</span> <span class='ocrx_word' id='word_1_100' title='bbox 1323 963 1513 1026; x_wconf 75' lang='lat' dir='ltr'>habendi.</span> 
     </span>
    </p>
   </div>
   <div class='ocr_carea' id='block_1_4' title="bbox 256 1064 1743 1616">
    <p class='ocr_par' dir='ltr' id='par_1_6' title="bbox 256 1064 1743 1500">
     <span class='ocr_line' id='line_1_13' title="bbox 256 1064 1739 1120; baseline -0.001 -13"><span class='ocrx_word' id='word_1_101' title='bbox 256 1068 401 1108; x_wconf 65' lang='lat' dir='ltr'>15b1²</span> <span class='ocrx_word' id='word_1_102' title='bbox 428 1066 476 1106; x_wconf 87' lang='grc' dir='ltr'>τὸ</span> <span class='ocrx_word' id='word_1_103' title='bbox 505 1064 550 1106; x_wconf 80' lang='grc' dir='ltr'>δὲ</span> <span class='ocrx_word' id='word_1_104' title='bbox 577 1065 708 1118; x_wconf 20' lang='grc' dir='ltr'><strong><em>ἓᾛχειν</em></strong></span> <span class='ocrx_word' id='word_1_105' title='bbox 759 1067 967 1104; x_wconf 64' lang='grc'><strong>,102338</strong></span> <span class='ocrx_word' id='word_1_106' title='bbox 992 1065 1040 1105; x_wconf 83' lang='grc' dir='ltr'>τὸ</span> <span class='ocrx_word' id='word_1_107' title='bbox 1067 1064 1177 1118; x_wconf 76' lang='grc' dir='ltr'><strong><em>ἔχειν</em></strong></span> <span class='ocrx_word' id='word_1_108' title='bbox 1203 1066 1362 1120; x_wconf 78' lang='grc' dir='ltr'><strong><em>λέγεται</em></strong></span> <span class='ocrx_word' id='word_1_109' title='bbox 1387 1069 1624 1120; x_wconf 78' lang='grc' dir='ltr'><em>πολλαχῶς,</em></span> <span class='ocrx_word' id='word_1_110' title='bbox 1665 1066 1739 1107; x_wconf 77' lang='grc' dir='ltr'><strong><em>ἕνα</em></strong></span> 
     </span>
     <span class='ocr_line' id='line_1_14' title="bbox 307 1127 1739 1201; baseline 0 -30"><span class='ocrx_word' id='word_1_111' title='bbox 307 1130 385 1184; x_wconf 85' lang='grc' dir='ltr'><strong><em>μὲν</em></strong></span> <span class='ocrx_word' id='word_1_112' title='bbox 410 1130 573 1181; x_wconf 81' lang='grc' dir='ltr'><strong><em>τρόπον</em></strong></span> <span class='ocrx_word' id='word_1_113' title='bbox 599 1129 647 1169; x_wconf 89' lang='grc' dir='ltr'>τὸ</span> <span class='ocrx_word' id='word_1_114' title='bbox 674 1130 792 1180; x_wconf 79' lang='grc' dir='ltr'><strong><em>ἄγειν</em></strong></span> <span class='ocrx_word' id='word_1_115' title='bbox 819 1127 924 1169; x_wconf 73' lang='grc' dir='ltr'><strong><em>κατὰ</em></strong></span> <span class='ocrx_word' id='word_1_116' title='bbox 950 1127 1028 1180; x_wconf 82' lang='grc' dir='ltr'><strong><em>τὴν</em></strong></span> <span class='ocrx_word' id='word_1_117' title='bbox 1057 1129 1191 1171; x_wconf 82' lang='grc' dir='ltr'><strong><em>αὑτοῦ</em></strong></span> <span class='ocrx_word' id='word_1_118' title='bbox 1219 1132 1350 1182; x_wconf 86' lang='grc' dir='ltr'><strong><em>φύσιν</em></strong></span> <span class='ocrx_word' id='word_1_119' title='bbox 1376 1131 1403 1184; x_wconf 81' lang='grc' dir='ltr'>ἢ</span> <span class='ocrx_word' id='word_1_120' title='bbox 1431 1132 1536 1172; x_wconf 83' lang='grc' dir='ltr'><strong><em>κατὰ</em></strong></span> <span class='ocrx_word' id='word_1_121' title='bbox 1563 1131 1641 1201; x_wconf 84' lang='grc' dir='ltr'><strong><em>τὴν</em></strong></span> <span class='ocrx_word' id='word_1_122' title='bbox 1665 1129 1739 1171; x_wconf 83' lang='grc' dir='ltr'>αὖ-</span> 
     </span>
     <span class='ocr_line' id='line_1_15' title="bbox 306 1189 1740 1248; baseline -0.001 -14"><span class='ocrx_word' id='word_1_123' title='bbox 306 1198 386 1234; x_wconf 87' lang='grc' dir='ltr'><em>τοῦ</em></span> <span class='ocrx_word' id='word_1_124' title='bbox 413 1194 641 1247; x_wconf 87' lang='grc' dir='ltr'><strong><em>ὁρμήν...</em></strong></span> <span class='ocrx_word' id='word_1_125' title='bbox 675 1191 750 1231; x_wconf 79' lang='grc' dir='ltr'><strong><em>ἕνα</em></strong></span> <span class='ocrx_word' id='word_1_126' title='bbox 777 1191 816 1232; x_wconf 86' lang='grc' dir='ltr'>δ’</span> <span class='ocrx_word' id='word_1_127' title='bbox 845 1189 891 1232; x_wconf 80' lang='grc' dir='ltr'><strong><em>ἐν</em></strong></span> <span class='ocrx_word' id='word_1_128' title='bbox 918 1191 951 1231; x_wconf 84' lang='grc' dir='ltr'><strong><em>ὡ</em></strong></span> <span class='ocrx_word' id='word_1_129' title='bbox 979 1193 1033 1231; x_wconf 84' lang='grc' dir='ltr'><strong><em>ἄν</em></strong></span> <span class='ocrx_word' id='word_1_130' title='bbox 1059 1207 1098 1232; x_wconf 83' lang='grc' dir='ltr'>τι</span> <span class='ocrx_word' id='word_1_131' title='bbox 1115 1193 1280 1248; x_wconf 80' lang='grc' dir='ltr'><em>ὑπάρχῃ</em></span> <span class='ocrx_word' id='word_1_132' title='bbox 1301 1196 1361 1243; x_wconf 82' lang='grc' dir='ltr'>ὡς</span> <span class='ocrx_word' id='word_1_133' title='bbox 1377 1196 1578 1247; x_wconf 79' lang='grc' dir='ltr'><strong><em>δεκτικῷ.</em></strong></span> <span class='ocrx_word' id='word_1_134' title='bbox 1637 1191 1740 1234; x_wconf 69' lang='grc' dir='ltr'><strong><em>..ἕνα</em></strong></span> 
     </span>
     <span class='ocr_line' id='line_1_16' title="bbox 308 1253 1741 1308; baseline -0.001 -10"><span class='ocrx_word' id='word_1_135' title='bbox 308 1257 347 1298; x_wconf 82' lang='grc' dir='ltr'>δ’</span> <span class='ocrx_word' id='word_1_136' title='bbox 385 1257 444 1305; x_wconf 81' lang='grc' dir='ltr'>ὡς</span> <span class='ocrx_word' id='word_1_137' title='bbox 479 1257 526 1297; x_wconf 88' lang='grc' dir='ltr'>τὸ</span> <span class='ocrx_word' id='word_1_138' title='bbox 561 1253 752 1308; x_wconf 75' lang='grc' dir='ltr'><strong><em>περιέχον</em></strong></span> <span class='ocrx_word' id='word_1_139' title='bbox 789 1253 840 1295; x_wconf 85' lang='grc' dir='ltr'>τὰ</span> <span class='ocrx_word' id='word_1_140' title='bbox 875 1256 1179 1307; x_wconf 80' lang='grc' dir='ltr'><strong><em>περιεχόμενα.</em></strong></span> <span class='ocrx_word' id='word_1_141' title='bbox 1206 1288 1215 1299; x_wconf 90' lang='grc'><strong><em>.</em></strong></span> <span class='ocrx_word' id='word_1_142' title='bbox 1237 1259 1342 1299; x_wconf 78' lang='grc' dir='ltr'>,ἔτι</span> <span class='ocrx_word' id='word_1_143' title='bbox 1368 1258 1429 1299; x_wconf 82' lang='grc' dir='ltr'>τὸ</span> <span class='ocrx_word' id='word_1_144' title='bbox 1442 1259 1623 1300; x_wconf 71' lang='grc' dir='ltr'><strong><em>κωλῦον</em></strong></span> <span class='ocrx_word' id='word_1_145' title='bbox 1636 1256 1741 1298; x_wconf 80' lang='grc' dir='ltr'><strong><em>κατὰ</em></strong></span> 
     </span>
     <span class='ocr_line' id='line_1_17' title="bbox 306 1319 1743 1373; baseline 0 -12"><span class='ocrx_word' id='word_1_146' title='bbox 306 1319 386 1373; x_wconf 78' lang='grc' dir='ltr'><strong><em>τὴν</em></strong></span> <span class='ocrx_word' id='word_1_147' title='bbox 414 1319 550 1360; x_wconf 80' lang='grc' dir='ltr'><strong><em>αὑτοῦ</em></strong></span> <span class='ocrx_word' id='word_1_148' title='bbox 576 1319 715 1371; x_wconf 83' lang='grc' dir='ltr'><strong><em>ὁρμήν</em></strong></span> <span class='ocrx_word' id='word_1_149' title='bbox 739 1333 779 1358; x_wconf 86' lang='grc' dir='ltr'>τι</span> <span class='ocrx_word' id='word_1_150' title='bbox 806 1321 1016 1359; x_wconf 76' lang='grc' dir='ltr'><strong><em>κινεῖσθαι</em></strong></span> <span class='ocrx_word' id='word_1_151' title='bbox 1042 1319 1069 1371; x_wconf 80' lang='grc' dir='ltr'>ἢ</span> <span class='ocrx_word' id='word_1_152' title='bbox 1097 1320 1390 1371; x_wconf 79' lang='grc' dir='ltr'><strong><em>πράττειν..</em></strong></span> <span class='ocrx_word' id='word_1_153' title='bbox 1419 1321 1489 1362; x_wconf 83' lang='grc' dir='ltr'>καὶ</span> <span class='ocrx_word' id='word_1_154' title='bbox 1516 1322 1563 1362; x_wconf 85' lang='grc' dir='ltr'>τὸ</span> <span class='ocrx_word' id='word_1_155' title='bbox 1592 1321 1637 1361; x_wconf 77' lang='grc' dir='ltr'><strong><em>ἓν</em></strong></span> <span class='ocrx_word' id='word_1_156' title='bbox 1658 1335 1743 1362; x_wconf 76' lang='grc' dir='ltr'><strong><em>τινι</em></strong></span> 
     </span>
     <span class='ocr_line' id='line_1_18' title="bbox 309 1380 1742 1453; baseline -0.001 -28"><span class='ocrx_word' id='word_1_157' title='bbox 309 1383 355 1424; x_wconf 76' lang='grc' dir='ltr'>δὲ</span> <span class='ocrx_word' id='word_1_158' title='bbox 392 1380 499 1424; x_wconf 83' lang='grc' dir='ltr'><strong><em>εἶναι</em></strong></span> <span class='ocrx_word' id='word_1_159' title='bbox 535 1381 828 1435; x_wconf 80' lang='grc' dir='ltr'><strong><em>ὁμοιοτρόπως</em></strong></span> <span class='ocrx_word' id='word_1_160' title='bbox 866 1380 1026 1433; x_wconf 82' lang='grc' dir='ltr'><strong><em>λέγεται</em></strong></span> <span class='ocrx_word' id='word_1_161' title='bbox 1058 1382 1132 1423; x_wconf 82' lang='grc' dir='ltr'>καὶ</span> <span class='ocrx_word' id='word_1_162' title='bbox 1172 1380 1384 1437; x_wconf 81' lang='grc' dir='ltr'><strong><em>ἑπομένως</em></strong></span> <span class='ocrx_word' id='word_1_163' title='bbox 1420 1386 1497 1440; x_wconf 77' lang='grc' dir='ltr'>τῷ</span> <span class='ocrx_word' id='word_1_164' title='bbox 1515 1384 1647 1453; x_wconf 73' lang='grc' dir='ltr'><strong><em>ἔχειν,</em></strong></span> <span class='ocrx_word' id='word_1_165' title='bbox 1683 1385 1742 1425; x_wconf 83' lang='lat' dir='ltr'>³cf.</span> 
     </span>
     <span class='ocr_line' id='line_1_19' title="bbox 308 1446 1231 1500; baseline -0.002 -14"><span class='ocrx_word' id='word_1_166' title='bbox 308 1447 474 1500; x_wconf 84' lang='lat' dir='ltr'>Trdlbg.</span> <span class='ocrx_word' id='word_1_167' title='bbox 503 1449 554 1486; x_wconf 87' lang='lat' dir='ltr'>de</span> <span class='ocrx_word' id='word_1_168' title='bbox 581 1448 742 1497; x_wconf 77' lang='lat' dir='ltr'>Categg.</span> <span class='ocrx_word' id='word_1_169' title='bbox 771 1446 946 1497; x_wconf 81' lang='lat' dir='ltr'>prolusio</span> <span class='ocrx_word' id='word_1_170' title='bbox 973 1460 1010 1498; x_wconf 88' lang='lat' dir='ltr'>p.</span> <span class='ocrx_word' id='word_1_171' title='bbox 1046 1450 1091 1484; x_wconf 79' lang='grc' dir='ltr'><strong>Π</strong></span> <span class='ocrx_word' id='word_1_172' title='bbox 1120 1461 1231 1499; x_wconf 84' lang='lat' dir='ltr'>seqq.</span> 
     </span>
    </p>

    <p class='ocr_par' dir='ltr' id='par_1_7' title="bbox 259 1506 1742 1616">
     <span class='ocr_line' id='line_1_20' title="bbox 259 1506 1741 1560; baseline 0.001 -13"><span class='ocrx_word' id='word_1_173' title='bbox 259 1511 406 1548; x_wconf 82' lang='lat' dir='ltr'>15b19</span> <span class='ocrx_word' id='word_1_174' title='bbox 433 1511 637 1549; x_wconf 77' lang='lat' dir='ltr'>omisimus</span> <span class='ocrx_word' id='word_1_175' title='bbox 673 1507 744 1548; x_wconf 83' lang='grc' dir='ltr'>καὶ</span> <span class='ocrx_word' id='word_1_176' title='bbox 779 1514 868 1546; x_wconf 81' lang='lat' dir='ltr'>ante</span> <span class='ocrx_word' id='word_1_177' title='bbox 895 1506 1124 1560; x_wconf 78' lang='grc' dir='ltr'><strong><em>ἐπιστήμην</em></strong></span> <span class='ocrx_word' id='word_1_178' title='bbox 1152 1515 1190 1547; x_wconf 87' lang='lat' dir='ltr'>et</span> <span class='ocrx_word' id='word_1_179' title='bbox 1218 1512 1395 1550; x_wconf 84' lang='lat' dir='ltr'>codicum</span> <span class='ocrx_word' id='word_1_180' title='bbox 1426 1517 1464 1550; x_wconf 83' lang='lat' dir='ltr'>et</span> <span class='ocrx_word' id='word_1_181' title='bbox 1490 1512 1665 1559; x_wconf 81' lang='lat' dir='ltr'>Boethii·</span> <span class='ocrx_word' id='word_1_182' title='bbox 1674 1525 1741 1550; x_wconf 83' lang='lat' dir='ltr'>au—</span> 
     </span>
     <span class='ocr_line' id='line_1_21' title="bbox 310 1573 1742 1616; baseline 0.001 -5"><span class='ocrx_word' id='word_1_183' title='bbox 310 1574 495 1611; x_wconf 79' lang='lat' dir='ltr'>ctoritate</span> <span class='ocrx_word' id='word_1_184' title='bbox 523 1573 641 1612; x_wconf 80' lang='lat' dir='ltr'>moti:</span> <span class='ocrx_word' id='word_1_185' title='bbox 684 1573 777 1610; x_wconf 88' lang='lat' dir='ltr'>item</span> <span class='ocrx_word' id='word_1_186' title='bbox 807 1582 862 1609; x_wconf 77' lang='lat' dir='ltr'>vs,</span> <span class='ocrx_word' id='word_1_187' title='bbox 891 1573 941 1609; x_wconf 83' lang='lat'>25</span> <span class='ocrx_word' id='word_1_188' title='bbox 969 1573 1171 1610; x_wconf 79' lang='lat' dir='ltr'>articulum</span> <span class='ocrx_word' id='word_1_189' title='bbox 1202 1575 1415 1612; x_wconf 81' lang='lat' dir='ltr'>adiecimus</span> <span class='ocrx_word' id='word_1_190' title='bbox 1444 1580 1483 1613; x_wconf 86' lang='lat' dir='ltr'>et</span> <span class='ocrx_word' id='word_1_191' title='bbox 1511 1584 1567 1612; x_wconf 72' lang='lat' dir='ltr'>VS.</span> <span class='ocrx_word' id='word_1_192' title='bbox 1597 1577 1651 1612; x_wconf 88' lang='lat'>30</span> <span class='ocrx_word' id='word_1_193' title='bbox 1677 1587 1742 1616; x_wconf 80' lang='lat' dir='ltr'>re-</span> 
     </span>
    </p>
   </div>
   <div class='ocr_carea' id='block_1_5' title="bbox 309 1630 1743 1747">
    <p class='ocr_par' dir='ltr' id='par_1_8' title="bbox 309 1630 1743 1747">
     <span class='ocr_line' id='line_1_22' title="bbox 309 1630 1743 1684; baseline 0.001 -11"><span class='ocrx_word' id='word_1_194' title='bbox 309 1636 510 1673; x_wconf 79' lang='lat' dir='ltr'>stituimus</span> <span class='ocrx_word' id='word_1_195' title='bbox 538 1630 666 1684; x_wconf 79' lang='grc' dir='ltr'><strong><em>ἔχειν,</em></strong></span> <span class='ocrx_word' id='word_1_196' title='bbox 702 1635 805 1682; x_wconf 87' lang='lat' dir='ltr'>quod</span> <span class='ocrx_word' id='word_1_197' title='bbox 834 1646 904 1672; x_wconf 88' lang='lat' dir='ltr'>cur</span> <span class='ocrx_word' id='word_1_198' title='bbox 931 1635 1026 1671; x_wconf 86' lang='lat' dir='ltr'>Bkk.</span> <span class='ocrx_word' id='word_1_199' title='bbox 1056 1648 1132 1672; x_wconf 87' lang='lat' dir='ltr'>non</span> <span class='ocrx_word' id='word_1_200' title='bbox 1159 1635 1366 1674; x_wconf 81' lang='lat' dir='ltr'>ferendum</span> <span class='ocrx_word' id='word_1_201' title='bbox 1396 1650 1485 1675; x_wconf 85' lang='lat' dir='ltr'>esse</span> <span class='ocrx_word' id='word_1_202' title='bbox 1513 1637 1743 1675; x_wconf 78' lang='lat' dir='ltr'>iudicaverit</span> 
     </span>
     <span class='ocr_line' id='line_1_23' title="bbox 309 1693 1348 1747; baseline -0.002 -11"><span class='ocrx_word' id='word_1_203' title='bbox 309 1710 384 1736; x_wconf 89' lang='lat' dir='ltr'>non</span> <span class='ocrx_word' id='word_1_204' title='bbox 413 1697 624 1747; x_wconf 66' lang='lat' dir='ltr'>assequor:</span> <span class='ocrx_word' id='word_1_205' title='bbox 657 1693 738 1745; x_wconf 77' lang='grc' dir='ltr'><strong><em>ἔχει</em></strong></span> <span class='ocrx_word' id='word_1_206' title='bbox 764 1701 895 1733; x_wconf 78' lang='lat' dir='ltr'>autem</span> <span class='ocrx_word' id='word_1_207' title='bbox 925 1709 948 1734; x_wconf 92' lang='lat' dir='ltr'>e</span> <span class='ocrx_word' id='word_1_208' title='bbox 976 1696 1199 1734; x_wconf 85' lang='lat' dir='ltr'>coniectura</span> <span class='ocrx_word' id='word_1_209' title='bbox 1227 1697 1348 1735; x_wconf 80' lang='lat' dir='ltr'>dedit.</span> 
     </span>
    </p>
   </div>
  </div>
 </body>
</html>
