1806 3094
530 878 1223 954 PRAEFATIO.

128 1139 520 1233 Philosophiam
548 1170 742 1213 vidimus
765 1174 918 1212 nostra
947 1172 1096 1210 aetate
1131 1166 1179 1208 in
1205 1169 1380 1208 tantum
1404 1162 1644 1207 discrimen

130 1254 387 1306 adductam,
430 1257 481 1295 ut
512 1251 662 1310 ipsum
689 1246 986 1292 Aristotelem
1018 1245 1287 1288 clamantem
1324 1242 1480 1285 audire
1511 1240 1643 1284 vide-

130 1348 280 1375 remur
307 1346 394 1385 „ne
427 1329 536 1387 quid
575 1326 834 1371 detrimenti
862 1330 1048 1384 caperet
1079 1318 1385 1382 respublica’':
1431 1335 1523 1364 non
1559 1319 1644 1364 de-

131 1410 310 1452 fuerunt
335 1407 454 1449 enim
478 1407 556 1463 qui
578 1407 624 1447 in
644 1404 946 1461 philosophia
973 1402 1223 1444 excolenda
1256 1401 1321 1442 ita
1352 1400 1515 1442 versati
1546 1400 1647 1454 sint,

133 1493 181 1531 ut
213 1485 394 1531 somniis
416 1483 632 1527 delectati
659 1496 750 1524 non
779 1480 925 1524 solum
948 1479 1181 1532 homines,
1218 1478 1298 1522 sed
1333 1478 1470 1522 etiam
1499 1478 1645 1537 ipsam

134 1566 370 1610 veritatem
394 1578 476 1622 spe
507 1561 627 1605 inani
658 1559 840 1603 eludere
872 1573 964 1602 non
998 1558 1327 1602 erubescerent.
1383 1557 1536 1612 Quare
1563 1570 1649 1616 pro

133 1645 253 1688 bono
284 1641 543 1686 habendum
580 1646 646 1683 est
681 1639 854 1693 omine,
898 1638 1022 1696 quod
1054 1645 1208 1681 nostro
1238 1643 1449 1695 tempore
1471 1636 1650 1679 Aristo-

133 1723 233 1767 telis
260 1721 455 1765 studium
478 1718 714 1763 instaurari
736 1718 901 1776 coepit.
959 1717 1032 1760 Ad
1059 1717 1180 1760 hunc
1201 1717 1340 1775 igitur
1374 1714 1498 1773 quod
1537 1730 1649 1774 prae

134 1801 291 1845 ceteris
314 1815 387 1842 me
411 1797 731 1848 convenerim,
775 1811 913 1852 quum
948 1809 1020 1838 me
1062 1796 1204 1838 movit
1232 1795 1374 1853 ipsius
1411 1794 1492 1836 viri
1517 1794 1650 1853 inge-

132 1879 281 1932 nium,
318 1876 439 1935 quod
470 1891 561 1919 non
581 1880 734 1935 potest
762 1889 853 1917 non
882 1879 1037 1917 t‘enere
1059 1889 1185 1927 eum,
1221 1873 1298 1931 qui
1322 1872 1650 1931 philosophiae

134 1957 282 1999 studio
304 1971 352 1999 se
375 1955 514 2010 dedit,
536 1969 628 1998 non
647 1960 696 1997 ut
716 1952 800 1996 sibi
817 1952 963 2012 fingat
983 1953 1249 2012 sapientiam
1273 1951 1430 2011 generi
1450 1951 1652 1995 humano

134 2048 225 2077 non
245 2032 412 2086 datam,
432 2034 555 2075 cuius
577 2032 934 2090 qualemcunque
959 2031 1202 2074 formulam
1229 2037 1491 2089 componat,
1503 2029 1585 2074 sed
1604 2035 1656 2073 ut

135 2112 256 2170 quod
281 2111 382 2155 sciri
400 2109 547 2169 possit
575 2108 755 2169 redigat
775 2110 835 2152 ad
865 2110 1151 2167 disciplinam
1177 2116 1383 2151 accurate
1402 2123 1493 2151 non
1514 2108 1654 2151 modo

134 2190 382 2245 fundatam,
416 2203 572 2232 verum
607 2188 742 2232 etiam
769 2193 1055 2240 exstructam,
1092 2187 1216 2230 cuius
1245 2187 1335 2230 alia
1355 2202 1461 2246 pars
1487 2202 1542 2229 ex
1566 2187 1656 2229 alia

136 2284 314 2328 semper
345 2283 459 2311 nexa
486 2274 531 2310 et
552 2281 706 2311 omnes
733 2268 850 2311 inter
875 2282 922 2310 se
946 2273 1082 2325 aptae
1107 2266 1443 2325 colligataeque
1465 2265 1654 2308 videan-

136 2354 222 2402 tur,
258 2354 352 2390 tum
373 2347 508 2390 etiam
526 2360 598 2388 me
619 2346 759 2389 movit
782 2360 937 2389 eorum
957 2360 1073 2403 quae
1102 2344 1389 2388 emendanda
1416 2350 1462 2387 et
1492 2344 1656 2403 expla-

136 2426 286 2470 nanda
321 2431 606 2485 superessent
651 2424 920 2468 multitudo:
977 2439 1081 2467 nam
1125 2423 1443 2477 difficultates,
1496 2423 1657 2482 quibus

138 2505 371 2565 negotium
405 2503 529 2563 quod
563 2503 829 2563 suscipimus
858 2503 1135 2547 obstructum
1159 2508 1248 2555 est,
1285 2502 1322 2544 si
1352 2515 1522 2561 operae
1546 2517 1655 2561 pre-

138 2584 249 2627 tium
271 2584 468 2627 facturus
494 2598 592 2626 esse
622 2582 828 2625 videatur
845 2582 923 2640 qui
945 2597 1018 2625 eas
1045 2586 1243 2639 superet,
1278 2594 1370 2623 non
1392 2581 1448 2624 ab
1471 2580 1656 2639 incepto

137 2677 339 2716 avocare,
376 2662 457 2705 sed
486 2662 621 2705 etiam
645 2661 786 2721 magis
813 2661 996 2704 allicere
1020 2660 1167 2704 solent
1199 2660 1370 2702 animos
1398 2674 1551 2702 eorum
1578 2660 1656 2716 qui

140 2741 341 2785 veritatis
366 2741 515 2784 studio
544 2740 687 2800 magis
713 2754 849 2798 quam
870 2738 1175 2782 oblectatione
1203 2738 1438 2782 ducuntur.
1510 2738 1661 2793 Quare

140 2820 425 2864 excusatione
461 2818 572 2862 mihi
595 2833 686 2862 non
720 2818 900 2862 videtur
930 2831 1046 2876 opus
1082 2832 1204 2871 esse,
1252 2817 1377 2876 quod
1413 2832 1530 2875 quae
1553 2817 1662 2860 Ari-

1300 2893 1321 2911 :p
