1838 3086
597 218 856 285 Analytica
886 236 1057 282 priora.
1514 230 1597 271 895

137 343 190 383 de
218 341 253 382 Ι)
281 339 504 394 praedicari
532 343 712 392 possunt.
765 337 822 377 Ut
849 341 892 377 et
919 336 970 376 de
995 335 1030 374 Il
1051 327 1088 376 δ’
1116 337 1159 374 et
1182 331 1234 372 de
1261 331 1312 372 ΙΙΙ
1341 323 1371 370 ε’
1398 329 1506 369 dicta
1531 343 1597 370 es-

137 411 228 446 sent
257 418 359 457 quae
388 404 629 444 Aristoteles
658 415 734 442 non
762 401 839 441 nisi
868 402 920 440 de
948 401 1074 439 altero
1101 397 1337 450 syllogismo
1365 394 1451 434 solo
1480 395 1597 442 dixit,

138 471 397 509 scribendum
426 469 571 508 suisset
598 463 856 520 ἐκθεμένους
882 463 910 517 ἢ
939 455 972 517 ᾧ
999 460 1083 503 τινὶ
1110 458 1312 514 ἑκάτερον
1338 457 1396 513 μὴ
1418 457 1599 511 ὑπάρχει

138 534 191 580 (ΙΙ
220 528 276 581 δ’)
305 531 333 586 ἢ
363 524 397 587 ᾧ
423 531 508 573 τινὶ
535 531 722 583 θάτερον
748 529 826 584 μὲν
856 529 1067 575 (terminus
1097 529 1245 573 minor)
1275 524 1476 578 ὑπάρχει,
1515 522 1598 564 θά-

136 610 263 649 τερον
302 595 348 638 δὲ
383 598 598 645 (terminus
626 598 771 645 maior)
809 592 868 647 μὴ
905 592 1084 644 ὑπάρχει
1122 592 1192 638 (lll
1217 585 1281 639 ε’).
1337 591 1468 630 Etiam
1497 602 1599 642 quae

136 666 358 713 sequuntur
387 674 444 699 vs.
462 664 512 699 10
538 658 676 700 κατὰ.
732 657 1056 710 ,συλλογισμόν
1085 655 1183 695 dell
1209 650 1246 696 δ’
1261 656 1348 694 solo
1368 654 1599 706 accipienda

135 731 251 772 sunt,
293 738 414 777 quum
454 725 493 763 in
531 725 763 776 syllogismo
795 725 843 763 ΙΙΙ
873 719 901 763 ε’
931 722 979 763 τὸ
1009 717 1284 772 ἐκτιθέμενον
1311 733 1388 759 non
1416 723 1479 758 est
1506 730 1601 770 pars

136 790 295 829 termini
324 789 485 828 minoris
514 794 559 827 ut
586 789 625 827 in
654 789 688 827 11
709 782 759 838 δ’,
789 789 861 828 sed
889 801 983 840 pars
1011 786 1136 825 medii
1165 785 1338 833 termini,
1368 783 1434 834 qui
1460 795 1483 821 a
1504 795 1601 823 con-

138 854 317 893 clusione
344 853 483 904 utique
511 853 661 892 alienus
691 858 765 892 est.

84 919 232 957 30:211
262 916 518 956 servavimus
547 930 637 956 cum
666 917 851 956 Bekkero
879 912 1136 967 ἀναγκαίως,
1164 924 1403 965 quamquam
1433 910 1601 963 expedi-

137 983 212 1021 tior
239 986 348 1020 esset
376 981 515 1029 oratio,
544 981 579 1019 si
608 982 804 1033 scriptum
828 985 1006 1020 exstaret
1029 977 1277 1031 ἀναγκαῖος.
1319 975 1600 1014 Difficiliorem

136 1046 352 1085 lectionem
382 1049 424 1083 et
451 1044 636 1084 codicum
666 1045 847 1098 vestigia,
877 1044 942 1095 qui
971 1044 1116 1083 habent
1140 1039 1389 1094 ἀναγκαῖος,
1415 1041 1603 1079 videntur

139 1110 399 1159 comprobare
425 1113 467 1147 et
494 1122 596 1160 quae
624 1109 778 1148 adiecta
807 1114 898 1148 sunt
926 1105 995 1148 ἐπὶ
1020 1106 1210 1148 τούτωνε
1240 1116 1411 1157 namque
1440 1108 1602 1143 senten-

135 1175 192 1213 tia
221 1173 322 1212 haec
351 1177 427 1213 est.
470 1172 673 1223 Sequetur
699 1174 802 1212 enim
831 1173 983 1224 aliquid
1013 1172 1241 1211 necessario
1269 1169 1450 1209 terminis
1479 1168 1540 1206 sic
1558 1179 1604 1207 se

135 1237 376 1277 habentibus
413 1241 460 1276 ut
494 1237 682 1278 diximus.
739 1237 894 1276 Similia
931 1240 1025 1276 sunt
1062 1249 1165 1289 quae
1202 1236 1402 1275 habentur
1437 1232 1605 1283 301124,

137 1302 288 1341 31b27
318 1301 368 1340 al.
582 1351 585 1353 -

85 1368 238 1406 30313
268 1362 314 1404 ἐν
340 1364 400 1420 τῷ
430 1362 572 1419 οἰκείῳ
599 1363 801 1418 σχήματι,
837 1366 878 1405 in
915 1378 964 1406 ea
989 1365 1116 1418 figura
1144 1377 1264 1417 quam
1291 1363 1439 1416 positio
1467 1361 1605 1402 termi-

141 1443 283 1470 norum
310 1430 476 1469 indicat.

198 1534 296 1588 Cap.
324 1537 365 1576 9.
421 1536 490 1575 De
516 1536 766 1589 syllogismis
791 1536 960 1589 primae
975 1538 1166 1590 figurae,
1196 1535 1268 1589 qni
1284 1535 1405 1587 fiunt
1433 1545 1488 1572 ea·
1510 1545 1607 1573 con-

88 1599 307 1639 iunctione
338 1601 640 1653 propositionis
677 1601 946 1640 necessariae
984 1613 1076 1640 cum
1099 1600 1389 1653 propositione
1413 1598 1608 1651 simplici.

89 1664 142 1702 1⁵1
171 1663 240 1702 De
267 1664 516 1717 syllogismis
542 1665 862 1712 universalibus,
891 1666 944 1702 33
973 1664 1026 1703 de
1048 1663 1396 1717 particularibus.

90 1749 239 1787 302122
255 1748 303 1789 τὸ
328 1746 374 1789 δὲ
391 1750 435 1789 Γ
445 1763 484 1789 τι
496 1749 584 1789 τῶν
601 1750 637 1789 Β
653 1747 750 1790 ἐστί.
780 1750 940 1789 imitans
960 1748 1131 1790 ἔκθεσιν
1143 1750 1183 1788 in
1207 1749 1296 1801 ipso
1315 1748 1546 1801 syllogismo
1567 1749 1609 1790 in

143 1812 274 1851 locum
302 1814 461 1852 termini
479 1814 510 1852 B
539 1814 754 1853 terminum
773 1813 806 1852 G
835 1815 1059 1863 substituit,
1089 1814 1239 1866 quippe
1267 1814 1334 1864 qui
1360 1813 1610 1853 continentur

144 1876 295 1917 altero:
326 1878 482 1916 scilicet
510 1878 663 1930 optime
682 1878 920 1917 Aristoteles
943 1879 1149 1931 perspexit
1166 1889 1325 1916 omnem
1336 1877 1611 1923 ,ratiocinandi

141 1940 220 1979 vim
249 1941 289 1980 in
316 1954 365 1980 eo
394 1955 510 1989 esse,
552 1941 656 1992 quod
696 1942 867 1980 alterum
897 1943 935 1981 in
965 1943 1095 1981 altero
1123 1942 1218 1980 insit
1246 1946 1289 1979 ut
1317 1953 1411 1993 pars
1439 1941 1478 1979 in
1506 1944 1609 1984 toto.

143 2005 304 2044 Etenim
335 2005 592 2056 syllogismus
620 2006 672 2044 de
699 2007 842 2044 iisdem
872 2007 1068 2046 universis
1098 2011 1182 2053 est,
1222 2005 1274 2044 de
1302 2006 1445 2057 quibus
1474 2005 1609 2058 singu-

144 2069 193 2107 lis
214 2065 391 2116 ἔκθεσις.
408 2090 462 2096 -
490 2069 694 2108 Bekkerus
722 2070 854 2109 invitis
885 2071 1090 2110 codicibus
1120 2069 1232 2108 dedit
1259 2066 1331 2109 καὶ
1357 2067 1472 2118 τὸΓ,
1502 2071 1611 2121 quod

144 2145 261 2183 quem
292 2146 450 2172 sensum
480 2134 632 2172 habere
661 2135 791 2185 possit
820 2147 896 2173 non
926 2135 1054 2176 video.
1096 2134 1197 2173 Nam
1228 2147 1350 2185 quum
1371 2135 1611 2174 Aristoteles

148 2197 293 2235 dixerit
322 2197 483 2245 „Quum
514 2198 564 2235 de
593 2198 700 2236 omni
731 2199 759 2236 B
789 2200 1016 2237 necessario
1045 2199 1268 2250 praedicari
1296 2197 1359 2236 vel
1388 2211 1464 2236 non
1493 2211 1612 2249 prae-

148 2260 273 2298 dicari
303 2261 567 2299 sumserimus
597 2262 811 2300 terminum
837 2264 891 2311 Α,
922 2263 955 2302 C
984 2271 1114 2301 autem
1144 2262 1239 2300 insit
1265 2263 1304 2299 in
1333 2262 1504 2300 termino
1534 2259 1610 2312 B”‚

150 2337 320 2363 necesse
349 2329 410 2362 est
439 2330 627 2375 sequatur
656 2326 860 2365 conclusio
888 2328 951 2374 „A
982 2328 1033 2366 de
1062 2327 1167 2365 omni
1185 2326 1216 2364 C
1241 2327 1470 2364 necessario
1493 2340 1609 2378 prae·

149 2388 348 2427 dicabitur
375 2388 438 2427 vel
476 2389 704 2427 necessario
741 2402 816 2429 non
852 2390 1198 2443 praedicabitur’':
1240 2403 1362 2440 quare
1389 2391 1492 2430 bene
1521 2390 1613 2430 zell

148 2466 224 2501 „so
252 2453 305 2491 ist
332 2453 610 2503 nothwendig,
655 2453 742 2492 dass
771 2455 874 2493 auch
904 2455 985 2494 fiir
1014 2455 1046 2494 C
1075 2456 1146 2493 das
1175 2455 1276 2493 Eine
1304 2454 1403 2493 oder
1430 2455 1502 2493 das
1530 2455 1610 2494 An-

149 2517 247 2556 dere
283 2516 517 2555 stattiinden
555 2513 700 2554 muss''.
765 2518 866 2557 Nam
905 2521 1010 2570 quod
1049 2519 1161 2558 addit
1199 2516 1240 2568 ἐξ
1268 2516 1467 2570 άνάγκης-
1494 2517 1611 2561 ἔσται

149 2579 336 2631 θάτερον
363 2579 530 2620 τούτων
569 2581 675 2620 haud
713 2583 797 2620 scio
835 2596 883 2622 an
924 2584 1039 2622 aliter
1074 2584 1264 2634 explicari
1294 2589 1466 2634 nequeat
1493 2598 1612 2637 quam

151 2642 193 2695 ἐξ
220 2645 410 2697 ἀνάγκης
438 2642 555 2685 ἔσται
582 2643 608 2697 ἢ
637 2644 685 2685 τὸ
713 2644 920 2699 ὑπάρχειν
947 2646 974 2699 ἢ
1002 2645 1050 2687 τὸ
1078 2645 1136 2700 μὴ
1164 2645 1382 2699 ὑπάρχειν.

99 2711 152 2748 30
164 2712 245 2749 α25
275 2708 361 2750 ἔστι,
389 2711 528 2762 optimi
557 2711 675 2749 codd.
706 2723 795 2750 cum
826 2713 996 2751 Boethio
1024 2717 1211 2752 tuentur:
1240 2708 1356 2752 ἔσται
1381 2712 1611 2763 reiecimus,

153 2775 245 2825 quia
273 2775 532 2814 correctionis
562 2776 737 2827 speciem
767 2776 898 2814 habet.

102 2838 256 2877 30:126
283 2838 494 2889 Quomodo
521 2839 594 2879 fiat
621 2839 912 2879 demonstratio
939 2840 981 2880 in
1008 2840 1137 2893 prima
1163 2841 1292 2893 figura
1320 2841 1458 2882 docuit
1477 2840 1613 2882 Philo-
