1838 3086
617 224 873 272 Analytica
904 221 1078 269 priora.
1532 214 1614 255 δας

154 331 427 373 demonstrant
453 326 559 380 quod
589 326 840 380 propositum
869 327 946 372 est,
974 322 1060 362 sive
1088 321 1198 360 recta
1224 317 1290 357 via
1316 315 1403 356 sive
1431 314 1615 366 proposi-

157 396 336 437 tionibus
365 392 584 432 conversis.
642 390 868 443 opponitur
894 391 953 439 τῷ
982 383 1198 431 δεικτικῶς
1223 381 1272 423 τὸ
1300 379 1373 422 διὰ
1399 381 1479 420 τοῦ
1508 377 1614 419 ἀδυ-

152 459 310 501 νάτους
339 472 428 498 nam
451 463 497 497 ut
513 457 584 495 fiat
607 455 792 494 deductio
823 453 872 490 ad
891 451 1122 497 absurdum,
1151 461 1251 488 nova
1274 445 1492 499 hypothesi
1511 455 1614 495 opus

159 529 237 574 est,
266 536 368 575 quae
396 535 473 562 non
504 521 752 560 contineatur
779 517 827 555 iis
849 529 952 568 quae
975 517 1064 554 (lata
1095 516 1200 552 sunt.
1242 511 1330 550 Zell
1361 524 1401 563 p.
1429 511 1508 548 ‘228
1531 511 1616 547 not.

153 589 307 639 „mese
335 586 542 629 Schffisse,
568 584 660 622 hier
688 583 752 620 bei
783 574 1023 619 Aristoteles
1054 573 1255 618 δεικτικοὶ
1284 573 1521 627 (zeigendeJ
1546 585 1617 624 ge-

153 656 301 698 nannt,
340 649 428 688 siud
470 647 629 693 solche,
670 646 824 684 welche
865 657 986 683 unser
1024 643 1229 694 logischer
1258 637 1620 691 Sprachgebrauch

149 717 255 769 Jetzt
282 711 565 764 kategorische
594 710 758 750 nennt''.
800 709 993 748 Minime:
1022 721 1111 746 nam
1143 704 1363 757 categorici
1383 700 1620 755 syllogismi,

156 780 224 832 qui
253 778 454 823 dicuntur,
485 775 758 826 hypotheticis
788 773 936 825 opponi
965 772 1096 810 solent
1115 776 1158 810 et
1176 768 1439 817 disinnctivis,
1465 764 1515 807 τὸ
1535 764 1620 807 δει-

158 843 306 885 κτικὸν
334 853 429 880 vero
456 839 516 894 τῷ
546 836 617 878 διὰ
643 841 723 879 τοῦ
752 835 974 877 ἀδυνάτου
1002 831 1309 886 περαινομένῳ.

106 909 245 952 29126,
262 906 452 947 Ostendit
480 904 733 956 syllogismos
762 896 839 954 121¹
866 907 910 941 et
938 896 975 941 δ’
1011 901 1150 940 reduci
1187 899 1237 937 ad
1276 894 1491 936 secundam
1519 894 1624 945 figu-

121 984 123 986 “
160 986 272 1020 rum,
311 969 424 1009 cuius
461 968 684 1019 syllogismi
722 981 842 1018 quum
881 979 1019 1005 omnes
1060 965 1303 1005 reducantur
1332 961 1382 1000 ad
1409 952 1547 1000 Ia'et
1569 949 1624 1011 β’,

160 1037 283 1077 etiam
314 1027 388 1085 Iy'
407 1038 447 1072 et
476 1026 512 1072 δ’
540 1032 588 1070 ad
618 1032 635 1071 1
659 1026 698 1072 α’
722 1038 763 1071 et
786 1025 824 1083 β’
850 1032 989 1071 reduci
1017 1033 1197 1081 apparet.

106 1102 261 1142 29b18
289 1096 332 1139 οἱ
357 1094 465 1138 κατὰ
492 1094 642 1149 μέρος,
672 1097 795 1136 intell.
825 1093 868 1136 οἱ
893 1093 940 1135 ἐν
966 1098 1025 1147 τῷ
1052 1092 1206 1146 πρώτῳ
1235 1088 1430 1143 σχήματι.

107 1166 259 1207 29b28
287 1162 483 1202 Meliores
512 1162 674 1200 codices
710 1162 821 1213 prius
859 1161 1087 1200 habuerunt
1113 1159 1272 1204 ἄλλους
1299 1169 1373 1208 pro
1401 1149 1627 1206 ἀλλήλους,

163 1234 243 1270 vet.
271 1229 372 1278 iutp.
401 1231 472 1277 „et
499 1227 548 1265 ad
577 1226 676 1264 alios
707 1225 817 1270 (illos
840 1226 927 1264 cod.
949 1224 1094 1269 Goth.)
1126 1225 1190 1276 qui
1220 1236 1267 1262 ex
1297 1221 1387 1260 aliis
1415 1219 1477 1258 vel
1504 1217 1553 1256 ad
1581 1228 1629 1255 se

162 1292 378 1337 invicem’'‚·
408 1291 514 1329 unde
544 1290 673 1329 Buhle
699 1286 772 1330 καὶ
799 1288 906 1341 πρὸς
932 1288 1091 1335 ἄλλους
1118 1285 1233 1328 otiu
1259 1286 1347 1326 τῶν
1374 1281 1530 1335 ἑτέρων
1556 1276 1630 1321 καὶ

161 1356 270 1410 πρὸς
297 1355 520 1408 ἀλλήλους.
561 1354 757 1403 Exsultat,
787 1356 893 1406 quod
919 1355 1113 1393 invenerit
1135 1354 1361 1397 lectionem,
1389 1363 1466 1400 qua
1488 1348 1629 1387 tollan-

163 1429 232 1463 tur
272 1421 536 1461 difficultates
572 1419 715 1471 quibus
751 1419 861 1458 locus
899 1419 1118 1470 impeditus
1153 1417 1289 1457 fuerit.
1348 1414 1494 1455 Versio
1524 1412 1629 1450 Boe-

162 1488 297 1528 thiaua
319 1486 464 1524 similia
483 1485 628 1523 habet:
657 1489 727 1532 „et
754 1483 803 1521 ad
825 1483 995 1522 invicem
1018 1488 1060 1521 et
1081 1482 1128 1520 ad
1154 1495 1239 1531 eos,
1267 1480 1335 1531 qui
1361 1492 1411 1518 ex
1429 1479 1517 1517 aliis
1539 1479 1632 1515 sunt

165 1550 347 1602 figuris’'.
396 1549 501 1587 Mihi
530 1548 693 1600 quidem
722 1548 841 1598 louge
870 1547 1075 1585 difficilius
1104 1548 1261 1593 videtur
1289 1543 1395 1595 quod
1424 1543 1491 1581 ille
1519 1553 1632 1580 rece-

165 1617 237 1668 pit.
287 1613 469 1663 Namque
497 1612 688 1663 exposuit
715 1612 957 1651 Aristoteles
987 1614 1028 1649 et
1055 1611 1255 1662 quomodo
1282 1609 1383 1646 fiant
1411 1604 1634 1659 syllogismi

166 1671 207 1719 in
246 1678 412 1730 singulis
441 1676 580 1727 figuris
611 1680 717 1726 (cap.
747 1677 892 1721 4—6)
924 1681 965 1714 et
1004 1676 1205 1727 quomodo
1234 1673 1408 1712 secunda
1436 1671 1565 1722 figura
1593 1673 1634 1708 et

166 1744 288 1784 tertia
316 1742 377 1782 adr
394 1740 565 1792 primam
592 1740 809 1778 reducatur
837 1743 944 1790 (cap.
962 1743 1023 1784 7).
1062 1739 1116 1777 lis
1137 1739 1271 1777 verbis
1293 1743 1442 1786 autem,
1471 1735 1523 1774 de
1546 1734 1632 1786 qui-

168 1809 243 1848 bus
271 1818 377 1845 nunc
404 1805 591 1852 dicimus,
620 1816 814 1843 summam
843 1806 966 1843 totius
996 1803 1280 1855 disputationis
1311 1814 1412 1851 quae
1446 1812 1634 1852 praeces-

169 1873 223 1911 sit
260 1868 562 1920 complectitur,
610 1867 715 1918 quod
752 1868 846 1906 item
884 1868 982 1906 fecit
1019 1880 1068 1906 ex
1096 1879 1209 1905 more
1245 1866 1285 1903 in
1324 1865 1405 1903 fine
1441 1865 1635 1916 cuiusque

169 1936 343 1987 figurae:
372 1944 498 1982 quare
527 1931 562 1969 si
590 1931 689 1970 dicit
717 1944 766 1984 se⁴
790 1932 1027 1983 exposuisse
1059 1935 1101 1970 et
1128 1930 1329 1980 quomodo
1359 1929 1460 1967 fiant
1487 1927 1635 1980 singuli

171 1997 391 2052 syllogismi
430 2000 471 2033 et
511 2008 627 2046 quam
665 1996 864 2034 rationem
904 1996 1011 2034 inter
1050 2008 1096 2034 se
1124 1994 1318 2042 habeant,
1360 1994 1489 2032 omnia
1517 1993 1637 2044 plana

113 2091 116 2093 -
162 2068 276 2103 sunt.
333 2060 450 2115 Quod
479 2059 674 2098 Boethius
712 2060 832 2099 habet
871 2065 913 2099 et
940 2065 1018 2099 vet.
1042 2060 1141 2110 intp.
1170 2058 1258 2106 „vel
1288 2058 1336 2096 ad
1366 2071 1412 2096 se
1439 2054 1637 2096 invicem''

166 2129 249 2181 hoc
276 2126 334 2164 ita
360 2130 495 2163 natum
523 2129 645 2174 puto,
675 2128 719 2163 ut
747 2124 835 2175 quis
864 2124 1062 2163 deleverit
1097 2123 1203 2174 quod
1243 2123 1283 2161 in
1322 2122 1403 2160 fine
1438 2122 1637 2161 adiectum

174 2196 261 2231 erat
290 2187 530 2241 σχημάτων,
559 2188 596 2226 in
626 2189 740 2227 cuius
769 2189 900 2227 locum
930 2188 1139 2230 substituit
1160 2185 1188 2239 ἢ
1213 2186 1322 2237 πρὸς
1340 2185 1563 2238 ἀλλήλους,
1593 2189 1639 2225 ut

174 2255 297 2294 verba
334 2250 440 2304 πρὸς
469 2250 679 2303 ἀλλήλους
717 2252 757 2290 in
795 2252 873 2291 alio
901 2253 1042 2291 codice
1077 2254 1237 2291 inventa
1267 2264 1339 2303 pro
1367 2251 1500 2290 verbis
1529 2248 1639 2301 πρὸς

176 2320 334 2365 ἄλλους
361 2319 399 2356 in
429 2323 659 2356 contextum
688 2317 919 2368 recipienda
946 2331 1038 2356 esse
1067 2317 1326 2369 significaret.

235 2425 336 2479 Cap.
352 2425 394 2463 8.
407 2413 521 2462 'Alii
536 2423 765 2475 syllogismi
783 2428 880 2463 sunt
895 2425 974 2464 τοῦ
989 2422 1205 2475 ὑπάρχειν,
1226 2423 1302 2462 alii
1310 2423 1389 2461 τοῦ
1401 2420 1640 2473 ἀναγκαῖον

125 2484 249 2540 εἶναι,
280 2490 358 2528 alii
385 2490 465 2528 τοῦ
496 2485 754 2538 ἐνδέχεσθαι.
796 2490 848 2526 36
876 2488 944 2528 De
971 2488 1219 2541 syllogismis
1247 2488 1319 2540 qui
1333 2489 1454 2540 fiunt
1483 2500 1506 2527 e
1533 2486 1641 2526 binis

124 2553 477 2609 propositionibus
506 2552 766 2591 necessariis.
1237 2558 1241 2561 '

126 2640 279 2680 29b29
316 2639 483 2690 Triplex
521 2643 584 2677 est
619 2638 770 2689 aliquid
809 2638 861 2678 de
895 2639 1026 2690 aliquo
1063 2638 1320 2690 praedicandi
1347 2638 1477 2678 ratio:
1515 2648 1638 2688 quare

179 2717 301 2755 quum
330 2704 585 2755 syllogismus
612 2708 720 2741 totus
749 2703 921 2754 pendeat
950 2716 973 2742 e
1001 2704 1167 2750 ratione,
1197 2716 1273 2754 qua
1303 2703 1475 2742 alterum
1502 2702 1555 2741 de
1581 2700 1639 2740 al-

183 2771 272 2806 tero
304 2762 572 2819 praedicetur,
602 2772 711 2819 patet
738 2767 918 2806 diversos
947 2767 1058 2806 exire
1085 2767 1354 2819 syllogismos,
1381 2767 1415 2806 si
1443 2766 1510 2806 illa
1538 2765 1643 2805 ratio

183 2831 344 2872 diversa
369 2832 434 2872 sit.
488 2832 570 2872 lam
607 2844 729 2883 quum
768 2832 897 2884 egerit
931 2832 984 2871 de
1025 2831 1269 2885 syllogismis
1297 2831 1364 2884 qui
1390 2831 1490 2872 fiunt
1515 2843 1566 2871 ex
1592 2830 1643 2869 iis
