1838 3086
663 226 1042 261 Hermeneutica.
1471 201 1475 204 ἡ
1516 224 1597 264 357

132 325 205 369 καὶ
240 325 276 367 εἰ
312 324 531 366 ἀδύνατον
568 326 676 367 κατὰ
710 328 791 367 τοῦ
819 325 957 366 αὐτοῦ
985 323 1073 394 &flua
1099 321 1391 376 ἀληθεύεσθαι
1417 320 1493 370 τὰς
1518 321 1594 362 α’ν-

132 389 367 444 τικειμὲνας
395 389 556 443 φάσεις.
576 413 628 420 -
668 391 739 430 vs.
761 393 809 430 21
832 389 984 431 κατὰ..
998 386 1347 441 προστιθέμενα,
1372 389 1413 428 h.
1430 401 1466 428 e.
1485 385 1596 427 κατὰ

135 460 249 509 (per)
279 454 354 503 τὰς
380 454 634 507 προσθέσεις
660 458 741 496 τοῦ
769 450 880 495 εἶναι
907 453 978 496 καὶ
1005 453 1063 507 μὴ
1092 450 1215 495 εἶναι.

79 521 231 560 21b23
259 521 390 559 Ritter
419 522 588 567 (Gesch.
617 521 690 560 der
716 520 819 559 Phil.
849 521 914 559 ΙΙΙ.
944 535 981 572 p.
1010 523 1082 564 90)
1124 519 1253 568 „Dem
1282 516 1594 570 Mbgtich-sein

133 585 414 636 widerspricht
442 585 555 624 nicht
574 586 644 623 das
662 585 868 637 Mogiich-
882 585 1135 633 nicht-sein,
1170 583 1342 622 sondern
1361 582 1432 620 das
1450 581 1594 620 Nicht-

131 649 447 699 miigiich—sein,
467 649 641 686 welches
663 649 757 686 sehr
779 649 925 698 richtig
954 649 1096 687 daraus
1126 648 1344 699 abgeieitet
1372 646 1485 692 wird‚
1505 645 1594 683 dass

131 713 170 752 iu
198 714 274 752 den
295 713 455 757 Siitzem
485 712 638 750 welche
666 725 755 750 vom
779 712 1012 763 Mogiichen
1042 713 1229 757 handein⁹
1260 712 1332 750 das
1362 711 1456 749 Sein
1485 708 1596 747 nicht

131 778 203 816 das
223 776 411 815 Priidicat
434 777 571 821 bildet,
601 776 774 815 sondern
802 789 893 814 zum
912 776 1079 828 Subject
1106 777 1253 828 gehort
1280 775 1360 813 und
1385 774 1456 812 das
1480 771 1595 824 Mog-

132 841 238 880 iiche
267 841 337 879 das
361 841 594 889 Przidicae’,
625 841 729 891 quod
759 844 829 878 aut
856 840 1003 879 falsum
1034 844 1097 878 est
1126 843 1194 878 aut
1223 838 1338 876 valde
1366 837 1594 878 obscurum.

130 905 297 946 Fefemt
331 904 529 944 Ritterum
565 905 672 956 quod
714 904 950 943 Aristoteles
990 904 1090 943 dicit
1116 917 1172 942 vs.
1204 904 1256 941 29
1285 899 1344 949 ὡς
1369 898 1596 951 ὑποκείμε-

130 982 212 1009 νον
238 967 419 1021 γίνεται,
455 982 585 1020 neque
615 970 692 1007 hoc
731 973 842 1006 recte
869 969 1066 1007 intellexit
1103 968 1223 1007 Biese
1252 967 1279 1009 Ι.
1318 981 1356 1019 p.
1385 967 1460 1003 115
1489 965 1595 1015 „im-

134 1047 220 1072 mer
259 1034 363 1073 muss
400 1046 488 1071 man
527 1034 603 1071 den
643 1032 764 1071 Theii
804 1033 875 1070 des
919 1033 1058 1072 Satzes
1096 1032 1213 1079 „dass
1253 1044 1298 1071 es
1337 1029 1416 1069 ist''
1453 1029 1596 1078 (vertit

131 1098 237 1136 enim
266 1096 457 1136 δυνατὸν
484 1091 591 1136 εἶναι
620 1097 824 1148 „moglich
853 1096 942 1135 dass
961 1110 1005 1135 es
1035 1097 1137 1144 ist’')
1169 1096 1247 1134 und
1276 1095 1393 1145 „dass
1422 1107 1466 1133 es
1485 1093 1597 1133 nicht

130 1159 210 1200 ist''
238 1161 296 1200 als
326 1161 494 1212 Subject
523 1161 749 1199 ansehen’':
789 1161 860 1198 sed
890 1162 1010 1199 verba
1039 1158 1096 1207 ὡς
1123 1159 1410 1211 ὑποκείμενον
1435 1156 1597 1209 γίνεται

129 1239 206 1265 non
244 1225 322 1264 hoc
350 1224 427 1262 sibi
455 1224 593 1262 volunt
621 1225 727 1275 quod
756 1218 867 1263 εἶναι
896 1229 938 1262 et
964 1220 1023 1275 μὴ
1052 1219 1164 1264 εἶναι
1192 1236 1265 1276 pro
1295 1224 1488 1262 subiectis
1517 1223 1596 1260 ha-

131 1282 257 1330 [venda
287 1290 385 1337 sint,
414 1289 485 1327 sed
515 1289 571 1327 ita
601 1288 856 1338 intelligenda
887 1293 994 1333 sunt,
1025 1293 1067 1327 ut
1095 1290 1170 1327 iam
1202 1302 1290 1328 cum
1320 1288 1454 1327 verbis
1483 1280 1596 1326 εἶναι

131 1360 173 1395 et
200 1350 258 1405 μὴ
287 1347 398 1392 εἶναι
425 1366 501 1392 non
532 1352 803 1404 coniungenda
831 1352 884 1390 sit
914 1354 1087 1404 negatio,
1118 1354 1256 1392 sicut
1286 1353 1324 1392 in
1353 1352 1442 1390 aliis
1471 1364 1595 1391 enun-

131 1418 365 1459 tiationibus
403 1417 584 1455 omnibus
627 1429 703 1454 non
745 1416 929 1466 coniungi
968 1417 1139 1456 debebat
1172 1431 1262 1456 cum
1292 1418 1475 1456 subiecto
1503 1429 1594 1454 ora-

131 1484 277 1524 tionis:
322 1481 479 1533 negatio
516 1482 568 1519 ita
606 1480 934 1529 collocatur,
987 1494 1033 1519 ac
1081 1483 1115 1520 si
1157 1477 1269 1521 εἶναι
1307 1486 1348 1520 et
1388 1479 1446 1533 μὴ
1484 1475 1596 1520 εἶναι

132 1549 313 1588 subiecta
351 1548 487 1584 essent
515 1544 728 1583 orationis:
769 1558 891 1595 quare
929 1547 1048 1583 22³9
1076 1547 1176 1585 dicit
1202 1544 1251 1586 τὸ
1278 1543 1358 1597 μὲν
1385 1540 1497 1585 εἶναι
1523 1541 1596 1584 καὶ

132 1609 191 1664 μὴ
223 1604 334 1649 εἶναι
373 1607 456 1648 δεῖ
489 1606 717 1647 τιθέναι
745 1607 803 1655 ὡς
834 1606 887 1648 τὰ
915 1607 1176 1661 ὑποκείμενα
1194 1641 1205 1651 .
1229 1641 1240 1652 .
1265 1641 1276 1652 .
1310 1611 1350 1649 ln
1379 1623 1500 1662 quem
1528 1623 1594 1649 er-

133 1689 266 1716 rorem
297 1673 538 1714 Aristoteies
566 1674 603 1711 iu
633 1674 709 1712 hac
738 1686 783 1711 re
811 1674 1028 1713 incurrerit
1055 1688 1302 1727 exponemus
1331 1675 1378 1712 ad
1407 1676 1567 1714 22a14.

79 1742 230 1781 21b29
257 1737 441 1791 γίνεται,
480 1738 588 1787 quod
619 1750 955 1787 supervacaneum
986 1744 1070 1784 est,
1111 1752 1189 1778 non
1217 1739 1352 1790 posuit
1378 1739 1456 1776 nisi
1482 1743 1528 1777 ut
1555 1738 1596 1777 in

134 1809 308 1844 mentem
331 1802 446 1840 nobis
470 1806 678 1839 revocaret
697 1801 864 1840 alterum
886 1801 1049 1853 γίνεται
1075 1804 1180 1854 quod
1211 1803 1424 1841 habuimus
1452 1815 1510 1840 vs.
1529 1803 1594 1850 26,

133 1868 240 1919 quod
270 1867 422 1917 longius
449 1871 649 1904 remotum
677 1868 741 1903 est
769 1866 818 1903 ab
846 1866 894 1904 iis
921 1867 972 1905 ad
1001 1880 1104 1918 quae
1132 1867 1322 1906 refertur.
1362 1868 1403 1906 lu
1426 1879 1596 1918 sequen-

130 1933 241 1972 tibus
281 1931 500 1969 orationem
539 1929 729 1976 turbavit,
769 1933 816 1968 ut
854 1931 997 1970 clarior
1035 1932 1173 1970 fieret:
1214 1932 1317 1970 bene
1353 1930 1598 1983 procederet

136 1996 278 2041 oratio,
308 1995 341 2032 si
370 1994 517 2031 omissa
547 1998 682 2031 essent
708 1990 848 2044 ὥσπερ
872 2022 882 2031 .
905 2023 915 2032 .
938 2023 947 2032 .
977 1992 1036 2047 μὴ
1064 1991 1176 2035 εἶναι
1202 2009 1259 2035 vs.
1288 1997 1339 2033 31
1368 1999 1408 2033 et
1436 1992 1598 2045 ὁμοίως

135 2059 190 2102 οὐ
219 2057 409 2099 δυνατόν
437 2071 493 2096 vs.
523 2059 596 2102 32,
633 2070 759 2108 quae,
797 2050 1033 2110 quamquam
1061 2061 1101 2098 in
1138 2061 1187 2098 iis
1216 2072 1318 2111 quae
1346 2059 1466 2097 modo
1494 2059 1598 2098 dixit

134 2127 210 2165 iam
231 2124 500 2170 continentur,
529 2125 660 2159 tamen
676 2135 867 2173 expresse
880 2124 1047 2172 addidit,
1073 2129 1117 2163 ut
1146 2125 1247 2162 bene
1273 2123 1597 2174 intelligerentur

133 2188 407 2237 memoriaque
435 2186 883 2237 comprehenderentur.
932 2187 1145 2227 Praestare
1172 2193 1306 2226 autem
1332 2187 1493 2225 videtur
1520 2187 1598 2226 aiia

134 2255 237 2294 hanc
276 2256 515 2290 structuram
555 2250 778 2301 explicandi
815 2251 943 2290 ratio:
992 2252 1304 2303 comparationis
1341 2264 1457 2301 quam
1495 2250 1598 2290 fecit

135 2331 211 2370 per
248 2311 389 2365 ὥσπερ
427 2318 470 2352 et
498 2310 635 2360 οὕτως
669 2314 878 2353 immemor
915 2316 966 2354 de
993 2316 1151 2368 integro
1182 2328 1408 2355 sermonem
1439 2315 1598 2355 orditur

135 2383 227 2422 inde
255 2394 278 2418 a
304 2392 359 2417 vs.
390 2380 464 2423 30,
506 2378 558 2415 ita
595 2382 638 2416 ut
667 2374 802 2425 οὕτως
829 2380 932 2430 quod
963 2382 1185 2432 praecessit
1213 2393 1290 2418 non
1318 2380 1517 2430 pertineat
1543 2380 1596 2420 ad

136 2459 184 2486 ea
212 2457 315 2496 quae
343 2456 402 2481 vs.
429 2445 479 2480 30
498 2454 584 2492 sqq.
614 2442 810 2493 leguntur,
837 2445 1016 2494 quamvis
1045 2442 1124 2495 μὲν
1152 2450 1191 2483 et
1220 2442 1265 2484 δὲ
1294 2457 1396 2495 quae
1423 2445 1501 2483 sibi
1528 2458 1595 2484 re-

135 2509 333 2562 spondent
354 2508 433 2546 hoe
452 2507 660 2557 postulare
677 2507 898 2548 videantur.
928 2510 1045 2559 Quod
1069 2511 1102 2548 si
1124 2510 1246 2562 igitur
1266 2507 1357 2558 εἰσί,
1386 2509 1493 2560 quod
1507 2509 1595 2550 cod.

124 2576 161 2627 f
180 2573 341 2617 adiecit,
370 2572 410 2609 in
439 2575 573 2609 mente
602 2571 815 2618 habemus,
857 2573 933 2611 iam
974 2574 1071 2612 nihil
1100 2574 1318 2612 orationem
1346 2573 1509 2626 turbare
1535 2573 1596 2613 vi-

135 2638 297 2677 debitur
331 2641 490 2688 praeter
525 2637 646 2674 verba
685 2633 843 2685 ὀμοίως
882 2629 1010 2676 αὗται
1038 2650 1095 2676 vs.
1125 2640 1196 2683 32,
1236 2650 1337 2687 quae
1366 2650 1438 2676 cur
1461 2638 1596 2677 addita

139 2701 221 2740 sint
245 2702 284 2739 in
314 2706 470 2751 promtu
492 2705 574 2738 est:
606 2700 794 2738 abessent
821 2702 939 2749 enim,
969 2702 1003 2740 si
1030 2702 1148 2740 verba
1177 2697 1246 2739 ἐπὶ
1271 2703 1353 2741 τοῦ
1381 2696 1490 2742 εἶναι
1517 2700 1594 2742 δυ-

137 2763 270 2804 νατὸν
295 2761 368 2804 καὶ
396 2759 506 2804 εἶναι
535 2763 588 2803 οὐ
617 2762 807 2804 δυνατόν
835 2778 924 2804 eum
953 2766 1085 2804 locum
1114 2770 1299 2805 tenerent
1325 2767 1394 2817 qui
1421 2767 1469 2805 iis
1498 2779 1594 2806 con-

139 2829 245 2870 venit
268 2835 359 2869 ante
386 2826 638 2881 προσθέσεις
666 2843 724 2870 vs.
747 2831 820 2869 302
849 2829 1003 2869 addidit
1029 2830 1149 2883 igitur
1175 2827 1333 2882 ὁμοίως
1359 2822 1485 2874 αὗται
1513 2832 1594 2878 (in-
