1780 3100
179 208 259 247 4OE
680 196 942 254 'Analytica
965 209 1137 253 priora.

183 304 256 343 bus
292 309 334 344 et
373 305 569 358 quomodo
605 306 679 344 hoe
718 306 1004 358 accipiendum
1039 306 1107 346 sit.
1160 307 1211 344 25
1238 305 1283 344 E
1298 306 1418 357 salsa
1452 307 1666 360 hypothesi

183 372 314 419 eaque
339 381 422 407 non
447 368 686 420 impossibili
713 368 818 406 nihil
848 369 1056 419 colligitur
1085 369 1339 420 impossibile.
1381 371 1432 407 34
1459 371 1525 408 De
1541 370 1662 421 syllo-

178 430 309 482 gismo
334 431 406 482 qui
431 432 624 468 minorem
644 430 766 469 habet
788 432 1022 482 possibilem
1047 433 1348 484 affirmantem,
1375 434 1574 471 maiorem
1596 433 1660 483 af-

169 494 414 544 firmantem
438 493 676 544 simplicem.
731 493 790 531 b'l
821 494 939 542 Quod
974 495 1165 532 universe
1202 495 1463 541 enuntiatur,
1488 494 1534 532 id
1560 499 1663 533 tem-

180 557 294 606 poris
321 555 486 592 ratione
512 568 594 593 non
620 555 763 594 habita
783 558 1006 608 prefertur.
1062 559 1111 594 19
1149 556 1216 595 De
1242 557 1474 608 syllogismo
1501 558 1573 609 qui
1588 557 1663 594 ha-

181 616 248 655 bet
286 617 484 654 maiorem
521 618 746 670 simplicem
774 625 1020 670 negantem,
1059 620 1256 657 minorem
1288 620 1520 671 possibilem
1549 620 1663 670 affir-

178 683 374 722 mantem,
405 681 453 717 35
468 682 525 717 aa
555 679 607 718 cle
627 682 680 719 iis
703 682 774 734 qui
795 683 989 720 minorem
1011 682 1161 720 habent
1180 682 1410 733 possibilem
1428 687 1663 733 negantem,

178 741 378 779 maiorem
420 743 667 794 simpliciter
707 745 984 794 affirmantem
1025 745 1072 780 11
1102 744 1167 782 vel
1194 750 1427 793 negantem,
1454 746 1506 782 20
1533 743 1586 782 de
1611 744 1664 782 iis

179 803 250 855 qui
275 803 427 841 habent
453 806 649 843 minorem
677 806 920 858 simpliciter
943 811 1177 856 negantem,
1207 806 1402 844 maiorem
1416 806 1660 857 possibilem.

177 867 229 904 25
256 864 349 903 Les:
376 879 498 918 quam
533 874 759 919 sequuntur
786 868 1013 919 syllogismi
1046 868 1311 906 universales.
1359 869 1411 906 30
1438 868 1505 906 De
1528 869 1662 919 parti-

179 928 384 966 cularibus
410 930 484 980 qui
496 931 625 981 fiunt,
653 931 690 967 si
712 931 939 982 propositio
965 931 1096 968 maior
1121 930 1368 969 universalis
1397 935 1469 970 est.
1504 931 1589 968 bll
1612 928 1665 968 Si

177 991 308 1028 maior
337 996 396 1028 est
419 991 705 1042 particularis,
733 1005 815 1030 non
831 995 891 1045 fit
917 983 1203 1044 syllogismus,
1227 995 1276 1030 15
1304 1005 1436 1045 neque
1463 1005 1516 1031 ex
1542 997 1661 1031 utra-

177 1064 256 1103 que
279 1054 531 1103 particulari
543 1056 601 1105 fit
629 1055 897 1107 syllogismus.

177 1116 324 1153 33b30
359 1115 403 1153 Id
442 1128 491 1154 ex
529 1117 638 1154 cuius
676 1118 871 1168 positione
907 1118 1002 1156 nihil
1031 1118 1116 1156 fluit
1143 1118 1248 1168 quod
1279 1130 1369 1156 esse
1396 1121 1564 1167 nequeat
1593 1116 1661 1163 (τὸ

229 1176 336 1216 κατὰ
362 1177 439 1217 τὸν
465 1175 686 1228 διορισμὸν
722 1177 1014 1231 ἐνδεχόμενον)
1053 1181 1100 1218 ab
1140 1193 1186 1219 eo
1225 1180 1329 1230 quod
1367 1193 1442 1219 non
1477 1193 1662 1219 necessa-

229 1241 329 1278 rium
367 1246 429 1279 est
465 1242 521 1280 ita
549 1242 708 1292 differt,
748 1248 791 1282 ut
829 1244 932 1294 quod
970 1255 1046 1281 non
1085 1244 1347 1281 necessarium
1374 1243 1424 1280 sit
1450 1247 1580 1281 tamen
1607 1244 1662 1282 ita

229 1308 498 1353 comparatum
528 1316 617 1342 esse
644 1305 785 1356 possit,
813 1310 858 1344 ιιι
884 1306 971 1343 fieri
999 1310 1180 1355 nequeat.
1235 1304 1316 1342 Cur
1343 1308 1472 1342 nutem
1501 1305 1659 1343 conclu-

232 1366 292 1403 sio
329 1378 406 1405 non
444 1366 514 1405 fiat
548 1369 627 1407 τοῦ
654 1365 760 1407 κατὰ
786 1365 861 1407 τὸν
889 1363 1110 1417 διορισμὸν
1139 1364 1439 1417 ἐνδεχομένου,
1477 1367 1548 1404 sed
1576 1368 1662 1406 eius

233 1428 335 1477 quod
366 1441 440 1467 nou
468 1431 733 1469 necessarium
762 1432 835 1478 sit,
875 1443 923 1469 ex
950 1431 1013 1468 his
1041 1431 1200 1480 patebit.
1256 1430 1386 1478 Quum
1414 1429 1513 1467 fiunt
1541 1430 1662 1480 syllo-

228 1491 343 1540 gismi
371 1492 540 1540 negativi
568 1505 641 1543 per
658 1493 936 1531 deductionem
960 1493 1010 1530 ad
1029 1492 1239 1531 absurdum
1254 1521 1266 1538 ,
1293 1505 1367 1542 per
1387 1492 1661 1530 deductionem

230 1553 372 1603 ipsam,
402 1553 436 1590 si
463 1566 546 1591 rem
575 1554 623 1591 ed
651 1554 780 1592 vivum
807 1566 980 1598 resecas,
1008 1566 1083 1591 non
1110 1555 1149 1592 id
1180 1555 1309 1605 ipsum
1337 1554 1528 1604 probatur
1555 1554 1661 1603 quod

229 1615 312 1652 vult
339 1615 553 1661 conclusio,
583 1615 654 1653 sed
682 1616 921 1655 contrarium
959 1615 1042 1653 eius
1078 1615 1182 1666 quod
1211 1621 1380 1653 sumtum
1409 1619 1472 1653 est
1499 1619 1542 1654 ut
1567 1628 1661 1670 con-

213 1671 391 1715 'trarium
429 1678 670 1715 conclusioni
706 1679 871 1729 (premit
896 1678 972 1715 hoc
1000 1679 1051 1715 34
1063 1678 1145 1715 b28
1174 1675 1279 1727 αὕτη
1306 1676 1387 1727 γάρ
1417 1675 1530 1716 ἐστιν
1550 1705 1560 1715 .
1580 1707 1590 1717 .
1610 1681 1660 1725 .).

228 1739 318 1777 Erit
344 1740 516 1777 fortasse
550 1739 621 1788 qui
659 1740 774 1778 nimis
811 1744 947 1790 argute
983 1739 1062 1777 hoc
1090 1739 1238 1777 dictum
1266 1744 1398 1790 putet:
1433 1752 1601 1790 namque
1627 1741 1661 1779 si

228 1801 546 1849 conclusionem,
585 1814 685 1851 quae
721 1815 794 1852 per
832 1802 1108 1840 deductionem
1137 1803 1186 1840 ad
1218 1801 1431 1840 absurdum
1461 1803 1661 1853 probanda

228 1869 304 1911 est,
333 1876 518 1903 vocamus
546 1864 596 1910 A,
625 1865 746 1902 sumit
774 1864 962 1902 deductio
989 1876 1079 1902 esse
1106 1877 1182 1902 non
1209 1865 1258 1913 A,
1286 1876 1333 1902 ex
1362 1876 1440 1914 quo
1468 1865 1543 1903 alia
1569 1877 1660 1916 pro-

225 1928 420 1980 positione
449 1927 613 1975 adiecta,
643 1939 744 1976 quae
765 1927 839 1964 ism
861 1939 1049 1964 concessa
1067 1932 1142 1975 est,
1171 1927 1368 1965 concludit
1389 1927 1533 1976 aliquid
1555 1927 1660 1978 quod

224 1989 470 2027 adversarius
507 1989 595 2038 ipse
624 1999 770 2026 verum
798 2001 888 2027 esse
926 1994 1085 2039 negat:⁴
1106 1989 1210 2026 unde
1237 1989 1490 2038 consequitur
1519 1989 1660 2028 falsum

225 2063 314 2089 esse
351 2051 456 2100 quod
495 2051 731 2098 sumsimus,
772 2052 1010 2102 contrarium
1048 2051 1168 2100 igitur
1205 2063 1356 2089 verum.
1412 2050 1657 2091 Contrarium

224 2117 357 2152 autem
393 2117 480 2151 erat
504 2113 600 2163 ‚ipsa
629 2112 826 2151 conclusio
854 2114 902 2153 A.
957 2113 1096 2151 Sic'se
1124 2113 1468 2165 habet‘deductio.
1522 2114 1659 2154 Omnis
1683 2138 1685 2141 ·

225 2176 352 2226 igitur·
369 2175 661 2229 demonstrandi
688 2176 747 2213 vis
785 2176 822 2213 in
865 2188 914 2214 eo
942 2176 1068 2227 posita
1098 2179 1181 2221 est,
1209 2180 1253 2214 ut
1280 2176 1384 2225 quod
1413 2177 1590 2216 sumatur
1616 2181 1660 2216 ut

223 2238 736 2290 repugnans-conclusioni,
762 2237 814 2275 vid
849 2250 989 2276 revera
1028 2250 1115 2276 cum
1156 2251 1202 2276 ea
1229 2243 1398 2289 pugnet:
1439 2251 1560 2287 quare
1588 2239 1657 2278 de·

181 2335 186 2339 .
222 2301 525 2351 monstravimus
553 2300 844 2345 conclusionem
872 2301 1065 2353 Alveram
1094 2313 1209 2356 esse,
1246 2301 1279 2338 si
1307 2305 1418 2339 recte
1445 2302 1658 2342 sumsimus

224 2363 329 2413 quod
359 2364 602 2404 conclusioni
631 2362 868 2406 contrarium
897 2368 959 2401 est
980 2364 1034 2408 (A
1057 2384 1106 2391 —-
1127 2362 1322 2406 Non-A).
1360 2361 1510 2400 Patebit
1527 2365 1662 2403 autem

223 2438 301 2463 non
328 2426 479 2464 factum
500 2439 605 2474 ,esse
645 2427 761 2464 nimis
802 2428 940 2477 argute
968 2426 1072 2476 quod
1101 2419 1346 2463 distinximus
1374 2426 1421 2463 ab
1449 2425 1533 2476 ipsa
1562 2438 1657 2464 con-

224 2488 401 2527 clusione
428 2480 601 2539 id'quod
629 2480 826 2539 repugnet
863 2489 901 2541 ei
937 2485 1039 2539 quod
1077 2501 1165 2526 cum
1196 2487 1446 2525 conclusione
1485 2491 1655 2538 pugnet:

188 2572 190 2575 ·
214 2550 389 2602 [namque
416 2552 450 2588 si
478 2542 716 2590 deductione
735 2552 847 2589 -facte
861 2552 922 2589 'ad
941 2551 1157 2600 absurdum>
1178 2550 1285 2589 alius·
1301 2550 1380 2595 exit
1404 2562 1542 2588 sensus
1563 2563 1659 2588 con-

158 2620 162 2624 ’
222 2614 423 2663 clusionis,
451 2614 529 2653 hoc
547 2603 726 2663 indicat,
766 2614 807 2652 id
827 2615 948 2664 .qu0'd
977 2614 1014 2652 ei
1042 2610 1273 2652 contrarium
1302 2615 1486 2669 erat'non
1514 2613 1656 2652 eodem

217 2687 344 2718 -sensu
375 2682 588 2728 acceptum
609 2689 722 2731 esse,
758 2689 837 2730 quo
855 2672 1155 2721 ‘conclusionem
1182 2674 1456 2722 intelleximus.
1509 2674 1555 2725 Si
1581 2675 1655 2725 igi-

211 2733 286 2777 'tur
312 2743 389 2778 n'on
417 2739 465 2779 fit
492 2739 744 2793 syllogismus
778 2740 857 2782 τοῦ
883 2737 991 2791 nav&
1013 2736 1092 2780 ’ἰὸν
1117 2736 1335 2789 διορισμὸν
1361 2731 1652 2794 ἐνδεχᾳμένου,
