1780 3100
214 204 295 243 868
734 207 988 252 Analytica
1009 207 1177 251 priora.

265 314 372 350 τειν,
411 303 476 342 ubi
513 302 578 343 δεῖ
615 304 809 355 repetitur
846 316 894 342 ex
930 317 977 342 eo
1006 304 1109 355 quod
1137 305 1357 355 praecessit
1383 302 1462 344 οὐκ
1488 299 1611 344 ἔστιν.
1638 326 1691 334 -

268 364 411 414 σκέψις
438 366 552 413 τινὸς
578 371 645 405 aut
674 371 736 404 est
763 367 941 416 quaestio
969 368 1019 405 de
1047 368 1173 417 aliqua
1200 380 1244 406 re
1270 368 1447 407 instituta
1475 371 1542 406 aut
1574 380 1693 417 quae-

269 430 347 469 stio
375 430 423 468 ab
451 431 579 479 aliquo
607 429 667 466 vel
695 429 872 468 instituta
901 430 960 468 vel
989 430 1238 478 instituenda,
1267 430 1367 480 quod
1390 431 1455 469 hic
1474 431 1601 481 locum
1622 430 1693 468 ha-

267 493 348 531 bet.
405 492 600 540 Primum,
640 492 785 542 inquit,
822 492 1029 530 dicendum
1068 498 1130 530 est
1167 493 1216 531 de
1252 506 1328 542 qua
1363 506 1407 532 re
1434 497 1475 530 et
1502 494 1612 530 cuius
1642 493 1694 530 sit

266 556 458 606 quaest-io,
488 556 574 593 lue.
594 554 641 592 ad
663 567 776 604 quem
799 556 994 605 pertineat
1015 556 1098 592 sive
1125 568 1146 592 a
1175 568 1252 605 quo
1280 556 1460 594 habenda
1489 556 1550 594 sit.
1588 555 1693 592 Ean-

266 619 358 657 dem
396 618 472 655 vim
509 618 700 666 genitivus
739 618 858 656 habet
884 619 1003 656 68b4
1029 619 1189 668 μᾶλλον
1216 620 1299 667 ἄρα
1327 617 1351 657 ὁ
1379 618 1482 670 ἔρως
1509 615 1595 656 ἐστὶ
1621 618 1694 669 τῆς

266 679 411 731 φιλίας
435 679 462 731 ἢ
490 683 568 720 τοῦ
596 681 806 719 συνεῖναιι
844 693 918 718 non
955 687 1060 719 recte
1098 682 1217 730 igitur
1253 682 1391 719 Pacius
1427 680 1541 727 τίνος
1576 681 1695 718 vertit

264 745 406 793 „cuius
435 741 590 791 causa’'‚
619 756 744 793 neque
774 743 860 780 Zell
890 743 1070 788 „worauf
1086 744 1193 781 diese
1214 744 1478 795 Betrachtung
1498 744 1593 795 geht
1613 742 1693 781 und

266 819 345 845 was
383 807 447 844 ihr
475 805 729 856 Gegenstand
759 803 847 844 ist'’.
903 805 1071 842 Meliora
1110 806 1269 843 edoceri
1308 810 1488 856 poterant
1525 807 1572 843 ab
1602 806 1693 844 Ale-

264 869 412 908 xandro
441 869 505 918 qui
534 869 760 907 Aristotelis
789 868 1020 905 sententiam
1049 868 1330 917 interpretatur
1365 864 1474 908 εἶναι
1498 865 1592 916 περὶ
1618 864 1694 919 μὲν

263 931 543 982 ὑποκείμενον
581 930 793 978 ἀπόδειξιν
827 929 1070 981 θεωρούσης
1106 928 1151 969 δὲ
1178 929 1336 981 ταύτην
1361 933 1436 984 τῆς
1462 930 1692 971 άποδεικτι-

264 995 342 1047 κῆς
369 992 615 1044 ἐπιστήμηςε
644 995 749 1032 unde
775 998 887 1043 patet
914 994 1166 1032 reiiciendam
1191 1007 1281 1033 esse
1302 995 1466 1034 alteram
1484 996 1694 1034 lectionem

263 1070 380 1108 quam
409 1062 691 1095 commemorat
717 1054 944 1108 ἐπιστήμην
971 1054 1278 1108 άποδεικτικήν.

210 1122 357 1159 24316
385 1119 595 1170 πρότασις.
650 1119 708 1158 De
736 1132 832 1158 voce
860 1121 946 1170 ipsa
972 1133 1009 1158 v.
1038 1120 1160 1158 schol.
1181 1121 1352 1169 96b28,
1381 1121 1547 1172 Trdlbg.
1563 1120 1690 1159 Elem.

263 1183 343 1235 log.
372 1196 410 1233 p.
433 1185 506 1230 52,
535 1183 650 1221 Biese
672 1183 698 1221 Ι.
728 1196 766 1233 p.
787 1184 863 1220 128
890 1187 971 1221 not.
992 1185 1040 1231 2,
1069 1183 1250 1233 Appulei.
1273 1183 1488 1223 Perilierm.
1512 1185 1588 1222 631
1608 1183 1690 1228 (ed.

262 1246 393 1292 Flor.)
422 1246 525 1294 „Est
551 1258 625 1284 una
651 1246 755 1284 inter
781 1245 852 1283 has
881 1246 1118 1291 (orationes)
1147 1245 1195 1282 ad
1223 1247 1465 1296 propositum
1486 1246 1692 1297 potissima

262 1322 363 1360 quae
391 1308 690 1360 pronuntiabilis
718 1308 958 1359 appellatur,
998 1308 1214 1347 absolutam
1250 1309 1483 1347 sententiam
1513 1320 1692 1359 compre-

261 1372 441 1411 hendens
478 1371 561 1409 sola
597 1384 643 1409 ex
671 1372 851 1410 omnibus
877 1371 1034 1408 veritati
1062 1375 1130 1409 aut
1157 1371 1318 1409 falsitati
1346 1372 1532 1419 obnoxia,
1577 1383 1691 1420 quam

262 1441 374 1474 vocat
401 1434 562 1484 Sergius
590 1434 770 1481 effatum,
811 1432 937 1471 Varro
965 1434 1233 1484 proloquium,
1275 1434 1413 1472 Cicero
1440 1434 1692 1481 enuntiatum,

263 1498 407 1537 Graeci
435 1497 652 1547 πρότασιν,
681 1502 765 1536 tum
793 1495 965 1547 ἀξίωμα,
995 1509 1068 1546 ego
1096 1497 1260 1535 verbum
1289 1510 1312 1535 e
1339 1498 1459 1535 verbo
1487 1502 1571 1535 tum
1598 1509 1691 1547 pro-

260 1561 477 1600 tensionem
507 1564 589 1598 tum
618 1564 912 1611 rogamentum,
941 1558 1174 1597 familiarius
1202 1563 1334 1597 tamen
1363 1560 1515 1597 dicetur
1544 1570 1690 1609 propo-

264 1623 400 1663 sitio''.
438 1624 611 1674 Apparet
629 1636 704 1661 non
723 1623 817 1660 satis
837 1621 1062 1659 distinxisse
1073 1621 1307 1672 Appuleium
1326 1623 1428 1660 inter
1446 1619 1691 1670 ἀπόφανσιν

259 1690 301 1726 et
327 1685 542 1736 πρότασιν.
597 1686 653 1723 Ib.
670 1686 747 1723 643
775 1685 868 1722 dicit-
896 1685 1114 1734 „Acceptio
1143 1689 1204 1722 est
1230 1685 1444 1734 propositio
1473 1696 1571 1734 quae
1601 1696 1690 1722 con·

262 1749 419 1788 ceditur
444 1763 467 1788 a
494 1745 786 1799 respondente”
827 1752 867 1786 et
893 1747 1023 1799 paullo
1050 1752 1139 1784 ante
1165 1746 1280 1793 „dico
1307 1746 1549 1785 illationem''
1579 1749 1691 1791 (con-

263 1812 477 1852 clusionem
517 1811 660 1855 intell.)
699 1811 831 1860 „quod
860 1823 908 1848 ex
944 1810 1234 1860 acceptionibus
1263 1810 1458 1860 colligitur
1495 1813 1535 1847 et
1570 1808 1691 1847 infer-

259 1876 363 1915 tur-''-
418 1875 542 1914 Stoici
579 1872 740 1924 άξίωμα
777 1873 1027 1924 appellabant
1062 1873 1166 1923 quod
1202 1873 1435 1911 Aristoteles
1472 1871 1691 1920 πρότασιν.

260 1938 404 1986 Varro,
433 1939 545 1976 cuius
571 1938 759 1987 magister
777 1937 911 1975 Aelius
931 1936 1071 1974 librum
1095 1935 1252 1985 scripsit
1271 1935 1320 1973 de
1340 1935 1570 1985 proloquiis,
1598 1935 1691 1973 red-

258 2001 358 2040 didit
386 2000 635 2050 ‚‚prosatum,
665 1995 961 2049 proloquium'',
991 1997 1132 2035 Cicero
1160 1995 1532 2046 „pronuntiatum'’,
1562 1995 1691 2046 quoad

260 2063 414 2110 melius,
443 2062 579 2112 inquit,
617 2063 814 2101 invenero.
866 2060 1079 2113 Praeterea
1107 2059 1258 2097 Gellius
1286 2058 1398 2106 XVI,
1417 2062 1442 2096 8
1469 2060 1587 2098 tradit
1620 2059 1690 2097 de-

258 2125 477 2164 finitionem
506 2124 692 2165 Varronis
721 2123 1001 2172 „proloquium
1032 2126 1095 2160 est
1122 2121 1315 2159 sententia
1343 2122 1380 2159 in
1402 2135 1479 2172 qua
1505 2121 1600 2159 nihil
1621 2120 1692 2159 de-

260 2185 483 2227 sideratur’'
510 2192 549 2225 et
577 2187 703 2235 aliam,
733 2199 845 2237 quam
875 2186 912 2222 in
940 2184 1090 2234 graecis
1121 2184 1227 2222 libris
1255 2183 1451 2222 invenisse
1479 2184 1573 2223 dicit
1599 2184 1691 2232 „Ze-

257 2250 359 2292 κτὸν
387 2247 602 2296 αὐτοτελὲς
628 2246 879 2299 ἀποφαντὸν
906 2245 1011 2286 ὅσον
1038 2244 1104 2297 ἐφ’
1133 2242 1305 2296 ἕαυτῷ”.
1345 2247 1508 2285 Aristot.
1524 2248 1692 2285 101b29

261 2312 451 2365 διαφέρει
479 2312 525 2353 δὲ
551 2312 599 2353 τὸ
626 2308 846 2364 πρόβλημα
872 2308 943 2350 καὶ
972 2309 1000 2362 ἦ
1026 2308 1225 2360 πρότασις
1245 2311 1302 2359 τῷ
1329 2307 1490 2361 τρόπῳε
1526 2322 1614 2348 nam
1642 2309 1690 2347 il-

258 2378 326 2416 lud
354 2377 556 2428 profertur
582 2390 654 2427 per
682 2377 878 2426 duplicem
907 2375 1202 2424 quaestionem,
1239 2373 1338 2410 haec
1372 2385 1445 2422 per
1473 2372 1690 2423 simplicem

257 2441 398 2486 (alium
427 2453 584 2479 sensum
614 2439 772 2491 τρόπος
798 2438 919 2476 hahet
947 2438 1048 2474 1141
1058 2438 1109 2474 al
1126 2466 1137 2485 ,
1176 2436 1243 2474 ubi
1282 2433 1360 2474 δύο
1388 2434 1574 2484 τρόπους
1601 2434 1688 2473 τῶν

256 2502 504 2554 προτάσεων
531 2503 755 2554 distinguit,
783 2499 861 2552 τὴν
887 2499 1079 2540 καθόλου
1108 2504 1149 2538 et
1174 2494 1252 2550 τὴν
1277 2496 1383 2537 κατὰ
1411 2496 1551 2548 μέρος.
1599 2496 1686 2535 Dif-

255 2567 338 2605 fert
378 2567 426 2604 ab
462 2567 522 2605 his
558 2566 624 2616 qui
660 2566 803 2604 dicitur
837 2563 993 2615 τρόπος
1029 2565 1102 2616 τῆς
1128 2560 1366 2612 προτάσεως
1405 2563 1452 2600 ab
1481 2560 1685 2599 Ammonio

253 2629 398 2676 (schol.
428 2631 641 2674 130a29J:
674 2629 779 2667 idem
809 2632 870 2666 est
898 2629 1001 2667 enim
1029 2627 1134 2677 quod
1161 2625 1350 2676 appellari
1378 2624 1478 2662 solet
1504 2621 1583 2674 ὕλη
1610 2623 1686 2675 τῆς

256 2690 523 2739 προτάσεως,
560 2703 596 2730 v.
625 2691 749 2730 schol.
777 2692 944 2729 113a29
983 2694 1022 2728 et
1051 2689 1194 2738 Georg.
1222 2687 1456 2737 Pachymer.
1487 2687 1683 2737 epitomen

252 2753 327 2803 log.
356 2752 477 2793 Oxou.
506 2756 609 2792 1666
635 2768 672 2806 p.
691 2756 775 2801 38).
819 2753 1055 2793 Aristoteles
1083 2751 1151 2791 ubi
1178 2750 1374 2789 actionem
1403 2762 1426 2788 e
1455 2748 1685 2800 syllogismo
