1826 3112
237 209 319 249 296
838 214 1133 259 Catogoriae.

291 307 354 346 vel
381 319 500 359 parva
527 308 726 349 dicantur:
754 309 830 349 iam
852 311 955 350 aliud
978 314 1248 364 argumentum
1269 312 1386 351 affert
1396 312 1485 360 hoc,
1514 313 1616 363 quod
1635 328 1669 354 e.
1680 328 1718 366 g.

292 369 340 410 τὸ
364 369 515 423 δίπηχυ
536 377 575 411 et
598 371 777 424 τρίπηχυ
799 374 1021 424 significent
1045 378 1190 413 certam
1215 375 1519 427 magnitudinem
1539 374 1719 428 (ἀφωρι-

293 432 488 486 σμένως),
510 448 626 485 quam
649 436 793 487 aliquid
815 437 968 485 habeat,
993 449 1171 487 magnum
1194 448 1287 475 vero
1308 443 1348 476 et
1372 450 1535 488 parvum
1565 440 1721 478 minime

292 497 470 536 indicent
507 511 620 548 quam
659 499 964 550 magnitudinem
1004 500 1148 551 aliquid
1189 500 1352 549 habeat,
1390 501 1460 538 sed
1487 513 1563 539 non
1591 503 1720 552 expri-

276 564 402 598 ·mant
429 561 502 598 nisi
530 562 724 611 quomodo
754 574 798 600 se
825 563 969 601 habeat
995 563 1099 600 aliud
1127 562 1174 600 ad
1204 563 1321 602 aliud.
1376 563 1516 602 Adhuc
1543 565 1723 614 probavit

294 634 474 671 magnum
503 627 544 661 et
571 622 730 675 parvum
759 637 834 663 non
862 626 1087 675 quantitatis
1116 638 1206 663 esse
1233 626 1354 675 signa.
1409 625 1558 665 Verum
1578 627 1655 665 hoc
1682 627 1721 665 in

294 684 425 722 medio
452 685 718 737 relinquamus
747 690 896 738 (pergit
923 701 979 726 vs.
1008 691 1093 734 30),
1122 688 1159 726 ei
1188 691 1321 735 certe,
1360 690 1463 739 quod
1492 690 1618 740 ipsum
1646 701 1723 727 non

296 747 494 795 subsistit,
533 749 604 787 sed
634 762 711 788 non
740 750 916 788 consistit
941 751 1015 788 nisi
1041 751 1079 789 in
1106 752 1394 801 comparatione
1421 752 1601 801 quadam,
1629 752 1723 789 nihil

294 810 443 860 poterit
469 822 558 849 esse
586 813 831 849 contrarium.
874 812 942 850 Sin
970 819 1101 851 autem
1130 825 1329 850 sumamus
1357 826 1536 864 magnum
1565 818 1607 852 et
1632 827 1724 865 par-

296 884 386 909 vum
415 884 505 910 esse
532 875 736 922 contraria,
757 875 835 911 duo
863 874 954 911 inde
982 878 1271 922 consequuntur
1298 887 1397 923 quae
1424 876 1592 913 absurda
1620 881 1723 924 sunt,

296 946 429 981 unum,
453 936 558 984 quod
577 937 613 973 in
636 936 772 974 eadem
791 949 835 973 re
859 936 1052 973 contraria
1079 935 1191 973 simui
1220 936 1387 983 inerunt,
1416 938 1594 985 aiterum,
1622 940 1725 988 quod

298 1008 379 1043 res,
401 997 440 1034 in
454 1009 528 1046 qua
542 998 710 1045 inerunt,
732 998 902 1048 sibiipsa
915 998 988 1036 erit
999 997 1193 1035 contraria
1207 998 1328 1048 (quod
1342 1000 1458 1038 docet
1479 1002 1723 1047 6a5—11).

245 1060 337 1096 Gal
367 1055 434 1097 ἐπὶ
459 1060 534 1111 τῆς
562 1058 722 1108 οὐσίας,
750 1061 853 1110 quod
883 1061 1121 1099 substantiae
1148 1061 1309 1099 accidit:
1339 1063 1496 1113 saepius
1525 1063 1723 1113 coniungi-

295 1124 360 1159 tur
398 1122 446 1160 ab
474 1123 689 1161 Aristotele
725 1123 1011 1162 substantivum
1050 1136 1140 1161 cum
1167 1125 1479 1174 praepositione,
1517 1126 1626 1175 quasi
1654 1126 1722 1164 ad-

298 1185 419 1222 verbii
448 1184 548 1233 loco,
576 1186 643 1223 ubi
674 1186 821 1224 nudum
850 1186 1134 1224 substantivum
1162 1186 1366 1225 sufficeret
1393 1200 1463 1225 suo
1493 1200 1583 1226 casu
1611 1188 1724 1238 posi-

296 1250 404 1286 tum:
430 1248 487 1285 sic
507 1251 642 1286 nostro
672 1248 758 1286 ioco
786 1250 1043 1299 exspectabas
1073 1242 1165 1287 οἷον
1192 1247 1220 1300 ’ἡ
1247 1247 1383 1296 οὐσία,
1413 1250 1464 1288 cf.
1491 1263 1549 1288 vs.
1578 1252 1627 1287 21
1657 1247 1725 1289 ἐπὶ

296 1312 376 1349 τοῦ
409 1308 611 1361 ἀριθμοῦ.
647 1313 818 1363 44Οιι20
846 1309 911 1350 ἐπὶ
948 1310 1025 1361 μὲν
1062 1305 1142 1350 οὖν
1168 1312 1254 1351 τῶν
1281 1311 1381 1361 παρ’
1408 1313 1565 1363 ἄλληλα
1591 1311 1724 1364 κειμέ-

296 1386 387 1412 νων
421 1372 584 1425 ἀνάγκη
622 1370 759 1424 ὥσπερ
796 1373 866 1414 καὶ
900 1373 1079 1426 μέγεθος
1113 1375 1344 1426 λαμβάνειν
1371 1374 1575 1425 ἀόρατον,
1616 1374 1726 1415 οὕτω

299 1434 372 1476 καὶ
397 1436 556 1488 χρόνον
583 1436 857 1489 ἀναίσθητον.
893 1440 1062 1477 443822
1090 1435 1162 1478 καὶ
1187 1438 1338 1486 πάντες
1363 1436 1634 1490 ἐπιφέρονται
1661 1436 1727 1478 ἐπὶ

297 1502 428 1539 τοῦτο
455 1499 550 1551 περι
577 1499 708 1553 ὀσμῆς
726 1502 1001 1552 (exspectabas
1029 1499 1106 1551 τὴν
1133 1499 1300 1553 ὀσμήν).
1342 1505 1514 1540 692819
1541 1499 1645 1552 ὑπὲρ
1674 1494 1727 1542 οὗ

297 1560 377 1615 τὴν
412 1562 550 1603 αἰτίαν
584 1564 777 1604 καθόλου
814 1563 1020 1614 πρότερον
1046 1562 1279 1616 εἰρήκαμεν.
1315 1567 1390 1604 471
1404 1569 1459 1603 a&
1487 1564 1534 1604 τὸ
1561 1578 1636 1617 μεν
1664 1563 1727 1606 έκ-

301 1626 414 1679 πνοή
442 1623 539 1674 ἐστι
567 1625 614 1666 τὸ
644 1626 681 1666 δ’
711 1626 908 1679 εἰσπνοή
946 1625 1042 1677 περὶ
1067 1627 1116 1678 ὴς
1144 1624 1276 1666 οὐθὲν
1301 1626 1481 1678 λέγουσι,
1509 1628 1603 1667 τίνα
1627 1628 1728 1679 τρό-

295 1701 381 1729 πον
418 1688 650 1730 ἐκπνὲουσι.
695 1692 892 1729 1326626
929 1689 1229 1741 παραπλησίως
1269 1689 1330 1730 δὲ·
1347 1705 1419 1730 και
1454 1690 1506 1730 τὰ
1532 1689 1628 1742 περι
1653 1705 1727 1770 της

295 1752 434 1804 χώρας
454 1752 544 1804 ἔχει.
572 1751 668 1803 περὶ
689 1751 766 1804 μὲν
793 1751 874 1804 γὰρ
900 1756 979 1792 τοῦ
1007 1752 1134 1793 ποίαν
1160 1753 1268 1804 τινά,
1297 1753 1428 1807 δῆλον
1456 1749 1520 1794 ὅτι
1546 1753 1624 1806 την
1652 1755 1726 1794 αὐ-

293 1816 574 1868 ταρκεστάτην
600 1819 682 1863 πᾶς
707 1829 770 1863 τις
797 1814 851 1855 ἀν
878 1813 1142 1856 ἐπαινέσειεν.

242 1881 332 1918 6118
359 1877 398 1918 τὶ
414 1884 506 1918 ante
524 1877 721 1919 ἐναντίον
740 1880 891 1929 recepit
919 1880 1015 1917 Bkk.
1044 1893 1067 1918 e
1095 1881 1182 1920 cod.
1213 1880 1268 1927 A,
1298 1881 1349 1919 de
1376 1880 1488 1919 cuius
1516 1881 1728 1919 omissione

294 1955 329 1980 v.
359 1956 459 1992 quae
486 1944 656 1981 diximus
685 1942 733 1979 ad
756 1942 951 1979 3b22.-
983 1941 1087 1981 αὐτὸ
1116 1943 1221 1980 nude
1249 1943 1421 1992 positum
1441 1944 1541 1992 apud
1562 1945 1724 1984 Aristot.

293 2005 392 2043 nihil
427 2005 549 2043 habet
577 2005 681 2054 quod
709 2003 897 2050 offendat,
926 2016 961 2042 v.
990 2005 1160 2050 10b28,
1194 2006 1403 2053 1017a21,
1441 2013 1573 2054 quem‘
1596 2005 1725 2043 locum

293 2067 502 2106 habuimus
539 2068 588 2105 ad
624 2067 758 2105 4³12.
805 2066 982 2104 142b16
1009 2066 1171 2118 ἀνάγκη
1206 2065 1282 2105 τὸν
1311 2067 1370 2120 τῷ
1396 2065 1593 2106 ὑποκάτω
1620 2067 1725 2118 χρώ-

292 2142 424 2182 μενον
449 2127 520 2170 καὶ
549 2128 661 2180 αὐτῷ
687 2129 880 2180 χρῆσθαι.
945 2129 1051 2167 idem
1091 2134 1152 2168 est
1180 2131 1255 2167 147
1270 2131 1378 2175 blo,
1408 2132 1472 2177 25,
1502 2131 1554 2171 cf.
1583 2134 1725 2169 8a38:

294 2206 385 2232 nam
407 2206 621 2245 pronomen
649 2188 753 2231 αὐτὸ
787 2206 875 2231 cum
897 2193 1073 2243 emphasi
1094 2193 1265 2243 positum
1286 2193 1391 2230 idem
1416 2194 1600 2243 estquod
1621 2189 1725 2233 αὐτὸ

293 2252 343 2297 τὸ
370 2259 564 2308 πρᾶγμαε
594 2256 645 2295 cf.
675 2262 803 2294 tamen
831 2268 929 2305 quae
958 2256 1127 2293 diximus
1156 2255 1202 2292 ad
1232 2256 1392 2295 48b34.

242 2323 298 2360 fia
309 2323 358 2359 14
384 2319 462 2372 τὴν
487 2314 595 2371 πρὸς
621 2313 669 2359 τὸ
698 2316 825 2368 μέσον
852 2317 992 2369 χώραν
1019 2317 1132 2357 κάτω
1160 2315 1243 2368 λέγ.
1272 2319 1441 2355 212325
1470 2315 1558 2357 ἐπεὶ
1575 2314 1624 2357 τὸ
1649 2315 1725 2368 μὲν

293 2386 466 2436 κοῦφον
491 2382 538 2423 τὸ
566 2384 656 2422 ἄνω
685 2381 920 2433 φερόμενόν
949 2379 1034 2421 ἐστι
1062 2381 1199 2431 φύσει,
1231 2375 1279 2419 τὸ
1308 2378 1352 2419 δὲ
1381 2375 1492 2431 βαρὺ
1519 2376 1567 2420 τὸ
1596 2381 1723 2430 κάτω,

291 2441 341 2487 τὸ
379 2446 456 2498 μὲν
491 2443 598 2499 πρὸς
631 2442 679 2486 vd
715 2444 860 2498 μέσον
879 2444 1071 2497 περιέχον
1100 2443 1227 2495 πέρας
1254 2443 1366 2483 κάτω
1395 2442 1491 2491 ἐστί,
1520 2443 1591 2484 καὶ
1619 2442 1722 2485 αὐτὸ

293 2506 341 2551 τὸ
368 2508 510 2561 μέσον,
536 2506 585 2550 τὸ
615 2509 660 2550 δὲ
685 2505 791 2561 πρὸς
817 2504 865 2548 τὸ
893 2506 1069 2561 ἔσχατον
1096 2509 1198 2557 ἄνω,
1226 2505 1296 2547 καὶ
1324 2503 1428 2546 αὐτὸ
1457 2504 1504 2547 τὸ
1535 2507 1723 2559 ἔσχατον,

293 2574 344 2613 cf.
374 2575 558 2614 205b27.
588 2574 646 2613 De
674 2573 774 2612 coel.
801 2574 969 2612 268b21
995 2570 1100 2624 λέγω
1138 2570 1174 2611 δ’
1212 2573 1300 2611 ἄνω
1329 2568 1405 2620 μὲν
1431 2569 1509 2622 τὴν
1533 2567 1617 2610 ἀπὸ
1644 2574 1722 2612 τοῦ

292 2634 425 2687 μέσου
454 2635 682 2688 (κίνησιν),
718 2634 831 2676 κάτω
870 2634 914 2676 δὲ
950 2635 1028 2688 τὴν
1065 2633 1131 2675 ἐπὶ
1163 2630 1211 2674 τὸ
1250 2631 1402 2685 μέσον,
1441 2634 1492 2673 cf.
1533 2637 1611 2673 269
1623 2638 1720 2682 323,

291 2701 478 2748 308a16,
505 2703 571 2742 29.
600 2702 774 2740 286a20
809 2697 972 2751 ἀνάγκη
1009 2697 1158 2740 τοίνυν
1182 2699 1274 2751 ’γῆν
1311 2692 1438 2738 εἶναι·
1474 2699 1602 2737 τοῦτο
1638 2697 1720 2750 γὰρ

291 2759 439 2814 ἠρεμεῖ
461 2759 529 2803 ἐπὶ
553 2765 633 2804 τοῦ
660 2761 804 2815 μέσου.
