1780 3100
218 174 297 213 828
774 177 1149 211 Hermeneutica.

219 273 366 310 16:119
392 271 543 323 ὄνομα.
581 273 782 310 145¹(an
809 272 943 324 ὄνομα
971 272 1008 312 δ’
1038 271 1123 313 ἐστὶ
1149 273 1270 327 φωνὴ
1297 274 1505 327 συνθετή,
1543 284 1698 328 σημαν-

264 330 357 386 τικὴ
384 335 488 375 ἄνευ
516 334 695 387 χρόνον,
733 325 801 386 ἧς,
816 334 953 387 μέρος
976 335 1104 381 ,οὐδέν
1130 335 1340 387 ἐ-ςὶτμκαῗ
1369 337 1473 378 αὖΐὸ
1501 346 1698 390 σημαντι-

269 396 371 447 κόν
399 396 446 437 ἐν
471 396 552 448 γὰρ
578 399 667 444 τοῖς
695 396 854 446 διπλοῖς
881 399 932 439 οὐ
959 399 1156 451 χρώμεθα
1183 401 1239 448 ὡς
1265 400 1335 442 καὶ
1362 401 1465 442 αὐτὸ
1483 401 1579 441 καθ’
1596 401 1699 442 αὐτὸ

271 463 481 511 σημαῖνον
518 455 612 500 οἷον
648 458 695 500 ἐν
728 466 785 514 τῷ
817 462 1023 515 Θεοδώρῳ
1058 462 1105 503 τὸ
1134 463 1276 515 δῶρον
1302 464 1354 504 οὐ
1383 464 1586 517 σημαίνει.
1641 465 1699 504 De

270 524 527 573 sequentibus
555 524 606 562 cf.
635 524 686 564 ib.
714 538 770 565 vs.
796 529 846 565 31
883 525 1089 579 ὀνόματος
1129 526 1174 567 δὲ
1213 526 1300 579 ε’ίδη
1337 526 1385 567 τὸ
1422 527 1498 579 μὲν
1534 527 1700 568 ἁπλοῦν

271 583 459 631 (ἁπλοῦν
494 583 540 626 δὲ
565 584 671 637 λέγω
701 583 724 627 ὃ
750 586 808 641 μὴ
836 587 881 629 ἐκ
909 591 1203 643 σημαινόντων
1230 590 1464 642 σύγκειται,
1506 585 1598 631 οἷον
1623 593 1697 643 γῆ)

270 644 319 687 τὸ
346 647 391 687 δὲ
420 647 623 690 διπλοῦν·
658 650 814 691 τούτου
849 650 894 692 δὲ
928 654 976 694 τὸ
1009 652 1087 704 μὲν
1122 652 1167 694 ἐκ
1195 654 1475 705 σημαίνοντος
1501 653 1571 693 καὶ
1597 653 1698 705 ἀσή-

268 723 369 761 μου,
397 711 444 752 τὸ
473 711 518 752 δὲ
545 711 590 753 ἐκ
617 714 911 766 σημαινόντων
929 716 1148 768 σύγκειται.
1187 717 1248 769 ε’ίη
1271 717 1304 758 δ’
1326 716 1380 757 ἂν
1402 717 1472 758 καὶ
1493 719 1699 769 τριπλοῦν

172 822 174 830 k
268 772 342 813 καὶ
366 778 627 826 τετραπλοῦν
652 776 722 818 καὶ
748 780 1021 820 πολλαπλοῦν
1047 782 1194 831 ὄνομα.

218 837 360 876 16823
391 839 576 879 Dedimus
604 840 901 893 πεπλεγμένοις
928 843 1030 893 quod
1060 845 1177 881 etiam
1205 845 1320 881 21a1
1353 843 1555 881 habemus.

214 899 361 939 16a25
389 901 585 952 βούλεται
611 903 688 954 μὲν
715 905 974 956 σημαντικὸν
1000 900 1130 955 εἶναι,
1163 903 1267 944 ἀλλὰ
1293 902 1599 956 κεχωρισμένον
1626 903 1698 944 οὐ-

269 961 388 1010 δενὸς
415 966 674 1016 σημαντικόν
701 965 824 1007 ἐστιν.
865 969 935 1007 Iul.
952 968 1090 1006 Pacius
1119 969 1392 1008 difficultatem
1421 969 1458 1006 in
1487 969 1550 1006 his
1568 968 1699 1006 inesse

267 1027 429 1074 putavit,
459 1028 563 1078 quod
593 1042 627 1067 e.
646 1043 683 1080 g.
705 1032 743 1069 in
761 1029 1004 1078 Κάλλιππος
1025 1032 1148 1070 altera
1167 1044 1255 1081 pars
1280 1032 1444 1069 nominis
1465 1029 1531 1076 (τὸ
1554 1028 1698 1077 ἵππος)

268 1087 464 1139 significet
492 1091 659 1141 aliquid:
691 1106 813 1143 quare
840 1106 1044 1132 monemus
1071 1107 1146 1131 non
1174 1094 1251 1131 hoc
1279 1093 1411 1131 dicere
1428 1095 1696 1140 Aristotelem,

267 1152 371 1201 quod
400 1153 578 1204 singulae
615 1160 749 1205 partes
788 1157 984 1195 nominum
1022 1157 1328 1207 compositorum
1356 1156 1449 1194 nihil
1477 1156 1699 1206 significent

266 1214 392 1264 (quod
420 1220 557 1266 aperte
583 1222 698 1269 negat
726 1231 773 1257 eo
800 1219 901 1268 loco,
931 1232 1045 1269 quem
1066 1220 1181 1257 modo
1207 1232 1230 1256 e
1250 1218 1362 1258 Poet.
1385 1218 1697 1268 adscripsimus),

266 1276 336 1313 sed
374 1277 412 1315 in
449 1278 536 1327 ipso
576 1281 733 1318 nomine
773 1283 991 1330 composito
1030 1281 1199 1330 singulas
1227 1286 1359 1330 partes
1388 1293 1462 1318 uon
1491 1282 1543 1318 ita
1572 1281 1699 1331 accipi

267 1337 384 1386 dicit,
412 1345 457 1377 ut
484 1353 556 1390 per
583 1353 626 1378 se
655 1342 762 1380 solae
789 1344 937 1393 aliquid
966 1344 1188 1395 significent
1218 1348 1272 1388 (v.
1301 1343 1445 1380 16b32
1466 1347 1568 1393 sq.):
1610 1356 1698 1381 nam

267 1400 493 1440 innomine
532 1402 777 1451 Κάλλιππος
814 1405 918 1443 inest
955 1407 1110 1457 quidem
1148 1404 1194 1444 τὸ
1223 1403 1372 1453 ἵππος,
1414 1417 1542 1456 neque
1568 1410 1697 1443 tamen

267 1462 516 1511 Κάλλιππος
542 1479 686 1516 equum
715 1468 922 1517 significat.

213 1526 359 1564 16226
385 1526 482 1565 Post
509 1526 637 1567 οὐδέν
665 1530 761 1567 Bkk.
793 1543 815 1567 e
843 1532 931 1571 cod.
962 1530 1005 1568 A
1031 1531 1183 1581 recepit
1210 1528 1400 1581 σημαίνει
1425 1531 1526 1570 καθ’
1555 1525 1695 1578 ἑαυτό,

265 1601 378 1639 quae,
399 1602 516 1639 quum
547 1591 702 1630 aliunde
729 1593 880 1630 intrusa
909 1606 999 1631 esse
1027 1597 1226 1643 appareat,
1251 1593 1384 1631 delere
1404 1606 1479 1631 nou
1499 1593 1695 1631 dubitavi:

262 1664 353 1690 nam
372 1648 455 1690 ἐστὶ
473 1653 576 1703 quod
605 1655 719 1692 deest
737 1655 855 1692 facile
876 1655 1118 1704 intelligitur.
1147 1655 1378 1692 lnsolentius
1403 1660 1464 1692 est
1485 1656 1587 1706 quod
1601 1656 1697 1693 dicit

262 1716 436 1753 7711129
473 1715 520 1754 τὸ
558 1714 635 1765 μὲν
672 1710 751 1755 οὖν
787 1713 920 1755 ἕλκειν
956 1716 1089 1767 φάναι
1114 1711 1214 1763 τοὺς
1240 1715 1397 1763 τόπους
1423 1718 1496 1769 τῆς
1522 1715 1698 1768 ὑστέρας

259 1775 308 1816 τὸ
345 1774 508 1828 σπέρμα
543 1776 611 1817 καὶ
652 1777 722 1817 διὰ
756 1782 883 1820 τοῦτο
919 1779 1046 1820 πλείω
1080 1779 1275 1831 γίνεσθαι
1300 1807 1310 1817 .
1337 1809 1347 1819 .
1372 1806 1382 1817 .
1412 1777 1544 1819 οὐθέν
1571 1777 1694 1820 ἐστιν.

260 1842 408 1878 25:3113
437 1840 484 1880 αἱ
507 1840 602 1893 περὶ
628 1842 714 1881 τῶν
735 1841 876 1894 ἀρχῶν
895 1841 1103 1890 ἐνστάσεις
1123 1873 1132 1882 .
1156 1873 1164 1882 .
1187 1872 1196 1881 .
1219 1841 1345 1883 οὐδέν
1363 1841 1452 1884 εἰσι.
1492 1842 1696 1883 40⁶2b7v6

262 1901 308 1942 δὲ
337 1904 445 1954 ζῷον
471 1903 518 1944 τὸ
548 1905 741 1945 καθόλου
769 1908 863 1958 ἢτοι
890 1906 1021 1947 οὐθέν
1050 1905 1160 1946 ἐστιν
1186 1905 1212 1958 ἢ
1240 1904 1519 1957 &inopom-cf.
1544 1909 1695 1946 18a25.

208 1967 352 2004 162127
381 1967 588 2016 Reliquam
617 1969 853 2008 definitionis
887 1974 1039 2020 partem
1068 1971 1249 2020 explicat.

210 2029 355 2067 16:232
383 2029 492 2078 Quae
519 2035 611 2082 post
637 2029 837 2081 άόριστον
864 2032 1022 2083 quidam
1051 2033 1206 2070 codices
1226 2031 1374 2070 addunt
1385 2030 1575 2085 “videntur
1595 2032 1694 2071 irre-

259 2093 389 2143 psisse
417 2105 466 2131 ex
492 2096 747 2144 sequentibus
777 2096 821 2140 (b
838 2097 928 2140 15J:
956 2100 1063 2133 certe
1093 2107 1168 2132 non
1196 2095 1310 2132 video
1332 2095 1526 2143 quomodo
1547 2095 1694 2146 negligi

260 2155 477 2206 potuerint,
505 2157 538 2194 si
563 2162 720 2208 reperta
749 2157 931 2204 fuissent,
958 2170 1086 2207 neque
1111 2158 1214 2195 enim
1243 2157 1522 2195 obscuritatem
1546 2157 1694 2196 habent

258 2230 388 2268 neque
415 2220 534 2258 verba
567 2220 653 2270 ipsa
679 2221 734 2258 ita
761 2224 982 2271 comparata
1010 2225 1121 2267 sunt,
1157 2225 1202 2258 ut
1237 2219 1489 2257 similitudine
1526 2219 1693 2269 quadam

261 2281 481 2320 litterarum
509 2282 597 2320 talis
625 2284 861 2335 negligentia
890 2284 1104 2335 probabilis
1132 2283 1212 2321 fiat.
1249 2282 1451 2321 Aristoteli
1479 2286 1609 2320 nutem
1630 2283 1694 2321 vix

262 2343 430 2382 dandum
459 2345 629 2393 videtur,
659 2346 762 2396 quod
790 2346 954 2385 eandem
981 2359 1064 2384 rem
1093 2358 1257 2396 eamque
1283 2344 1386 2382 haud
1417 2344 1618 2382 difficilem
1643 2345 1693 2383 ad

259 2407 554 2458 intelligendum
584 2412 663 2447 tam
693 2409 801 2448 brevi
830 2409 957 2459 spatio
985 2408 1191 2448 interiecto
1219 2407 1357 2446 iisdem
1385 2407 1515 2446 verbis
1543 2406 1603 2445 bis
1623 2419 1692 2445 ex-

258 2470 455 2521 plicuerit.

207 2534 328 2572 lfibl
357 2532 542 2580 πτώσεις.
592 2535 790 2573 1457818
823 2533 980 2581 πτῶσις
1014 2533 1052 2574 δ’
1081 2531 1192 2573 ἐστὶν
1219 2531 1425 2583 ὀνόματος
1450 2530 1476 2583 ἢ
1506 2530 1692 2584 ῥήματος

254 2594 283 2648 ἦ
309 2594 386 2647 μὲν
416 2595 463 2636 τὸ
490 2595 597 2637 κατὰ
624 2596 780 2637 τούτου
808 2596 836 2650 ἢ
864 2598 999 2654 τούτῳ
1028 2595 1292 2649 σημαίνουσα
1311 2594 1382 2636 καὶ
1398 2594 1478 2635 ὅσα
1500 2599 1691 2646 τοιαῦτα,

257 2658 293 2710 ἦ
314 2658 359 2699 δὲ
386 2659 434 2700 τὸ
462 2658 570 2701 κατὰ
596 2660 645 2700 τὸ
673 2657 735 2701 ἑνὶ
763 2659 790 2713 ἢ
816 2663 1001 2712 πολλοῖς,
1030 2656 1123 2702 οἷον
1148 2661 1371 2710 ἄνθρωποι
1396 2657 1423 2711 ἢ
1451 2660 1689 2711 ἄνθρωπος,

258 2720 287 2775 ἦ
312 2719 357 2763 δὲ
383 2722 489 2764 κατὰ
521 2723 572 2764 τὰ
598 2723 860 2775 ὖποκριτικά,
890 2721 983 2767 οἷον
1009 2724 1100 2766 κατ’
1128 2721 1329 2775 ἐρώτησιν
1354 2721 1381 2774 ἢ
1410 2720 1615 2772 ἐπίταξιν
1643 2722 1690 2763 τὸ
