1884 3100
647 166 1030 202 KATHPOPIAI.
1482 163 1562 204 1⁰3

107 265 267 324 ρίστως
285 265 333 312 δὲ
353 262 553 313 εἰὶἳεται“
523 283 592 312 οτι
609 269 743 313 τοῦτο
732 264 844 313 ’ἐστι
864 265 1066 326 χείρονος
1085 262 1289 311 κάλλιον
1322 258 1557 324 ὑπόληψις
1574 282 1608 310 10

107 330 191 395 γὰρ
215 330 268 380 τὸ
288 335 470 380 τοιοῦτο
487 333 675 395 γίνεται,
709 331 798 380 οὐκ
817 331 1059 397 ἐπιστήμη·
1095 329 1156 381 ού
1174 327 1280 412 γὰρ
1277 328 1337 376 ἔτι
1358 327 1555 390 ακριβως

107 401 268 448 εἴσεται
307 397 375 446 ὅτι
406 399 494 447 ἐστὶ
522 401 722 484 χείρονος
768 399 962 447 κάλλιον.
1042 401 1122 446 εἰ
1082 396 1198 482 Ήγὰρ
1219 414 1363 455 ουτως
1390 396 1554 458 ἔτυχεν,

107 465 246 514 ου’δέν
265 466 355 514 ἐστι
372 471 520 528 χεῖρον
538 465 700 515 αὐτοῦ.
724 464 836 514 ωστε
856 463 1054 528 φανερὸν
1075 464 1143 515 ὅτι
1169 462 1410 528 ἀναγκαῖόν
1422 464 1553 519 ἐστιν,

110 531 139 582 ὃ
167 552 225 581 αν
255 535 352 594 εἰδῇ
379 552 446 591 τις
473 552 566 580 των
591 533 705 594 πρός
733 552 774 581 τι
795 532 1135 618 ἀφωρισμένως,
1169 532 1349 580 κάκεῖνο
1380 530 1495 592 πρὸς
1524 527 1553 577 ὃ

105 601 272 662 λέγεται
292 598 610 661 ἀφωρισμένως
629 601 802 648 εἰδέναι.
870 600 953 665 τὴν
985 602 1034 648 δέ
1067 620 1114 662 γε
1141 597 1343 663 κεφαλὴν
1370 600 1444 646 καὶ
1472 595 1554 659 τὴν
1571 608 1603 636 1⁶

106 673 227 729 χεῖρα
247 667 321 713 καὶ
345 667 529 714 ἕκαστον
546 684 634 714 των
653 668 890 724 τοιούτων,
928 669 983 714 αἶ’
996 668 1106 714 εἰσιν
1124 665 1302 723 οὐσίαι,
1338 663 1452 713 αὐτὸ
1473 683 1554 726 μεν

108 731 218 795 ὅπερ
237 734 352 781 ἐστὶν
372 732 627 795 ωρισμένως
645 735 761 782 ἔστιν
776 734 959 791 εἰδέναι,
994 731 1112 793 πρὸς
1133 731 1160 780 ὃ
1182 734 1229 780 δὲ
1249 733 1431 795 λέγεται,
1465 730 1554 780 οὐκ

106 801 364 863 ἀναγκαῖον·
398 802 518 864 τίνος
538 800 623 864 γάρ
643 801 760 865 αὕτη
778 800 808 865 ἡ
839 800 1013 887 κεφαλὴ
1045 797 1077 864 ἢ
1109 801 1230 858 τίνος
1258 798 1288 863 ἡ
1317 801 1554 861 χείρ,ουκ

107 869 222 916 ἔστιν
240 868 401 916 εἰδέναι
418 867 680 930 ωρισμεῧνως.
717 867 827 917 ωστε
842 868 928 917 οὐκ
942 889 1000 917 αν
1023 871 1090 932 εἴη
1104 872 1246 916 ταῦτα
1262 871 1354 914 τῶν
1362 865 1480 928 πρός
1496 884 1550 914 τι.

107 937 146 984 εἰ
175 937 223 983 δὲ
254 935 315 999 μή
347 935 436 983 ἐστι
472 940 612 984 ταῦτα
646 956 734 984 των
767 936 881 999 πρός
907 954 971 995 τι,
1016 935 1186 1000 ἀληθὲς
1223 954 1280 982 αν
1311 936 1379 998 εἴη
1411 935 1601 996 λέγεινςιο

108 1001 176 1050 ὅτι
197 1001 386 1064 οὐδεμία
406 1001 544 1051 ούσία
563 1022 654 1051 των
672 1002 786 1067 πρός
807 1023 847 1051 τι
839 1005 994 1052 ’.ἐστιν
1038 1005 1143 1061 ισως
1162 1004 1209 1050 δε
1229 999 1425 1064 χαλεπὸν
1437 999 1552 1063 ὑπὲρ

105 1074 193 1118 τῶν
232 1068 446 1117 τοιούτων
488 1075 703 1154 σφοδρῶς
739 1070 1071 1133 άποφαίνεσθαι
1111 1068 1173 1133 μὴ
1211 1068 1426 1127 πολλάκις
1472 1069 1550 1116 ἐπ-

106 1137 390 1199 εσκεμμένον·
421 1134 472 1184 τὸ
491 1139 638 1199 μέντοι
659 1139 976 1202 διηπορηκέναι
994 1137 1063 1201 ἐφ’
1079 1136 1270 1184 ἑκάστου
1286 1135 1433 1184 αὐτῶν
1462 1134 1553 1183 ουίι

107 1203 328 1269 ἄχρηστόν
350 1205 477 1252 ἐστιν.

243 1271 474 1335 Ποιότητα
492 1273 540 1319 δὲ
560 1271 671 1333 λέγω
692 1269 796 1318 καθ’
818 1269 879 1334 ἣν
905 1272 1030 1318 ποιοί
1057 1288 1169 1328 τινες
1197 1266 1307 1317 εἶναι
1337 1270 1548 1352 λέγονται.
1568 1277 1601 1322 8

107 1339 199 1385 ἔστι
225 1340 272 1386 δὲ
301 1337 331 1403 ἡ
362 1338 546 1402 ποιότης
573 1343 661 1386 τῶν
682 1342 938 1399 πλεοναχῶς
962 1339 1216 1400 λεγομένων.
1281 1337 1331 1384 ἓν
1359 1355 1438 1397 μεν
1465 1329 1603 1383 οὖνεε

107 1402 224 1462 εἶδος
242 1405 478 1470 ποιότητος
505 1405 590 1464 ἕξις
609 1407 686 1452 καὶ
707 1405 908 1464 διάθεσις
932 1407 1224 1469 λεγέσθωσαν.
1281 1404 1481 1466 διαφέρει
1504 1404 1552 1459 δε

106 1471 190 1530 εξις
210 1474 452 1531 διαθέσεως
476 1478 539 1521 τοῖ
563 1472 969 1535 πολυχρονιώτερον
1000 1479 1110 1520 εἰναι
1141 1473 1218 1519 καὶ
1242 1489 1552 1533 μονιμωτερον.

106 1545 307 1587 τοιαῦται
337 1542 384 1588 δε
405 1560 449 1587 αι
473 1558 517 1588 τε
539 1541 771 1604 ἐπιστῆμαι
801 1542 873 1587 καὶ
908 1542 952 1587 αἱ
981 1539 1151 1601 ἀρεταί·
1197 1537 1229 1603 ἥ
1257 1557 1302 1586 τε
1331 1558 1416 1602 γαρ
1455 1539 1551 1586 ἑπι-

107 1606 254 1671 στήμη
272 1611 394 1656 δοκεῖ
406 1612 498 1656 τοῖν
514 1609 833 1670 παραμονιμων
855 1605 966 1656 εἶναι
983 1610 1058 1655 καὶ
1075 1606 1369 1670 δυσκινήτων,
1390 1604 1466 1653 ἐὰν
1477 1606 1552 1652 καὶ
1567 1627 1602 1655 so

106 1677 288 1760 μετρίως
326 1694 392 1734 τις
433 1675 674 1740 ἐπιστήμην
708 1675 848 1736 λάβῃ,
894 1675 969 1723 ἐάν
997 1689 1080 1735 περ
1121 1673 1183 1738 μὴ
1219 1673 1386 1736 μεγάλη
1420 1691 1551 1734 μετα-

107 1740 219 1805 βολὴ
237 1743 412 1804 γένηται
430 1741 527 1790 ὑπὸ
547 1742 693 1790 νόσου
715 1763 745 1806 η
769 1741 913 1789 ἄλλου
931 1741 1054 1800 τινὸς
1072 1741 1302 1788 τοιούτου·
1340 1739 1554 1797 ωσαύτως

109 1809 157 1855 δὲ
188 1810 265 1855 καὶ
300 1808 330 1872 ἡ
364 1808 518 1872 άρετή,
554 1807 652 1857 οἶον
682 1807 713 1873 ἡ
742 1809 1007 1873 δικαιοσύνη
1029 1810 1101 1856 καὶ
1122 1807 1152 1871 ἡ
1172 1806 1451 1891 σωφροσύνη
1478 1808 1555 1853 καὶ

107 1875 292 1922 ἕκαστον
313 1881 401 1924 τῶν
425 1876 660 1935 τοιούτων,
695 1875 784 1923 ου’κ
803 1875 1034 1940 εὐκίνητον
1056 1879 1178 1923 δοκεῖ
1207 1872 1316 1922 εἶναι
1343 1873 1443 1922 οὐδ’
1474 1872 1554 1920 εύ-

107 1941 361 2003 μετάβολσν.
415 1944 638 2002 διαθεσεις
659 1945 706 1990 δε
727 1941 978 2005 λέγονται”
947 1963 976 1990 α
996 1945 1110 1991 ἐστιν
1132 1941 1343 2005 εύκίνητα
1354 1943 1429 1988 καὶ
1440 1939 1553 2002 ταχύ
1569 1955 1606 1983 35

109 2007 455 2070 μεταβάλλοντα,
510 2007 609 2056 οἷον
649 2010 873 2090 θεριιότης
912 2012 986 2056 καὶ
1024 2007 1272 2066 κατάψυξις
1307 2010 1384 2055 καὶ
1419 2007 1556 2066 νόσος

109 2076 184 2122 καὶ
228 2074 373 2138 ὑγίεια
419 2076 496 2122 καὶ
540 2073 626 2123 ὅσα
677 2073 791 2122 ἄλλα
832 2081 1039 2122 τοιαῦτα·
1097 2076 1312 2124 διάκειται
1351 2093 1430 2136 μεν
1470 2075 1555 2138 γάρ

206 2299 249 2333 10
276 2298 415 2334 εἴσεται
439 2311 494 2333 om
514 2310 548 2332 n.
575 2317 619 2324 --
655 2301 693 2333 ll
720 2300 894 2335 τοιοῦτον
923 2301 1003 2334 cen
1026 2319 1072 2324 —
1115 2298 1170 2334 ε’τι
1197 2311 1252 2332 om
1279 2310 1308 2331 ο.
1334 2318 1378 2323 -
1418 2298 1557 2332 εἴσεται

110 2341 342 2400 α’κριβῶςεπ.
367 2364 412 2371 —-
447 2346 488 2378 12
515 2342 591 2378 ἐστὶ
615 2356 715 2378 ome.
741 2365 786 2372 -
819 2347 860 2379 14
889 2341 937 2399 ὃ]
955 2358 1016 2380 οτι
1039 2346 1081 2378 Β.
1107 2363 1154 2369 --
1186 2342 1251 2379 ἐὰν
1268 2344 1368 2378 ABd.
1391 2362 1438 2368 —
1471 2355 1556 2389 mge-

113 2389 356 2469 ῗιέέναίίςῶοπ,
380 2390 562 2469 ἱᾱῼὸὅίοη.
582 2409 621 2414 -
660 2390 702 2423 15
728 2389 899 2444 εἰδέναι]”
913 2386 1117 2433 ἀναγκαῖον
1141 2389 1292 2478 εἰξῗνὲι]
1306 2388 1486 2468 ςΒΟάἴῇ.
1512 2407 1555 2413 --

175 2448 200 2469 α
339 2454 381 2462 -
467 2447 483 2469 ε
574 2446 736 2469 nome.
761 2437 1078 2470 —toefitaomvm
1103 2454 1149 2460 --
1260 2447 1274 2470 ε
1342 2446 1420 2467 εκα
1513 2453 1556 2459 -

113 2492 182 2535 περ
185 2479 266 2515 len.
291 2499 337 2506 —
367 2482 412 2514 22
430 2477 549 2523 ἅποφ.
576 2481 750 2536 σφοδρως
775 2492 804 2515 e.
829 2499 873 2506 -·
904 2479 1180 2534 ἐπεσκεμμένων
1198 2491 1235 2524 g,
1258 2491 1298 2519 pr
1319 2480 1358 2519 C,
1381 2477 1556 2522 ἐπεσκεμ-

114 2524 292 2570 μένουςσ.
317 2544 359 2552 -
395 2527 439 2561 23
459 2524 602 2571 μέντοι]
630 2538 743 2567 μενε.
768 2545 810 2551 ——
847 2524 989 2571 εκάστῳ
1017 2538 1045 2559 e.
1074 2544 1115 2551 -
1158 2527 1201 2559 95
1228 2522 1323 2558 εἶναι
1349 2535 1406 2556 om
1431 2535 1487 2557 ue.
1510 2542 1557 2550 —

114 2571 159 2605 26
183 2571 374 2625 πολλαχως
400 2582 428 2604 e.
454 2590 498 2598 —-
530 2573 575 2605 27
601 2573 659 2614 λεγ
663 2569 762 2606 ἐσθω
782 2584 862 2604 corr
884 2573 923 2606 B.
951 2591 996 2598 —
1029 2571 1074 2603 28
1090 2567 1342 2625 μονιμώτερον
1364 2568 1428 2603 καὶ
1444 2571 1558 2604 πολυ-

115 2615 360 2661 χρονιώτερον
384 2613 480 2651 εἶναι
503 2618 629 2652 Ccanu.
654 2634 698 2641 -
738 2617 782 2650 29
807 2628 850 2660 pr
870 2629 909 2652 τε
935 2629 991 2650 om
1011 2627 1063 2649 en.
1088 2634 1134 2640 —
1166 2616 1210 2648 30
1231 2613 1297 2648 ἐὰν
1314 2613 1390 2669 καὶ]
1422 2612 1488 2649 ἐάν
1518 2626 1557 2649 τε

117 2659 235 2695 καὶΒ
202 2660 339 2703 Β,ἐὰν
358 2663 429 2716 Ag,
453 2661 517 2697 καὶ
534 2675 612 2695 corr
633 2663 671 2702 G,
694 2659 828 2706 ἐάνπερ
844 2662 907 2697 καὶ
923 2664 955 2703 b,
979 2657 1044 2695 ἐὰν
1062 2657 1147 2715 γὰρ
1147 2671 1181 2692 a.
1207 2678 1249 2684 -
1274 2660 1314 2692 31
1335 2658 1443 2705 λάβοι
1460 2671 1490 2693 e.
1512 2678 1555 2684 —

118 2706 301 2759 μεταβολὴ
322 2706 462 2751 μεγάλη
479 2708 504 2742 ἰ.
526 2726 572 2736 -
605 2708 650 2741 32
667 2707 814 2763 γίνηται
829 2718 868 2752 g.
891 2726 937 2733 —
975 2707 1020 2740 33
1037 2711 1107 2738 tert
1127 2702 1150 2748 ἡ
1172 2716 1229 2738 om
1246 2717 1280 2738 n.
1304 2723 1351 2731 —
1387 2706 1433 2740 36
1448 2715 1557 2749 μετα-

117 2748 314 2795 βάλλονται
328 2763 358 2787 e.
380 2771 426 2779 —
449 2752 638 2799 θερμότης
652 2751 845 2799 ψυχρότης
862 2753 885 2786 ι’.
908 2770 954 2778 -
986 2751 1030 2784 37
1049 2743 1163 2785 τᾶλλα
1180 2750 1205 2795 i,
1228 2761 1285 2783 om
1302 2762 1332 2785 e.
