1734 3100
183 206 262 245 504
698 208 943 253 Anaiytica
965 208 1134 253 priora.

239 302 398 356 γίνεται
423 303 448 345 ὁ
473 302 602 356 μέγας
626 302 821 356 πέμπτος.
875 307 1046 345 141688
1072 302 1100 357 ἢ
1129 303 1182 345 οὐ
1208 303 1313 358 μέγα
1336 303 1365 359 ἢ
1391 303 1470 347 οὐκ
1490 304 1663 358 αἰσχρὸν

237 365 265 419 ἢ
293 367 371 408 οὐκ
397 366 494 419 ἔχον
519 366 707 420 μέγεθος.
761 370 956 408 1284817
984 367 1050 409 διὸ
1077 365 1150 409 καὶ
1182 366 1369 409 τίθενται
1401 369 1478 410 τὸν
1513 368 1662 420 ὀστρα-

236 429 388 483 κισμὸν
414 430 459 471 αἰ
482 430 876 482 δημοκρατούμεναι
911 431 1051 480 πόλεις
1087 430 1158 473 διὰ
1182 430 1261 485 τὴν
1285 432 1486 486 τοιαύτην
1512 431 1661 473 αἰτίαν.

239 495 412 534 1292b9
437 492 531 545 περὶ
556 487 606 547 ἧς
630 494 866 543 τελευταίας
893 495 1066 547 ε’ίπαμεν
1091 495 1373 549 δημοκρατίας
1399 493 1445 537 ἐν
1470 499 1561 544 ταῖς
1588 495 1662 548 δη-

238 555 489 607 μοκρατίαις.
544 561 740 597 1319333
768 557 878 600 ὅπου
906 558 952 600 δὲ
977 558 1047 600 καὶ
1074 559 1297 613 συμβαίνει
1322 558 1401 612 τὴν
1425 560 1567 613 χώραν
1585 559 1664 612 τὴν

238 617 359 659 θέσιν
384 618 490 671 ἔχειν
515 621 716 673 τοιαύτην
742 619 846 663 ὥστε
870 622 948 676 τὴν
973 622 1115 676 χώραν
1133 618 1242 664 πολὺ
1262 626 1336 677 τῆς
1351 624 1511 671 πόλεως
1531 622 1664 675 άπηρ-

237 684 404 735 τῆσθαι.
458 686 605 724 314b9
641 684 794 734 οἰκεῖος
827 686 851 728 ὁ
887 686 1013 739 λόγος
1050 687 1192 727 αὐτῶν
1226 691 1278 740 τῇ
1312 686 1514 728 ὑποθέσει
1554 686 1663 728 οὕτω

238 745 383 798 φάναι.
436 750 611 787 349b12
638 748 817 797 ἀενάους
853 746 960 791 εἶναι
989 748 1060 790 διὰ
1085 748 1242 798 τέλους.
1295 752 1469 790 enh-*31
1497 749 1561 790 άεὶ
1585 753 1663 791 πᾶ-

238 817 321 850 σαν
348 807 476 860 ὥραν.
530 813 706 852 2521117
740 807 849 853 πολὺ
886 812 931 854 δὲ
968 813 1146 865 μάλιστα
1181 812 1229 853 τὸ
1266 815 1463 854 τοιοῦτον
1488 811 1555 853 ἐπὶ
1579 814 1665 853 τῶν

237 871 437 925 ἐμψύχων
463 869 571 914 εἶναι
603 876 804 927 φανερόν.
856 878 1003 915 440h3
1031 875 1139 923 ὅλως
1175 876 1310 929 πάντῃ
1344 877 1511 925 πάντως
1539 875 1666 928 (μῖξίς

239 934 326 977 ἐστι
359 938 447 977 τῶν
484 937 720 990 σωμάτων).
766 942 862 979 4992
882 942 907 980 b
926 941 977 979 25
1017 938 1151 980 οὐθὲν
1187 934 1278 981 οἷόν
1304 953 1347 980 τε
1381 939 1666 992 προϋπάρχειν

242 1000 501 1052 γνωρίζοντα
535 1001 755 1053 πρότερον.
811 1003 986 1042 321b26
1013 1003 1090 1056 οὐχ
1125 1002 1293 1058 ὁτῳοῦν
1330 1006 1423 1051 (nisi
1456 1005 1666 1056 legendum

240 1067 302 1103 est
329 1063 492 1110 ὁτιοῦν)
522 1064 646 1105 παντὶ
673 1064 954 1117 προσγίνεται.
999 1068 1200 1106 13261127
1226 1065 1304 1120 τὴν
1332 1066 1667 1117 αὐταρκεστάτην

240 1129 323 1174 πᾶς
347 1140 409 1176 τις
447 1126 501 1168 ἂν
527 1126 788 1169 ἐπαινέσειεν.
843 1132 1013 1170 353325
1041 1130 1096 1171 δι’
1133 1128 1157 1170 ὅ
1195 1143 1235 1170 τι
1271 1130 1400 1178 (διότι
1435 1132 1550 1178 Bkk.)
1590 1128 1667 1181 μὲν

239 1185 320 1230 οὖν
346 1221 356 1231 .
376 1221 387 1232 .
411 1219 421 1230 .
458 1191 530 1233 καὶ
567 1191 637 1233 διὰ
673 1191 751 1232 τίν’
779 1191 918 1233 αἰτίαν
942 1196 1075 1234 ταῦτα
1103 1193 1336 1246 συμβαίνει.
1399 1197 1568 1234 366331
1596 1192 1667 1235 διὰ

238 1254 286 1295 τὸ
311 1256 475 1309 πλῆθος
501 1258 576 1310 τῆς
593 1256 809 1309 ’θαλάττης
834 1257 990 1311 πολλῆς
1014 1256 1375 1311 προσφερομένης.
1428 1258 1504 1297 His
1531 1264 1668 1297 exem-

238 1318 314 1369 plis
335 1320 480 1359 'allatis
516 1334 593 1360 non
630 1321 758 1371 premi
793 1321 940 1360 debere
967 1322 1148 1361 videntur
1184 1323 1332 1373 singula
1369 1323 1510 1369 verba,
1547 1334 1666 1372 quum

239 1382 473 1422 Aristoteles
502 1384 600 1422 dicit
625 1385 738 1422 406a
752 1385 799 1421 ll
816 1386 871 1431 (v.
889 1383 1177 1436 Trendelenbg.
1201 1386 1251 1424 de
1273 1397 1333 1425 an.
1355 1385 1385 1434 1,
1406 1386 1430 1423 3
1451 1384 1492 1437 ἓ.
1509 1386 1555 1430 3)
1582 1380 1668 1423 ἐπι-

242 1447 485 1496 σκοποῦμεν
509 1444 605 1497 περὶ
630 1448 768 1499 ψυχῆς
795 1445 831 1486 εἰ
856 1447 956 1487 καθ’
985 1444 1118 1500 αὐτὴν
1143 1450 1318 1488 κινεῖται
1343 1445 1414 1488 καὶ
1440 1444 1593 1499 μετέχει
1609 1461 1669 1487 κι-

239 1506 423 1560 νήσεωςε
471 1522 599 1559 neque,
625 1511 729 1548 enim
758 1510 968 1561 quidquam
1004 1511 1233 1550 mutandum
1261 1512 1336 1550 erit
1364 1524 1491 1562 neque
1517 1511 1558 1549 in
1585 1511 1666 1549 dis-

240 1571 388 1610 crimen
424 1571 698 1622 inquirendum
734 1574 838 1623 quod
874 1573 1042 1612 habeant
1076 1571 1124 1613 τὸ
1158 1575 1369 1613 κινεῖσθαι
1405 1579 1446 1613 et
1471 1572 1520 1613 τὸ
1556 1571 1668 1626 μετέ-

238 1647 327 1686 χειν
354 1634 567 1687 κινήσεως.

185 1699 337 1738 filbll
364 1696 608 1738 ὑποκείσθω
635 1695 717 1748 γὰρ
745 1725 754 1736 .
775 1724 784 1734 .
805 1726 815 1736 .
844 1697 900 1736 Ut
926 1698 1116 1749 probetur
1143 1699 1184 1738 A
1209 1699 1260 1738 de
1287 1695 1417 1750 aliquo
1445 1698 1482 1738 Β
1511 1700 1669 1750 praedi-

237 1761 331 1810 cari,
359 1765 534 1800 sumatur
561 1760 666 1810 quod
694 1765 899 1812 repugnat.
952 1762 1202 1808 Assumatur,
1230 1767 1272 1800 ut
1300 1762 1579 1801 demonstratio
1598 1762 1670 1801 fiat

235 1822 274 1862 in
301 1824 426 1874 prima
452 1824 599 1874 figura,
637 1823 856 1875 propositio
893 1834 994 1874 quae
1028 1824 1194 1876 incipiat
1221 1837 1244 1863 a
1271 1825 1438 1864 termino
1465 1825 1524 1875 Β,
1561 1830 1606 1865 ut
1632 1825 1670 1865 B

235 1885 308 1924 fiat
334 1887 502 1927 mediae.
809 1931 812 1934 ,

183 1949 331 1988 ‹nb-13
358 1946 462 1988 ἔστω
489 1946 571 2001 γὰρ
600 1977 611 1988 .
635 1976 646 1988 .
668 1975 679 1987 .
715 1947 763 1988 τὸ
792 1949 833 1988 A
860 1949 1008 1988 uncinis
1046 1949 1273 1988 inclusimus
1311 1949 1442 1989 deleto
1475 1954 1668 1990 commate

236 2025 292 2051 vs.
316 2014 367 2050 14
392 2017 486 2064 post
511 2008 678 2064 ἀληθές,
706 2025 785 2063 quo
813 2011 1006 2051 sententia
1032 2012 1103 2050 fiat
1123 2013 1247 2062 magis
1267 2013 1489 2064 perspicua.
1540 2013 1669 2052 Sumi-

235 2088 322 2114 mus
350 2077 473 2124 enim}
507 2076 585 2124 ait,
624 2087 698 2127 pro
733 2087 827 2114 vero
868 2080 908 2113 et
944 2087 1134 2114 concesso
1161 2075 1203 2114 A
1238 2075 1459 2125 praedicari
1485 2076 1536 2114 de
1562 2076 1669 2115 omni

237 2139 297 2179 F:
325 2140 467 2178 etenim
495 2139 588 2178 licet
614 2138 708 2178 talia
735 2150 903 2186 sumere,
933 2150 1053 2188 quum
1080 2139 1131 2177 de
1156 2139 1217 2177 via
1244 2142 1284 2176 et
1311 2138 1461 2177 ratione.
1486 2139 1552 2178 hic
1578 2151 1670 2190 aga-

235 2207 300 2242 tur
327 2215 400 2253 qua
428 2202 496 2241 fiat
524 2202 723 2252 deductio,
749 2214 826 2240 non
853 2202 904 2240 de
925 2201 1091 2240 veritate
1113 2202 1290 2251 reiquae
1312 2201 1523 2252 probetur:
1551 2214 1670 2252 quare

238 2278 370 2316 quum,
399 2269 441 2304 ut
460 2266 659 2305 concessis
687 2269 880 2316 repugnet
906 2264 1014 2314 quod
1035 2264 1303 2311 concludatur,
1329 2264 1514 2303 deductio
1532 2268 1669 2315 postu-

237 2329 309 2377 let,
336 2329 518 2381 ponimus
545 2329 622 2367 hoc
651 2329 705 2367 ita
732 2341 834 2367 esse.

184 2393 336 2432 61b15
364 2389 441 2431 ἐὰν
469 2389 514 2432 δὲ
539 2390 646 2442 πρὸς
671 2394 729 2443 τῷ
755 2393 796 2430 A
823 2419 833 2430 .
856 2417 866 2428 .
889 2417 900 2427 .
928 2389 1107 2440 Namque
1133 2393 1179 2429 ut
1206 2389 1275 2428 fiat
1301 2389 1489 2428 deductio
1517 2389 1555 2428 in
1583 2389 1669 2441 pri-

236 2468 301 2495 ma
329 2456 477 2506 figura,
514 2455 733 2507 propositio
769 2467 871 2505 quae
908 2466 999 2492 cum
1034 2453 1136 2492 falsa
1173 2452 1422 2493 conclusione
1449 2452 1498 2490 ad
1523 2464 1669 2491 novum

237 2518 507 2570 syllogismum
543 2519 788 2569 coniungitur
825 2521 892 2557 aut
927 2517 984 2555 ita
1021 2516 1211 2565 sumitur,
1247 2519 1291 2554 ut
1317 2514 1506 2554 terminus
1534 2514 1570 2553 Β
1597 2515 1668 2553 fiat

235 2582 403 2630 medius,
427 2581 532 2633 quod
551 2582 755 2621 habuimus
773 2593 828 2620 vs.
842 2581 891 2618 11
901 2591 974 2630 sq.9
994 2583 1063 2618 aut
1078 2580 1146 2630 ita,
1168 2578 1261 2619 utA
1286 2578 1339 2616 sit
1358 2576 1523 2616 medius.
1561 2577 1669 2617 Scri-

235 2645 387 2696 psimus
413 2648 496 2697 τῷ,
536 2645 641 2698 quod
674 2644 813 2686 eodem
850 2655 969 2684 sensu
994 2642 1163 2684 habetur
1188 2654 1245 2683 vs.
1269 2641 1323 2680 23*
1341 2642 1382 2680 et
1400 2641 1475 2690 36,
1512 2640 1669 2681 codices

236 2708 409 2760 potiores
435 2708 570 2750 secuti.
1509 2715 1512 2719 “
