1820 3100
12 2082 27 2090 1
10 1896 29 2075 53W⁷8⁴
11 1861 16 1865 ⁹
12 1818 19 1823 ⁴

31 2461 38 2471 τ
25 2398 42 2442 »τ
21 2358 35 2382 εν
37 2331 39 2334 .

554 221 749 257 Scholia
772 220 815 255 in
838 218 1102 267 Analy't.'pr.
1504 217 1559 257 45

107 320 291 358 πλειόνων
316 318 519 368 βούλονται
540 315 833 367 κατηγορεῖσθαι
863 343 892 354 ..
905 343 914 352 .
948 316 1041 354 ἀλλὰ
1078 317 1218 364 μᾶλλον
1245 313 1475 363 ὑπογραφὴν
1502 316 1563 352 δεῖ

109 381 238 416 καλεῖν
261 375 395 423 αὐτήν.
420 378 497 412 cod.
522 376 616 412 2⁰64
634 388 754 423 marg.

199 433 324 470 ἰστέον
348 433 390 469 δὲ
418 447 479 469 οτι
499 433 548 469 τὰ
569 446 636 479 μεν
655 429 819 479 νεώτερα
843 430 965 478 βιβλία
989 430 1061 476 ἔχει
1077 430 1122 466 τὸ
1139 429 1267 476 ,,τινός
1289 429 1387 466 κατά
1409 441 1511 470 τινος
1533 423 1559 473 ἤ

106 504 209 532 τινος
225 488 302 527 ἀπό
323 491 447 533 τινος”
473 491 537 526 καὶ
565 491 670 544 σαφῆ
685 492 794 543 ποιεῖ
802 486 870 542 τὸν
890 500 981 541 ορον
1001 486 1024 532 ἡ
1041 485 1198 533 τοιαύτη
1218 485 1424 535 γραφή...
1447 484 1496 521 τὰ
1516 483 1558 520 δὲ

107 547 246 596 ἀρχαῖα
257 549 380 594 βιβλιά
397 546 500 582 καὶ“
475 561 498 592 η
519 543 656 593 ἀρχαία
672 544 799 592 γραφὴ
812 540 888 581 ουἰι
907 543 981 589 ἔχει
1000 543 1044 580 τὸ
1062 541 1115 590 ,,ἤ
1129 557 1231 585 τινος
1247 541 1325 580 ἀπό
1339 543 1476 584 τινος”.
1500 542 1556 576 lb·

198 605 286 649 διχῆ
304 603 345 639 δὲ
371 602 551 650 λαμβάνει
578 600 648 648 τὴν
661 600 868 671 διαφρρὰν
879 601 948 645 τῆς
963 613 1004 636 τε
1028 599 1292 646 ἀποδεικτικῆς
1305 600 1370 636 καὶ
1386 601 1452 646 τῆς
1473 602 1554 637 δια-
1571 602 1616 636 94
1632 614 1653 636 a

106 661 284 705 λεκτικῆς,
307 657 383 695 ἀπό
410 672 452 695 τε
473 661 540 704 τῆς
568 655 659 704 υλης
683 658 748 694 καὶ
771 657 846 694 ἀπὸ
872 658 940 702 τῆς
964 655 1137 702 χρήσεως.
1183 658 1351 693 Ammon.
1571 649 1617 681 22

149 746 153 749 .
196 716 243 760 „6
272 714 556 752 ἀποδεικνύωνῖἲ
593 713 679 752 ἀντὶ
705 717 774 752 τοῦ
808 712 1068 755 ἀποδεικτικὰς
1095 714 1160 749 καὶ
1192 712 1239 757 „6
1278 713 1448 761 ἐρωτῶν”
1470 709 1556 749 ἀντὶ
1571 715 1654 751 2421

106 774 177 810 τοῦ
193 773 214 810 6
241 770 482 813 διαλεκτικός.
528 771 583 806 Id.
652 782 657 786 ·
1572 761 1619 795 26

197 829 312 866 πάλιν
332 829 372 866 δὲ
399 828 569 865 ἐνταῦθα
584 827 631 863 τὰ
655 825 819 874 ἀρχαίως
843 826 1078 875 γεγραμμένα
1095 827 1220 891 βιβλία
1239 822 1306 862 οὔκ
1323 825 1395 871 ἕχει
1409 823 1452 861 τὸ
1472 823 1557 870 (τὸν
1573 828 1619 861 24
1633 842 1653 864 a

106 886 192 932 ms.)
212 886 338 930 „tn-69
353 882 431 922 ἀπό
446 886 576 928 τινος,’
579 881 702 920 ’ἀλλὰ
719 883 837 930 μόνον
853 883 896 920 τὸ
915 883 1044 928 ,,τινὸς
1059 881 1156 919 κατά
1171 896 1285 924 τινος.
1288 883 1309 899 ”
1352 883 1406 917 ld.
1573 874 1618 908 29

199 941 368 978 ἐνταῦθα
393 939 469 977 ἀπὸ
494 944 564 986 τῆς
584 938 676 986 υλης
698 940 878 988 λαμβάνει
906 940 976 986 τὴν
996 938 1188 987 διαφοραν
1209 941 1279 985 τῆς
1297 935 1559 984 ἀποδεικτικῆς
1574 941 1619 974 24
1634 956 1654 978 a

107 998 322 1046 προτάσεως
341 1011 436 1045 προς
446 1012 516 1042 την
533 997 778 1042 διαλεκτικήν.
825 999 879 1032 Id.
1574 987 1619 1020 30

198 1067 312 1101 ορους
340 1052 374 1090 δ’
405 1054 551 1089 ἐκάλεσε
575 1053 623 1089 τὰ
650 1052 766 1101 μόρια
790 1055 859 1100 τῆς
888 1051 1102 1101 προτάσεως
1134 1048 1210 1086 ἀπὸ
1239 1051 1455 1097 μεταφορᾶς
1482 1051 1558 1086 τῶν
1573 1054 1653 1091 241)

107 1125 205 1158 ορων
230 1112 306 1147 τῶν
325 1108 526 1156 ὁριζόντων
553 1109 598 1145 τοὶ
626 1112 765 1156 χωρία·
790 1111 853 1145 καὶ
870 1111 941 1155 τὴν
955 1108 1138 1156 πρότασιν
1153 1106 1239 1154 γὰρ·
1243 1107 1289 1143 τὰ
1305 1105 1478 1153 ὁρίζοντα
1493 1106 1559 1174 καὶ
1576 1100 1618 1134 16

107 1167 225 1205 οἱονεὶ
238 1166 459 1214 περιέχοντα
480 1167 549 1201 καὶ
562 1165 820 1218 ἀποκλείοντα.
867 1167 921 1200 ld.

198 1222 299 1260 οὕτω
317 1222 364 1268 δὴ
388 1223 453 1259 καὶ
472 1221 512 1258 ἐν
535 1224 590 1271 τῷ
605 1223 691 1268 περὶ
712 1214 907 1268 ἑρμηνείας
926 1220 1104 1256 σύνθεσιν
1124 1218 1272 1256 ἐκάλεσε
1296 1219 1368 1264 τὴν
1385 1217 1558 1263 κατάφα-
1572 1222 1618 1256 24
1633 1228 1654 1261 b

106 1292 177 1326 σιν,
207 1281 389 1327 διαίρεσιν
414 1279 455 1315 δὲ
476 1277 546 1324 τὴν
568 1277 778 1324 ἀπόφασιν,
808 1277 924 1323 λέγων
958 1277 1070 1324 ,,περὶ
1098 1275 1170 1322 γὰρ
1199 1274 1470 1320 συντιθεμένου
1496 1275 1560 1310 καὶ
1578 1267 1619 1302 17

107 1336 375 1383 διαιρουμένου
393 1335 470 1372 ἐστὶ
486 1333 528 1371 τὸ
550 1337 695 1381 ’ψεῦδος
717 1334 782 1371 καὶ
801 1334 845 1370 τὸ
865 1333 1028 1381 ἀληθές”
1075 1358 1085 1368 .
1098 1360 1107 1368 .
1132 1346 1255 1373 ουτως
1275 1330 1295 1368 6
1313 1330 1561 1379 Ἀλέξανδρος,

108 1393 129 1428 6
159 1393 200 1430 δὲ
225 1393 338 1439 μέγας
361 1391 570 1438 φιλόσοφος
588 1391 802 1440 βαθύτερον
826 1391 890 1426 καὶ
917 1389 1176 1437 ἀκριβέστερον
1200 1387 1445 1434 εξηγουμενος
1467 1386 1564 1433 λέγει

108 1447 169 1487 ὅτι
190 1449 233 1486 τὸ
261 1446 309 1495 ,,ἢ
337 1448 633 1495 προστιθεμένου
650 1469 696 1474 -
713 1446 740 1494 ἢ
764 1447 815 1494 μὴ
840 1445 958 1484 εἶναι”
973 1447 1020 1482 τὰ
1039 1445 1208 1493 διάφορα
1226 1447 1308 1491 εἴδη
1323 1446 1400 1481 τοῖν
1418 1444 1564 1491 προτά-

110 1518 205 1543 σεων
219 1507 408 1551 σημαίνει·
432 1506 508 1540 τῶν
525 1505 596 1551 γὰρ
611 1505 830 1552 προτάσεων
846 1504 887 1540 αὶ
914 1503 981 1550 μὲν
998 1500 1167 1539 αὐτόθεν
1183 1502 1307 1547 ἔχουσι
1319 1500 1388 1537 τὸν
1403 1513 1564 1546 κατηγο-

109 1562 292 1611 ρούμενον
322 1561 412 1608 ὅρον
440 1563 493 1610 τῷ
523 1560 754 1609 ὗποκειμένῳ
787 1560 1086 1607 συναπτόμενον,
1121 1559 1163 1595 αἱ
1188 1559 1230 1595 δὲ
1253 1557 1296 1595 τὰ
1334 1558 1411 1594 ἔστι
1437 1559 1564 1605 τρίτον

109 1617 552 1667 προσκατηγοροτίμενον,
576 1618 618 1654 αἱ
647 1618 688 1654 δὲ
709 1617 803 1665 μετὰ
826 1616 983 1666 τρόπου.
1032 1614 1147 1652 πάλιν
1166 1616 1208 1651 αὶ
1233 1629 1302 1661 μεν
1323 1614 1443 1650 ἁπλαῖ
1459 1616 1564 1657 εἰσιν,

111 1677 152 1712 αὶ
177 1675 218 1712 δε
249 1676 290 1712 ἐκ
313 1675 577 1726 μεταθέσεως.
606 1676 720 1711 τοῦτο
756 1676 926 1720 σημαινει
953 1674 1145 1718 ἐνταῦθα,
1170 1686 1231 1710 οτι
1254 1673 1359 1707 πᾶσα
1381 1670 1565 1739 πρότασις

112 1730 203 1774 εἰς”
180 1745 293 1779 ορους
313 1730 518 1768 διαλυεται.
543 1756 573 1767 ..
588 1758 597 1766 .
644 1730 669 1777 ἢ
698 1730 875 1771 σύνθεσις
898 1744 968 1766 ουν
990 1731 1060 1765 τοῦ
1083 1728 1160 1765 ἔστι
1177 1729 1349 1774 σημαίνει
1375 1727 1444 1769 τὰς
1469 1725 1564 1773 μετὰ

110 1788 256 1836 τρόπον
272 1787 481 1835 προτάσεις,
503 1788 529 1834 ἦ
549 1787 590 1824 δὲ
608 1789 789 1835 διαίρεσις
803 1788 874 1823 τοῦ
890 1785 942 1832 μὴ
960 1784 1058 1822 εἶναι
1081 1787 1253 1831 σημαίνει
1274 1783 1344 1825 τὰς
1362 1782 1455 1830 μετὰ
1471 1782 1564 1830 τρό-

111 1859 188 1882 που
209 1845 251 1881 ἐκ
266 1845 512 1890 μεταθέσεως.
558 1845 611 1879 Id.

206 1900 441 1946 ,,τεθέντων”
458 1900 498 1937 δε
515 1898 600 1935 ἀντὶ
617 1913 685 1935 του
670 1898 1021 1945 ὁμολογηθέντων·
1046 1899 1111 1934 καὶ
1121 1911 1192 1945 γαρ
1209 1896 1330 1938 αὐτὰς
1340 1894 1410 1937 τὰς
1424 1895 1563 1942 προτά-
1579 1897 1624 1930 24
1636 1896 1659 1929 b

113 1969 191 1999 σεις
217 1956 239 1993 6
273 1956 434 1993 Πλάτων
465 1955 729 2002 ὁμολογήματα
755 1958 870 1991 καλεῖ.
918 1955 982 1990 καὶ
1008 1956 1195 2000 πολλαχοῦ
1225 1955 1322 1999 λέγει
1353 1952 1458 1996 „olna
1487 1966 1564 1988 των
1582 1942 1624 1976 19

113 2013 429 2060 οἳμολογημένων”
455 2013 538 2048 ἀντὶ
566 2013 637 2048 τοῦ
660 2009 737 2047 ἀπὸ
764 2013 842 2046 τοῖν
861 2011 1050 2058 ῥηθεισῶν
1065 2009 1306 2057 προτάσεων,
1330 2009 1368 2045 οἱ
1387 2008 1428 2044 δὲ
1445 2012 1564 2045 Στωϊ-

112 2070 175 2107 κοὶ
197 2068 393 2116 ἀξιώματα
408 2065 507 2105 αὐτὰ
532 2068 691 2105 ἐκάλουν
710 2067 774 2104 καὶ
797 2068 982 2113 λήμματα.
1005 2093 1013 2102 .
1026 2095 1034 2103 .
1049 2095 1057 2103 .
1074 2066 1173 2108 τινὲς
1194 2067 1235 2103 δὲ
1259 2065 1303 2102 τὸ
1330 2065 1566 2111 ,,τεθέντων”

113 2127 281 2172 λέγουσιν
299 2124 417 2163 αὐτὸν
435 2126 623 2172 εἰρηκέναι
642 2123 727 2160 ἀντὶ
742 2125 815 2160 τοῦ
835 2124 1171 2171 κατηγορηθέντων
1192 2147 1240 2158 ...
1264 2121 1308 2158 τὸ
1330 2122 1568 2166 ,,τεθέντων”

114 2182 162 2219 ου’
178 2181 275 2230 πρὸς
298 2181 499 2228 διαστολὴν
513 2183 590 2218 τῶν
600 2180 843 2218 fiune-suu&
862 2182 1114 2226 συλλογισμῶν
1136 2181 1282 2226 εἴρηται
1298 2206 1306 2215 .
1319 2205 1325 2213 .
1338 2204 1346 2213 .
1360 2176 1404 2214 τὸ
1426 2177 1468 2214 δὲ
1487 2191 1567 2223 „tt-

114 2240 214 2276 νῶν”
250 2237 330 2275 εἶπε
356 2241 530 2285 διορίζων
557 2236 676 2274 αὐτὸν
700 2235 775 2273 ἀπὸ
795 2238 872 2273 τῶν
893 2235 1190 2282 μονολημμάτων
1222 2236 1485 2279 συλλογισμῶν.
1510 2259 1542 2268 ..
1557 2259 1567 2268 .

116 2294 245 2341 ἐπειδὴ
262 2294 305 2331 τὸ
324 2294 420 2331 κατὰ
434 2294 506 2340 τὴν
525 2293 687 2341 ὕπαρξιν
704 2294 771 2340 μὲν
789 2292 995 2338 ἀναγκαῖον
1011 2292 1059 2329 οὖ
1074 2292 1190 2328 παντὶ
1207 2291 1434 2337 συλλογισμῷ
1447 2288 1570 2334 ὑπάρ-

115 2365 182 2398 χει,
205 2350 247 2388 τὸ
272 2351 313 2388 δὲ
340 2350 436 2387 κατὰ
456 2349 527 2397 τὴν
547 2349 779 2387 ἀκολουθίαν
801 2351 928 2392 παντί,
951 2347 1016 2385 διοὶ
1039 2350 1152 2385 τοῦτο
1168 2346 1249 2384 εἶπε
1267 2346 1310 2383 τὸ
1326 2345 1570 2392 ,,συμβαίνει”

116 2406 201 2444 ἀντὶ
219 2409 288 2445 τοῦ
307 2406 522 2444 ἀκολουθεῖ.
550 2432 560 2442 .
572 2434 580 2442 .
591 2434 600 2442 .
624 2407 721 2448 τινες
730 2406 771 2443 δὲ
786 2405 973 2451 ἐνόμισαν,
992 2402 1052 2441 ὅτι
1064 2403 1107 2440 τὸ
1128 2406 1206 2452 ,,τῷ
1218 2406 1340 2440 ταῦτα
1354 2401 1473 2439 εἶναι”
1489 2399 1570 2438 εἶπε

117 2463 184 2502 διὰ
208 2464 298 2506 τούς
325 2463 552 2510 θελομένους
581 2465 673 2510 (leg.
697 2462 967 2508 καλουμένους)
988 2459 1076 2507 παρ’
1102 2458 1207 2508 αὐτῷ
1238 2459 1379 2499 ἀτελεῖς
1405 2461 1571 2503 συλλογι-

117 2520 245 2567 σμούς.
271 2546 281 2556 .
295 2545 327 2557 ..
351 2521 373 2557 6
400 2520 441 2557 δὲ
460 2518 614 2565 Βοηθὸς
639 2519 838 2561 ἑνδέκατος
860 2517 936 2555 ἀπὸ
961 2516 1230 2565 Ἀριστοτέλους
1244 2515 1440 2561 γενόμενος
1463 2514 1571 2550 ἐναν-

117 2578 208 2618 τίως
239 2578 294 2622 τῷ
321 2577 557 2624 Ἀριστοτέλει
592 2577 678 2623 περὶ
709 2576 848 2612 τούτου
878 2575 1031 2618 ἐδόξασε
1067 2574 1132 2609 καὶ
1161 2574 1282 2613 καλῶς
1319 2570 1472 2614 ἐδόξασε
1506 2570 1572 2606 καὶ

119 2630 334 2677 ἀπέδειξεν,
357 2631 416 2670 ὅτι
434 2632 573 2674 πάντες
598 2633 635 2668 οἱ
657 2632 696 2668 ἐν
725 2631 885 2680 δευτέρῳ
912 2631 976 2667 καὶ
1001 2631 1113 2677 τρίτῳ
1132 2628 1290 2674 σχήματι
1307 2627 1441 2663 τέλειοί
1465 2628 1571 2664 εἰσιν.

118 2689 240 2738 τούτῳ
264 2689 501 2736 ἠκολούθησε
525 2688 746 2736 Πορφύριος
774 2688 840 2724 καὶ
871 2686 1090 2734 Ἱάμβλιχος,
1120 2685 1175 2721 ἔτι
1194 2686 1322 2731 μέντοι
1345 2684 1410 2720 καὶ
1435 2682 1456 2720 6
1476 2680 1571 2719 Μά-

119 2746 226 2791 ξιμος
246 2743 437 2793 ἀκροατὴς
462 2741 510 2792 ἦν
530 2744 660 2793 Ἱερίου
679 2746 750 2781 τοῦ
766 2745 970 2791 Ἰαμβλίχου
996 2741 1209 2790 ἀκροατοῦ,
1232 2740 1298 2777 καὶ
1315 2741 1511 2786 Θεμίστιος
1528 2739 1568 2775 δὲ

121 2799 143 2838 6
163 2802 436 2851 παραφραστὴς
448 2803 516 2850 τῆς
531 2803 704 2844 ἐναντίας
719 2799 862 2849 ἐγένετο
878 2799 990 2846 δόξης
1006 2800 1075 2846 τῆς
1095 2798 1160 2836 καὶ
1175 2798 1229 2847 τῷ
1242 2794 1477 2846 Ἀριστοτέλει
1501 2797 1569 2833 δο-
