1838 3086
701 195 1078 231 Hermeneutica.
1555 189 1632 229 331

234 297 335 351 Gap.
360 298 401 337 4.
439 297 658 351 Definitur
695 297 843 336 oratio.
902 297 949 333 Π
965 308 987 333 a
1005 296 1024 332 1
1054 293 1122 333 De
1150 290 1444 332 enuntiatione
1480 291 1528 329 in
1561 303 1634 329 se-

128 363 350 417 quemibus
380 368 531 415 agetur
559 363 717 402 omv'sst’s
743 360 913 413 reliquis
942 359 1144 397 orationis
1171 354 1407 410 generibus.

126 427 280 467 161126
306 425 447 478 λόγος.
478 428 675 464 14072123
703 423 830 476 λόγος
857 420 904 463 δὲ
930 421 1055 475 φωνὴ
1084 419 1272 473 συνθετὴ
1300 416 1559 470 σημαντική,
1585 409 1637 470 ἧς

179 489 272 533 ἔνια
298 489 404 542 μέρη
426 488 528 530 καθ’
558 487 667 530 αὐτὰ
696 487 893 540 σημαίνει
919 501 980 527 τι·
1012 487 1064 527 οὐ
1092 484 1216 539 γὰρ
1196 485 1308 533 άπας
1334 483 1461 536 λόγος
1489 481 1536 522 ἐκ
1565 480 1636 535 ῥη-

178 556 327 607 μάτων
367 553 438 595 aaz
475 553 700 605 ὀνομάτων
728 552 963 604 σύγκειται,
995 546 1090 592 οἷον
1119 551 1143 592 ὁ
1170 554 1249 592 τοῦ
1278 549 1517 602 ἀνθρώπου
1546 546 1636 598 ὁρι-

178 619 305 671 σμός,
342 619 432 659 ἀλλ’
470 617 678 671 ἐνδέχεται
714 619 820 657 ἄνευ
849 616 1051 669 ῥημάτων
1080 612 1190 657 εἶναι
1216 616 1358 668 λόγον.
1386 614 1515 666 μέρος
1543 611 1638 665 μέν-

177 697 245 724 τοι
268 683 332 723 οὶεί
354 698 393 723 τι
416 685 628 736 σημαῖνον
650 681 740 732 ἕξει,
771 676 865 722 οἷον
895 681 941 722 ἐν
969 683 1028 737 τῷ
1058 681 1218 733 βαδίζει
1246 678 1398 721 Κλέων
1427 678 1451 720 ὁ
1474 677 1637 719 Κλέων.

178 751 380 788 1404b26
415 748 556 788 ὄντων
597 747 635 788 δ’
676 746 903 797 ὀνομάτων
939 744 1012 787 καὶ
1050 745 1252 799 ῥημάτων
1291 743 1332 794 ἐξ
1371 736 1433 786 ὧν
1461 743 1484 785 ὁ
1511 742 1639 796 λόγος

179 811 449 866 συνέστηκεν.
513 814 617 852 Duas
655 813 778 866 igitur
806 812 1047 852 Aristoteles
1077 817 1212 864 partes
1242 811 1431 849 orationis
1459 809 1639 857 (Lersch

177 877 589 930 Sprachphilosophie
617 878 690 916 der
717 878 833 916 Alten
865 891 903 928 p.
935 879 1141 923 11—21),
1171 876 1315 926 quibus
1343 880 1476 914 tamen
1502 873 1638 920 (Poet-

180 955 214 980 c.
243 944 315 986 20)
346 939 588 990 σύνδεσμον
616 946 656 979 et
683 941 856 992 ἄρθρον
883 941 1056 980 adiicere
1085 941 1251 987 videtur,
1282 944 1324 978 ut
1353 942 1543 989 quattuor
1571 950 1640 976 ex-

179 1009 299 1044 stent.
356 1005 580 1044 Difficultas
622 1018 670 1044 eo
708 1007 886 1053 tollitur,
922 1005 1027 1056 quod
1066 1006 1131 1044 ubi
1161 1005 1212 1042 de
1241 1005 1381 1055 primis
1409 1004 1539 1053 iisque
1568 1015 1639 1040 ne-

179 1069 364 1107 cessariis
393 1069 583 1107 orationis
612 1081 712 1119 qnae
741 1070 902 1121 proprie
931 1070 1081 1108 dicitur
1108 1068 1169 1115 (h.
1197 1081 1232 1107 e.
1262 1069 1342 1107 τοῦ
1370 1065 1544 1118 πρώτου
1573 1064 1640 1106 λό-

176 1146 260 1184 γου
289 1131 614 1183 ἀποφαντικοῦ,
644 1135 710 1185 qui
738 1133 932 1184 simplicis
959 1134 1127 1172 nominis
1157 1137 1199 1171 et
1224 1133 1335 1171 verbi
1365 1132 1642 1170 coniunctione

177 1198 420 1243 continetur}
462 1199 642 1249 partibus
686 1198 883 1248 loquitur,
938 1198 1037 1235 duas
1084 1203 1236 1236 tantum
1278 1202 1411 1247 partes
1445 1197 1640 1246 agnoscit,

178 1262 244 1300 ubi
274 1275 366 1300 vero
395 1263 582 1301 orationis
614 1268 769 1314 partem
795 1262 892 1301 dicit
920 1262 1186 1312 quodcunque
1214 1261 1252 1299 in
1273 1273 1460 1299 sermone
1483 1260 1639 1311 profer-

179 1330 271 1372 tur,
307 1332 494 1376 quattuor
530 1332 664 1378 partes
706 1326 930 1378 distinguit.
986 1326 1124 1365 Simile
1162 1326 1376 1375 quidquam
1409 1325 1642 1364 Ammonius

176 1390 334 1428 videtur
363 1391 400 1428 in
432 1396 564 1428 mente
592 1391 781 1429 habuisse
811 1391 956 1437 (schol.
985 1392 1155 1434 99a10)
1185 1387 1291 1441 μέρη
1320 1386 1367 1428 δὲ
1395 1388 1476 1429 οὐκ
1504 1386 1560 1428 ἂν
1578 1387 1643 1428 λέ-

178 1466 299 1505 γοιτο
323 1452 498 1501 δικαίως
517 1452 544 1493 ἄ
563 1467 612 1505 γε
632 1452 689 1506 μὴ
715 1453 924 1494 δύνανται
948 1453 1211 1494 συντεθέντα
1231 1455 1332 1494 καθ’
1360 1450 1492 1494 ἑαυτὰ
1512 1453 1642 1494 πλείω

181 1513 446 1568 ἐργάσασθαι
475 1518 617 1569 λόγον.
647 1517 781 1569 λόγου
809 1518 888 1570 μὲν
916 1514 997 1558 οὖν
1024 1521 1160 1560 ταῦτα
1190 1517 1447 1570 (σύνδεσμοι
1468 1517 1542 1559 καὶ
1570 1520 1646 1572 ἄρ-

182 1584 273 1632 θρα
293 1580 366 1623 καὶ
394 1581 618 1635 προθέσεις
645 1580 718 1622 καὶ
745 1581 853 1623 αὐτὰ
880 1582 933 1623 τὰ
952 1580 1240 1636 ἐπιρρήματα)
1269 1583 1323 1623 οὐ
1351 1581 1470 1636 μέρη,
1498 1582 1647 1634 λέξεως

181 1645 228 1687 δὲ
255 1647 374 1700 μέρη,
403 1640 455 1700 ἧς
481 1646 553 1688 καὶ
580 1647 604 1688 ὁ
632 1648 759 1700 λόγος
788 1646 916 1695 αὐτὸς
943 1646 1093 1700 μέρος,
1132 1648 1328 1700 καθάπερ
1358 1647 1405 1688 ἐν
1431 1651 1522 1697 τοῖς
1549 1647 1646 1701 περὶ

179 1714 402 1764 ποιητικῆς
441 1713 487 1758 (l.
518 1713 565 1758 l.)
595 1711 767 1764 εἴρηται.
797 1734 850 1739 -
887 1713 1026 1752 Oratio
1066 1726 1187 1764 quum
1224 1714 1418 1752 consistat
1458 1727 1481 1752 e
1517 1716 1647 1754 nomi-

183 1777 298 1816 nibus
327 1782 368 1815 et
394 1776 732 1824 verbis‚11ecesse
761 1774 836 1821 est,
867 1777 955 1826 qnia
984 1783 1118 1827 partes
1147 1781 1240 1815 sunt
1268 1775 1376 1816 κατὰ
1405 1778 1650 1831 συνθήκην,

182 1839 271 1892 ipsa
299 1841 351 1878 sit
378 1837 486 1879 κατὰ
514 1839 764 1892 συνθήκην;
802 1840 984 1878 brevitati
1012 1844 1170 1887 autem,
1209 1854 1285 1890 qua
1314 1842 1558 1881 Aristoteles
1586 1845 1646 1883 uti

152 1910 154 1912 '
183 1904 309 1952 solet,
352 1918 491 1955 parum
531 1906 712 1944 convenit
732 1910 775 1943 ut
804 1916 996 1955 expresse
1025 1905 1130 1942 dicat
1158 1906 1263 1955 quod
1292 1905 1414 1944 facile
1443 1904 1644 1960 intelliga-

179 1972 268 2016 tur,
306 1968 541 2019 praesertim
579 1981 698 2018 quum
738 1981 788 2016 ne
815 1969 854 2006 in
883 1968 1118 2006 definitione
1148 1969 1307 2018 quidem
1338 1971 1449 2008 verbi
1479 1975 1557 2016 [vs.
1585 1975 1646 2019 6.)

182 2033 260 2071 hoc
295 2033 563 2071 adiiciendum
601 2033 811 2083 putaverit.
880 2031 1096 2071 Praeterea
1135 2034 1254 2071 verba
1282 2031 1390 2074 κατὰ
1418 2035 1647 2089 συνθήκην

183 2110 314 2148 neque
351 2097 482 2135 versio
512 2097 728 2135 Boethiana
767 2097 887 2134 habet
924 2109 1053 2147 neque
1087 2097 1339 2147 Ammonius,
1378 2101 1444 2149 qui
1486 2102 1561 2140 ista
1597 2104 1645 2142 ab

184 2161 405 2199 Aristotele
428 2162 712 2211 praetermissa
735 2173 827 2200 esse
853 2161 951 2199 dicit
979 2162 1126 2205 (schol.
1160 2163 1346 2208 108a4):
1376 2176 1498 2213 quare
1526 2167 1645 2206 etiam

155 2222 157 2226 ’
187 2236 258 2262 nos
286 2223 526 2262 reiecimns:
563 2230 728 2276 recepta
767 2229 902 2264 autem
940 2226 1123 2264 videntur
1151 2227 1190 2264 in
1220 2232 1451 2266 contextum
1481 2234 1648 2280 propter

189 2299 236 2326 ea
264 2300 367 2337 quae
395 2288 579 2337 leguntur
609 2291 738 2327 17a2.
778 2289 876 2328 ltem
906 2303 963 2329 vs.
991 2292 1043 2328 28
1071 2292 1191 2328 verba
1219 2288 1246 2342 ἢ
1275 2289 1492 2342 ἀπόφασις
1519 2294 1647 2334 aliena

188 2364 308 2391 manu
348 2351 481 2390 addita
521 2352 705 2391 videntur
733 2366 755 2391 e
786 2366 840 2392 vs.
871 2356 942 2392 30:
986 2367 1109 2405 qnare
1139 2367 1227 2393 cnm
1258 2357 1467 2395 Ammonio
1495 2363 1538 2397 et
1567 2364 1643 2399 vet.

188 2417 286 2467 intp.
317 2416 382 2453 lat.
411 2428 457 2454 ea
497 2416 703 2455 omisimus
741 2417 902 2456 eosdem
934 2420 1092 2456 codices
1123 2421 1276 2466 secuti,
1314 2434 1551 2472 quamquam
1580 2436 1644 2463 re-

184 2481 286 2519 tinet
312 2481 445 2519 versio
474 2480 692 2519 Boethiana
720 2482 868 2528 (schol.
902 2485 1006 2521 loga
1029 2488 1108 2522 not.
1130 2485 1186 2529 1).
1218 2485 1322 2533 Quid
1353 2486 1578 2525 Alexander
1606 2492 1646 2527 et

190 2544 442 2595 Porphyrius
465 2545 690 2593 habuerint,
713 2558 761 2585 ex
783 2559 950 2596 quorum
972 2549 1268 2587 commentariis
1297 2549 1493 2589 Boethius
1518 2551 1647 2591 multa

189 2608 320 2656 affert,
347 2608 543 2647 incertum
573 2614 649 2650 est.

138 2673 225 2711 1612
241 2675 293 2710 30
320 2670 409 2712 ἀλλ’
440 2670 535 2724 οὐχὶ
561 2675 667 2713 τοῦ.
685 2703 695 2715 .
711 2703 722 2715 .
747 2687 877 2726 neque
912 2680 1046 2715 tamen
1084 2681 1387 2728 quantacunque
1420 2690 1515 2730 pars
1558 2692 1648 2720 ora-

190 2736 309 2779 tionis
335 2738 533 2790 significat
559 2739 734 2790 aliquid:
769 2752 899 2791 neque
931 2741 1040 2780 *enim
1068 2754 1146 2781 una
1175 2742 1327 2793 syllaba
1355 2742 1439 2783 sola
1467 2745 1647 2785 vocabuli
