1884 3100
695 209 994 256 categoriae.
1520 209 1598 249 301

89 311 185 351 'xm
214 314 256 350 et
284 311 336 349 14
372 308 565 348 Codicum
601 310 877 349 auctoritatem
919 322 1008 348 cum
1046 307 1207 348 Boethii
1235 307 1475 347 auctoritate
1503 322 1596 349 con-

140 376 314 415 iunctam
343 374 473 412 secuti
504 386 655 414 sumus.

88 440 211 478 ‘11123
240 438 418 488 „Scibile
442 438 543 476 enim
575 437 739 476 scientia
766 436 876 488 prius
906 437 1140 475 naturaliter
1166 448 1258 475 esse
1279 434 1465 475 videtur’'
1494 436 1598 476 Boe-

140 504 260 542 thius.
288 502 384 540 ltem
406 502 600 540 collocata
619 502 720 539 haec
742 500 861 538 verba
883 500 998 539 affert
1012 501 1239 551 Simplicius
1257 501 1402 546 (schol.
1415 504 1599 547 892137).

140 567 250 605 Idem
278 567 429 605 habent
455 565 546 605 edd.
572 565 739 615 priores,
770 577 868 614 quas
897 570 937 602 et
965 565 1031 602 hic
1060 565 1189 602 secuti
1218 577 1356 604 sumus
1385 571 1427 604 et
1453 578 1512 604 vs.
1532 568 1598 606 30.

86 633 195 678 881,
227 633 265 678 2,
297 633 334 677 5,
369 631 393 665 7
423 632 464 666 et
495 631 522 665 9
548 641 650 678 quae
686 628 914 678 recepimus
954 629 1239 667 confirmantur
1275 630 1458 668 versione
1494 630 1599 668 Boe-

138 694 292 731 thiana:
337 703 459 742 quare
498 691 619 729 etiam
649 691 772 729 71139
809 704 858 729 ex
897 692 1040 730 iisdem
1071 692 1276 731 codicibus
1306 694 1600 732 restituendum

140 756 364 808 putavimus
392 752 626 806 ἀνῄρηταιε
662 757 757 792 889
796 760 928 794 autem
970 758 1090 795 verba
1129 756 1241 807 ζῷον
1267 754 1295 808 ἢ
1326 758 1454 796 aliena
1483 769 1600 797 manu

139 821 277 859 addita
304 832 395 858 esse
423 821 517 858 satis
546 824 727 870 apertum
758 822 831 859 est.

86 887 180 924 sas>
208 879 266 924 ἔτι
292 882 321 936 ἠ
349 882 503 934 μὲν...
524 884 650 923 Addit
687 883 800 922 nliam
836 884 1030 922 rationem
1060 896 1138 934 qua
1166 884 1311 936 probet
1338 885 1507 924 sublatis
1535 898 1602 925 re-

140 949 214 987 bus
243 961 344 998 quae
372 948 445 986 sub
476 959 637 987 sensum
666 947 809 986 cadant
836 948 923 987 tolli
951 961 1136 995 sensum,
1176 961 1298 988 sensu
1336 949 1494 989 sublato
1522 962 1602 988 non

139 1013 226 1050 tolli
257 1012 359 1052 illas.

86 1078 206 1115 8³28
234 1073 270 1114 εἰ
296 1073 375 1126 μὲν
404 1069 555 1115 οὖν...
581 1076 623 1115 Si
652 1080 764 1115 recte
793 1076 1044 1115 definivimus
1071 1074 1124 1116 τὰ
1151 1075 1261 1128 πρός
1286 1089 1341 1124 τι,
1369 1081 1414 1117 ut
1443 1077 1525 1116 sint
1553 1090 1603 1116 ea

138 1152 253 1190 quae,
282 1153 403 1190 quum
432 1140 748 1192 pronuntientur,
781 1141 831 1179 ad
860 1141 937 1180 alia
965 1142 1105 1192 ntique
1126 1142 1366 1188 referantur,
1387 1141 1603 1181 nonnullae

141 1204 386 1243 substantiae
423 1204 463 1242 in
497 1216 664 1241 numero
691 1204 779 1243 τῶν
806 1203 913 1254 πρός
940 1218 980 1244 τι
1008 1218 1085 1244 non
1114 1206 1252 1244 haberi
1279 1218 1358 1244 non
1385 1210 1603 1257 poterunt:

139 1267 201 1306 sin
240 1271 374 1306 autem
403 1267 583 1305 definitio
611 1267 665 1305 ita
705 1269 940 1318 corrigenda
970 1273 1053 1317 est,
1097 1273 1140 1307 ut
1167 1267 1219 1308 τὰ
1245 1268 1354 1320 πρός
1380 1283 1422 1309 τι
1449 1270 1529 1308 sint
1556 1281 1604 1308 ea

139 1344 241 1382 quae
267 1343 342 1369 non
375 1331 456 1368 sint
483 1330 560 1367 nisi
587 1336 781 1380 quatenus
802 1333 1034 1371 referantur
1053 1333 1102 1371 ad
1134 1334 1210 1372 alia
1241 1337 1338 1384 (qua
1367 1334 1603 1373 definitione

139 1396 265 1434 utitur
287 1395 363 1432 142
378 1408 398 1432 a
411 1396 476 1440 29,
493 1406 655 1444 v.supra
675 1407 715 1445 p.
730 1398 809 1434 266
829 1402 869 1435 et
894 1398 1005 1435 146b
1019 1399 1042 1434 3
1058 1395 1218 1445 παντὸς
1239 1396 1322 1449 γὰρ
1333 1400 1413 1438 τοῦ
1435 1396 1544 1447 πρός
1565 1408 1606 1437 τι

138 1458 167 1512 ἦ
196 1458 323 1498 οὐσία
349 1457 458 1509 πρὸς
486 1455 676 1507 ἕτερον),
707 1459 837 1498 refelli
865 1461 1013 1511 poterit
1041 1462 1107 1511 qui
1135 1464 1327 1512 quasdam
1356 1462 1603 1502 substantias

136 1524 175 1562 in
214 1537 382 1562 numero
418 1523 507 1562 τῶν
555 1521 664 1572 πρός
699 1535 739 1562 τι
776 1524 980 1563 ducendas
1030 1537 1122 1563 esse
1164 1531 1279 1576 putet
1329 1530 1439 1574 (nom
1480 1525 1604 1564 verba

136 1586 246 1637 πρὸς
280 1589 417 1628 ταῦτα
446 1587 672 1638 significant
707 1585 786 1639 τὴν
814 1586 1135 1640 ἀμφισβήτησιν
1164 1603 1280 1641 quam
1311 1602 1603 1629 commemora-

138 1653 192 1690 vit
229 1665 288 1693 vs,
319 1655 418 1698 26):
459 1651 656 1701 siquidem
707 1653 813 1703 prior
853 1653 928 1691 ista
974 1653 1154 1692 definitio
1192 1655 1403 1694 conveniet
1440 1655 1602 1705 quidem

138 1717 320 1756 omnibus
341 1729 446 1767 quae
466 1720 559 1754 sunt
592 1714 700 1765 πρός
726 1728 767 1754 τι
795 1722 835 1754 et
864 1716 1086 1767 praedicari
1115 1718 1167 1755 de
1194 1719 1241 1756 iis
1270 1719 1437 1769 poterit,
1466 1729 1599 1769 neque

137 1785 273 1819 tamen
294 1786 475 1818 naturam
498 1791 635 1816 eorum
657 1780 712 1817 ita
741 1780 943 1830 exprimit,
973 1784 1018 1818 ut
1047 1781 1299 1819 satisfactum
1329 1782 1381 1820 sit
1408 1781 1472 1830 iis,
1502 1793 1604 1832 quae

138 1843 187 1882 ad
216 1843 439 1894 perfectam
468 1842 742 1881 definitionem
770 1844 1034 1893 requirantur.
1077 1844 1311 1895 Gumposch
1339 1845 1366 1885 Ι.
1398 1857 1433 1883 c.
1460 1858 1497 1895 p.
1527 1847 1604 1883 59:

138 1906 265 1955 „Man
289 1907 410 1952 sient,
438 1906 526 1944 dass
556 1906 620 1944 die
649 1906 730 1945 alte
750 1906 963 1945 Definition
991 1908 1093 1946 auch
1124 1908 1274 1946 bereits
1297 1909 1396 1960 jene
1415 1907 1603 1947 {dentitiit

139 1971 211 2009 des
240 1970 446 2008 Relatums
484 1969 565 2008 und
606 1969 677 2008 des
706 1970 929 2009 Bestehens
965 1971 1036 2008 des
1066 1971 1182 2010 Seins
1212 1973 1250 2010 in
1279 1972 1480 2011 Affection
1508 1984 1602 2010 aus-

137 2034 332 2086 spricht''.
389 2033 487 2083 Quis
517 2037 592 2080 est,
621 2046 796 2084 quaeso,
839 2035 904 2083 qui
933 2034 1010 2072 hoc
1039 2035 1206 2073 videat?
1234 2035 1318 2074 lmo
1347 2034 1601 2073 manifestum

138 2104 201 2138 est
238 2099 345 2149 quod
382 2097 422 2136 in
456 2097 579 2148 priori
607 2097 840 2135 definitione
867 2110 943 2136 non
972 2110 1105 2137 sermo
1135 2103 1198 2137 est
1227 2100 1278 2138 de
1307 2099 1393 2151 ipsu
1421 2111 1493 2146 re,
1530 2098 1602 2137 sed

138 2164 190 2201 de
218 2162 373 2201 ratione
401 2174 476 2210 qua
503 2161 726 2212 praedicari
755 2161 920 2209 debeat,
961 2175 1034 2213 per
1070 2163 1238 2202 alteram
1268 2175 1364 2202 vero
1391 2163 1517 2214 ipsius
1546 2162 1605 2201 rei

139 2229 279 2264 natura
307 2224 554 2273 exprimitur.

85 2290 206 2330 8229
233 2286 261 2340 ἢ
289 2287 377 2327 τῶν
396 2287 513 2326 πάνυ
536 2286 745 2339 χαλεπῶν.
776 2288 926 2329 Similis
951 2294 1013 2329 est
1032 2291 1219 2341 loquendi
1241 2290 1372 2329 forma
1395 2289 1602 2328 1340b24

136 2351 185 2393 ἓν
212 2351 295 2404 γάρ
332 2365 372 2391 τι
399 2352 487 2391 τῶν
515 2350 746 2392 ἀδυνάτων
774 2350 802 2404 ἢ
829 2354 1026 2404 χαλεπῶν
1052 2351 1148 2394 ἐστί.
1178 2356 1334 2393 642b6
1361 2357 1414 2406 τῇ
1441 2350 1520 2403 μὲν
1548 2351 1603 2393 οὐ

140 2415 293 2470 ῥᾴδιον
311 2421 364 2469 τῇ
386 2415 424 2456 δ’
451 2415 684 2457 ἀδύνατον.
717 2420 916 2457 1085329
946 2417 999 2458 οὐ
1027 2416 1182 2469 ῥᾴδιον
1207 2420 1349 2462 λῦσαι,
1378 2417 1415 2458 εἰ
1440 2416 1500 2471 μὴ
1528 2416 1602 2471 ῥᾴ-

139 2481 237 2522 διον
263 2480 330 2522 δεῖ
351 2477 491 2532 λέγειν
518 2478 567 2521 τὸ
595 2479 837 2530 ἀδύνατον,
867 2482 921 2522 cf.
950 2484 1143 2521 4361120.
1173 2485 1353 2521 &wal-‘3
1381 2481 1462 2522 εἴτε
1490 2481 1602 2523 α’δύ-

138 2559 271 2587 νατον
297 2544 355 2598 μὴ
381 2546 559 2597 θερμῶν
578 2546 718 2586 ὄντων
745 2545 1053 2598 ἀφροδισιάσαι
1082 2545 1162 2586 εἴτε
1191 2545 1389 2599 χαλεπόν.
1422 2550 1600 2588 185830

138 2609 175 2651 εἰ
203 2610 270 2651 δεῖ
292 2612 455 2651 ἄτοπον
483 2609 619 2662 λέγειν
651 2609 700 2650 τὸ
727 2609 957 2651 ἀδύνατον.

86 2677 206 2715 8234
233 2675 288 2715 Se
323 2676 458 2715 locum
488 2689 565 2715 non
593 2675 840 2715 intellexisse
871 2687 1058 2714 sermone
1085 2674 1214 2726 patrio
1243 2675 1444 2728 explicare
1470 2676 1596 2715 voluit

141 2739 292 2780 Buhle:
327 2741 424 2780 dicit
452 2740 557 2781 enim
585 2738 748 2790 „Etwas
775 2740 879 2779 kann
906 2739 947 2778 in
975 2739 1207 2790 Beziehung
1233 2739 1307 2779 auf
1330 2740 1394 2780 eiu
1420 2740 1592 2782 anderes
