1760 3112
228 190 282 229 26
549 191 609 224 De
641 190 882 224 codicibus
914 190 1112 234 graecis
1143 189 1332 236 Organiss

310 285 560 331 'neg-,1944
582 290 623 320 et
645 285 759 318 1945
792 286 940 319 eandem
972 286 1210 330 paraphrasin
1241 286 1374 319 habent
1405 295 1512 329 quam
1534 285 1638 327 1943,

231 342 322 375 alter
343 353 465 375 eorum
490 342 560 375 duo
585 340 803 384 exemplaria
826 352 977 384 quorum
1001 343 1098 386 prius
1121 345 1174 375 est
1194 342 1379 386 antiquius.
1425 342 1464 375 In
1486 340 1559 374 fine
1581 351 1643 374 cu-

231 397 354 440 iusque
386 398 512 440 capitis
543 397 718 430 adiectum
753 399 805 429 est
836 395 873 429 ἐν
903 395 957 435 οἷς
986 396 1009 438 ἦ
1043 397 1182 441 πρᾶξις.
1243 397 1399 431 Alterius
1429 395 1644 439 exemplaris

231 453 410 497 margines
432 453 633 495 superiores
662 451 884 485 madefactae
907 456 1005 491 sunt,
1048 457 1087 486 ut
1117 452 1232 485 maior
1268 463 1352 495 pars
1374 452 1453 486 folii
1477 452 1549 496 legi
1581 462 1643 484 ne-

231 513 346 551 queat.
401 509 564 551 Quinque
595 507 721 540 ultima
752 507 842 540 folia
880 507 1052 541 differunt.
1113 508 1190 541 Non
1222 508 1360 552 integ-ro
1391 508 1485 540 enim
1515 506 1644 550 capite,

232 564 325 606 quod
347 564 429 603 περὶ
456 561 649 600 ἐνστάσεως
674 561 770 606 agIt,
797 562 953 605 exposito
977 564 1011 596 in
1036 565 1147 596 altero
1174 562 1369 606 exemplari
1392 574 1435 595 ex
1459 563 1530 596 alio
1552 562 1644 595 libro

229 619 312 651 finis
334 618 492 651 adiectus
517 621 578 654 est,
603 616 662 660 qui
686 628 755 649 non
779 618 948 650 cohaeret
972 629 1053 651 cum
1078 618 1120 651 iis
1145 630 1234 662 quae
1258 621 1532 661 praecesserunt.
1573 617 1645 649 De-

230 674 313 707 sinit
336 675 370 706 in
394 675 486 706 haec
510 673 641 705 verba:
675 668 723 710 ὦς
746 672 785 704 τὸ
813 674 840 705 Β
865 673 916 718 τῷ
941 675 988 711 Γ,
1013 672 1102 706 ἀλλὰ
1128 675 1190 707 ἴσα
1213 675 1274 707 καὶ
1300 671 1538 717 ἀντιστρέφει.

320 729 434 772 neg.
461 727 578 760 1942.
627 728 907 760 Commentarius
938 729 972 761 in
996 729 1099 763 Anal.
1132 740 1186 772 pr.
1220 729 1295 762 sine
1318 728 1473 762 auctoris
1493 726 1646 767 nomine,

231 787 284 818 est
308 783 513 828 Magenteni
537 782 598 816 fol.
623 781 825 815 232-273.

319 840 428 883 Reg.
463 837 580 870 1972
611 837 702 870 inter
733 838 805 870 alia
836 838 947 871 habet
975 839 1113 872 scholia
1154 839 1190 872 in
1221 839 1323 871 Anal.
1354 841 1442 881 post.
1477 836 1558 870 Alia
1597 835 1645 869 ad

229 894 466 937 Philoponum
488 898 669 926 auctorem
681 892 869 925 referenda
889 897 968 926 sunt
993 897 1122 937 (neque
1133 897 1251 927 tamen
1266 904 1356 935 quae
1370 893 1567 935 Philopono
1580 890 1645 924 tri-

230 950 385 983 buuntur
407 960 548 992 semper
574 959 654 980 cum
688 947 789 980 editis
821 950 1043 989 conveniunt,
1067 961 1098 982 e.
1121 961 1149 982 c.
1175 948 1321 982 198a20
1343 947 1405 982 καὶ
1429 945 1649 985 ἄλλως-24

230 1003 386 1046 ἔννοιαι]
418 1004 481 1037 καὶ
515 1000 572 1037 ὅτι
602 1001 878 1047 καθολικωτὲρη
909 1002 1006 1037 ἐστὶν
1036 1003 1213 1048 ἐπιστήμη
1246 1005 1311 1046 τῆς
1344 1000 1563 1044 ἀποδείξεως(
1584 1001 1648 1036 καὶ

230 1060 342 1100 δῆλον
367 1058 406 1092 ἐκ
427 1058 493 1101 τῆς
517 1057 781 1102 α’ντιστροφῆςς
806 1058 912 1091 ib-25
937 1055 1158 1098 οὕτως-27
1182 1058 1239 1103 τὸ]
1266 1057 1333 1102 οὐχ
1356 1058 1405 1098 (ὃς
1427 1057 1500 1092 ἀπὸ
1526 1058 1647 1097 εἴδους

231 1109 298 1149 οὖν
322 1114 386 1155 τῆς
409 1109 631 1155 ἀποδείξεως
654 1110 710 1146 ἐπὶ
729 1112 795 1155 τὴν
817 1111 964 1157 γενικήν
980 1114 1178 1158 ἐπιστήμην
1193 1114 1383 1157 μετῆλθεν,
1409 1109 1483 1147 ἄλλ’
1503 1112 1551 1152 ὥς
1569 1111 1646 1153 inl,-

230 1171 278 1204 ib.
309 1168 355 1201 28
385 1166 433 1207 ὠς
457 1187 500 1194 --
526 1169 571 1202 30
602 1169 809 1212 πραδίδωσι
841 1171 951 1209 om.)‚
993 1170 1065 1203 alia
1104 1171 1215 1203 verbo
1248 1168 1363 1208 ἄλλως
1400 1173 1520 1202 notata
1556 1172 1646 1209 sunt,

230 1229 271 1259 ut
300 1225 474 1258 incertum
505 1224 550 1257 sit
582 1235 604 1257 a
636 1234 704 1266 quo
734 1222 895 1267 profecta
917 1224 1006 1266 sint,
1036 1225 1107 1258 alia
1139 1225 1274 1259 litteras
1298 1238 1341 1268 α,
1373 1226 1414 1270 β,
1448 1237 1470 1268 y
1492 1225 1552 1258 vel
1575 1224 1648 1258 alia

231 1314 334 1358 signa
364 1313 517 1353 habent,
553 1312 625 1345 alia
656 1310 804 1353 denique
827 1282 1133 1355 μῖλ(Μιτυλη’νης
1155 1315 1193 1347 h.
1219 1325 1249 1347 e.
1273 1314 1538 1357 μητροπολίτου
1569 1316 1650 1347 Μι-

230 1369 407 1410 τυλήνης,
442 1366 664 1411 Magenteni)
688 1377 815 1399 nomen
845 1378 931 1409 prae
963 1379 1001 1400 se
1025 1368 1152 1402 ferunt.
1208 1370 1310 1411 Quod
1334 1373 1429 1402 recte
1452 1380 1491 1401 se
1514 1369 1650 1402 habere

231 1424 434 1467 intelligere
466 1422 549 1455 licet
579 1433 599 1454 e
622 1421 729 1454 Coisl.
755 1420 838 1463 167,
870 1422 928 1465 qui
959 1424 1165 1467 Magenteni
1196 1424 1335 1457 scholia
1365 1425 1401 1457 in
1434 1425 1534 1457 Anal.
1559 1426 1649 1467 post.

232 1480 343 1513 habet
366 1478 446 1511 aliis
468 1489 535 1510 non
561 1476 737 1510 admixtis.
786 1477 906 1509 Prima
939 1489 1098 1521 quaeque
1124 1478 1317 1522 primorum
1348 1490 1514 1512 versuum
1538 1480 1650 1512 verba

230 1537 441 1579 plerumque
460 1531 531 1576 {egi
552 1536 737 1574 nequeunt.
787 1533 814 1564 E
833 1533 909 1565 cod.
929 1534 1035 1566 Coisl.
1059 1536 1224 1577 supplere
1248 1534 1329 1567 licet
1349 1545 1440 1577 quae
1458 1533 1648 1577 perierunt.

233 1592 367 1623 Parum
383 1587 575 1622 adiumenti
592 1587 806 1629 promittunt,
822 1592 858 1620 ut
874 1599 917 1621 ea
934 1600 1001 1621 non
1026 1589 1156 1633 legisse
1169 1590 1263 1622 haud
1284 1590 1472 1632 poeniteat.
1497 1588 1650 1622 scholiis

232 1646 268 1679 in
292 1647 382 1688 Top.
408 1654 491 1676 usus
514 1647 566 1675 est
589 1642 751 1675 Brandis.
799 1642 946 1676 Scholia
976 1645 1010 1677 in
1032 1645 1133 1687 soph.
1159 1646 1203 1677 el.
1226 1645 1440 1689 Magenteno
1463 1644 1651 1677 tribuenda

233 1706 335 1740 sunt3
360 1699 405 1732 cf.
432 1698 536 1730 Coisl.
553 1697 631 1730 167.
658 1697 718 1740 qui
741 1698 866 1730 eadem
892 1699 1011 1731 habet.
1059 1701 1192 1732 Eodem
1218 1701 1323 1732 modo
1347 1700 1422 1732 cod.
1443 1698 1532 1732 2055
1552 1711 1649 1732 com-

232 1756 360 1789 miscet
391 1754 529 1787 scholia
559 1752 747 1786 Alexandri
782 1764 860 1786 cum
885 1754 1119 1796 explicatione
1143 1755 1346 1799 Magenteni
1387 1765 1477 1797 quae
1513 1755 1583 1794 inc.
1603 1753 1650 1788 τὰ

231 1810 428 1856 πράγματα
454 1806 474 1851 ἢ
498 1807 621 1841 πάντα
647 1803 769 1850 ἀληθῆ
795 1809 884 1841 εἰσιν
916 1804 936 1851 ἢ
961 1802 1117 1842 πιθανῖἱ.
1174 1809 1426 1852 Copiosissima
1458 1813 1556 1849 sunt,
1588 1810 1651 1843 sed

232 1866 366 1912 legenti
390 1864 449 1898 vix
473 1874 603 1907 operae
635 1863 789 1906 pretium
819 1863 897 1896 erit.
943 1864 1060 1907 Saepe
1092 1864 1170 1908 ipsa
1194 1865 1384 1898 Alexandri
1408 1865 1518 1898 verba
1544 1865 1650 1906 dedit,

232 1934 263 1955 e.
289 1933 324 1966 g.
350 1921 464 1952 schol.
491 1917 657 1951 301b21.

323 1977 436 2019 Reg.
463 1972 577 2006 1897
607 1973 648 2005 Α.
694 1972 775 2005 Alia
807 1983 913 2005 manu
949 1983 1053 2015 quam
1088 1984 1157 2016 qua
1188 1973 1346 2016 reliquus
1378 1974 1455 2007 cod.
1487 1978 1651 2008 exaratus

233 2035 285 2065 est
316 2031 351 2063 in
383 2030 453 2062 fine
487 2031 597 2061 exstat
633 2025 795 2069 ἐξήγησις
827 2025 994 2067 Ἐφεσίου
1028 2030 1100 2061 τῶν
1124 2024 1344 2071 σοφίσϊικῶν
1368 2029 1526 2071 ἐλέγχων.
1574 2030 1650 2064 Non

232 2088 371 2130 integra
403 2088 475 2123 est,
508 2094 619 2125 neque
651 2082 686 2115 in
717 2083 786 2114 hoc
812 2084 888 2116 cod.
921 2095 1032 2126 neque
1056 2084 1090 2117 in
1115 2084 1190 2117 cod.
1219 2084 1319 2126 1918,
1353 2084 1473 2117 blattis
1500 2096 1650 2127 peresa;

232 2143 438 2175 ultimorum
462 2138 630 2171 foliorum
654 2148 786 2182 magna
809 2149 892 2180 pars
916 2141 1043 2172 avulsa
1068 2143 1131 2172 est.
1178 2140 1361 2182 Scriptura
1384 2139 1470 2172 satis
1493 2141 1651 2184 elegans,

234 2201 272 2230 ut
294 2195 483 2229 dolendum
507 2193 552 2226 sit
574 2193 729 2235 suppleri
766 2193 896 2227 debere
920 2194 1214 2227 commentarium
1240 2206 1260 2227 e
1284 2195 1361 2227 cod.
1383 2193 1492 2234 2019,
1526 2195 1586 2237 qui
1609 2207 1652 2228 ne

233 2254 310 2296 ipse
335 2250 476 2294 quidem
501 2249 677 2292 integrum
711 2249 829 2280 hahet.
877 2249 1050 2281 ‘Ceterum
1084 2255 1206 2282 auctor
1233 2261 1301 2293 quo
1334 2250 1451 2294 magis
1482 2250 1652 2292 procedit,

235 2319 278 2341 eo
310 2306 426 2349 magis
455 2303 695 2338 Alexandrum
728 2302 864 2346 repetit.
931 2304 1161 2347 Singulorum
1197 2306 1389 2338 verborum
1423 2304 1650 2347 explicationi

233 2362 464 2406 praemittere
495 2361 586 2392 solet
616 2359 817 2391 universam
858 2358 963 2391 totius
1003 2360 1072 2392 loci
1106 2360 1369 2403 expositionem.
1426 2359 1543 2402 Saepe
1573 2360 1652 2402 ipsa

235 2415 425 2451 Alexandri
457 2415 569 2449 verba
609 2414 815 2457 descripsit,
859 2414 1001 2457 saepius
1040 2415 1120 2448 aliis
1160 2426 1282 2448 eorum
1315 2425 1454 2447 sensum
1488 2414 1651 2448 reddidit.

235 2474 345 2506 Clara
369 2472 555 2514 explanat,
586 2470 740 2502 obscura
764 2470 944 2512 praeterit.
990 2470 1221 2513 Sophismata
1244 2470 1384 2514 singula
1417 2470 1559 2512 copiose
1589 2481 1651 2503 cx-

235 2528 343 2571 ponit.
1262 2551 1264 2553 ,

325 2583 437 2625 Reg.
467 2578 595 2613 2062.
651 2580 931 2613 Commentarius
962 2580 1004 2612 de
1038 2579 1100 2613 lib.
1124 2580 1143 2612 I
1166 2579 1268 2613 Anal.
1301 2590 1377 2622 pr.‚
1408 2578 1467 2621 qui
1497 2579 1651 2612 auctoris

234 2637 375 2672 nomine
393 2640 506 2675 caret;
529 2635 720 2669 Michaelis
738 2635 845 2668 Pselli
869 2639 932 2676 est,
955 2635 1050 2667 idem
1074 2646 1177 2678 quem
1198 2634 1386 2667 habuimus
1404 2634 1439 2666 in
1459 2634 1535 2666 cod.
1555 2634 1651 2667 Lau-

235 2697 324 2726 rent.
347 2689 415 2732 85,
439 2692 470 2724 l.
516 2691 596 2724 Fol.
622 2689 817 2723 143—150
837 2691 969 2736 fragm.
994 2689 1238 2723 commentarii
1261 2689 1295 2722 in
1313 2690 1434 2722 Anah:
1458 2687 1651 2734 πληρώσας

236 2746 302 2783 τὸν
325 2745 408 2791 περὶ
430 2745 542 2791 τριῶν
567 2744 757 2789 σχημάτων
779 2747 853 2781 τῶν
876 2743 1120 2791 ὑπαρχουσῶν
1141 2742 1248 2788 λόγον
1270 2747 1406 2788 μετεῖσι
