1734 3100
192 226 272 265 5⁰⁰
697 228 948 274 Analytlca
970 229 1139 273 priora.

248 323 371 377 gutur·
399 327 506 377 quod
541 327 577 365 ei
613 325 852 364 contrarium
888 326 964 374 sit,
989 326 1059 365 sed
1086 327 1222 378 utique
1249 322 1377 379 colligi
1404 326 1506 377 quod
1534 327 1575 366 ei
1600 338 1663 367 re-

247 393 406 440 pugnet.
459 389 584 427 Aliam
613 387 787 438 regulam
814 389 971 428 tradidit
997 388 1048 428 de
1073 388 1343 440 propositione
1367 389 1539 440 minore:
1567 389 1666 430 hanc

250 453 351 489 enim
372 452 471 490 dixit
492 451 575 488 tolli
596 463 668 500 per
694 452 939 500 contrariam,
960 452 993 489 si
1018 452 1216 492 conclusio
1244 457 1370 491 sumta
1389 453 1441 490 sit
1458 453 1667 499 contrariu,
1690 489 1697 495 ‚

250 526 321 564 per
348 518 651 564 repugnantem,
687 514 721 551 si
757 526 989 567 repugnans,
1043 515 1103 555 Ad
1131 515 1230 553 hanc
1257 515 1374 565 igitur
1400 514 1666 554 diversitatem

249 576 463 627 respiciens
492 575 583 613 dicit
609 577 913 627 propositionem
938 577 1015 616 AB
1043 578 1201 628 quidem
1229 578 1323 615 item
1351 581 1467 628 atque
1492 578 1530 616 in
1556 581 1666 617 ante-

250 639 477 677 cedentibus
507 642 582 683 (vs.
602 639 673 683 25)
695 652 765 690 per
784 644 1060 691 repugnantem
1087 641 1172 680 tolli
1201 643 1385 691 (namque
1412 652 1488 679 non
1515 640 1668 679 tollitur

250 701 324 740 nisi
357 714 429 751 per
461 706 790 752 repugnantem),
829 705 1130 755 propositionem
1167 703 1252 742 ΑΓ
1273 716 1367 742 vero
1394 703 1479 742 tolli
1506 716 1577 754 per
1603 716 1667 742 re-

249 769 498 816 pugnantem,
520 776 596 802 non
615 764 710 802 item
733 770 848 815 atque
875 767 912 804 in
941 767 1282 805 antecedentibus:
1310 778 1397 804 nam
1424 777 1482 805 vs.
1502 767 1553 804 23
1574 778 1666 804 con-

250 827 401 865 clusum
438 830 499 864 est
532 827 634 877 quod
663 828 921 878 propositioni
948 829 1087 868 minori
1114 829 1350 867 contrarium
1377 831 1439 866 est
1467 828 1527 875 (A
1553 841 1667 879 prae-

250 889 372 928 dicari
410 888 459 927 de
488 890 592 928 omni
619 890 702 936 Γ),
739 902 840 930 nunc
876 903 970 930 vero
1011 895 1087 937 (vs.
1115 893 1185 938 30)
1224 890 1467 930 concluditur
1501 890 1604 942 quod
1628 891 1668 929 ei

251 956 453 1002 repugnat.

197 1015 343 1053 60a31
366 1018 407 1052 et
427 1013 487 1051 b5
514 1012 686 1052 Primum
708 1017 748 1053 et
774 1020 954 1065 quartum
982 1016 1247 1067 syllogismum
1276 1019 1568 1064 commemorat,
1592 1027 1668 1055 non

250 1076 418 1128 exponit.

306 1180 480 1234 euplo,
508 1180 560 1219 In
584 1182 711 1221 tertia
721 1184 879 1235 figura,
905 1184 942 1222 si
966 1184 1140 1223 sumitur
1167 1183 1274 1237 quod
1301 1183 1549 1224 conclusioni
1575 1196 1668 1224 con-

198 1244 373 1283 trarium
396 1248 469 1293 est,
491 1249 639 1284 neutra
653 1246 879 1298 propositio
905 1247 1087 1295 tollitur,·
1113 1248 1150 1286 si
1176 1247 1283 1300 quod
1307 1251 1526 1300 repugnat,
1553 1251 1669 1285 utra-

198 1319 289 1359 que.
317 1309 436 1346 61a5
472 1307 545 1346 Ex·
581 1309 635 1347 iis
671 1321 776 1361 quae
811 1308 1038 1361 disputavit
1076 1311 1232 1363 colligit
1268 1311 1312 1349 in
1348 1310 1491 1362 quibus
1515 1309 1670 1363 figuris

200 1370 395 1422 cuiusque
419 1370 642 1422 syllogismi
662 1372 962 1424 propositiones
988 1373 1201 1415 tollantur.

197 1455 280 1493 601»
292 1456 343 1492 14
367 1459 408 1494 et
426 1456 478 1494 32
512 1457 592 1495 τοῦ
619 1456 655 1494 Β
691 1454 762 1496 καὶ
795 1458 874 1497 τοῦ
901 1458 943 1497 Γ
973 1462 1036 1496 est
1073 1460 1150 1498 τοῦ
1179 1458 1214 1497 Β
1248 1457 1354 1508 πρὸς
1386 1454 1433 1498 τὸ
1462 1458 1521 1497 Γπ
1558 1469 1671 1497 nam-

251 1530 327 1568 que
364 1518 410 1556 fit
447 1519 692 1569 syllogismus
729 1524 869 1570 quarto
897 1523 976 1568 (vs.
1006 1522 1075 1567 14)
1110 1521 1170 1559 vel
1197 1523 1315 1561 tertio
1353 1525 1428 1567 (vs.
1455 1523 1526 1568 32)
1553 1520 1671 1559 modo

251 1581 448 1619 secundae
473 1581 634 1631 figurae,
663 1594 823 1632 quorum
854 1583 1052 1621 conclusio
1078 1595 1195 1632 quum
1223 1596 1299 1623 non
1325 1589 1584 1630 convertatur,
1611 1582 1670 1621 ni-

248 1643 306 1681 hil
332 1643 520 1694 prodest:
558 1656 679 1693 quare
705 1646 755 1682 61
768 1647 823 1683 a3
861 1643 974 1690 (οὐδ’
1003 1642 1155 1692 οὕτως)
1193 1657 1242 1684 ex
1267 1646 1408 1684 talibus
1435 1645 1671 1697 propositio-

251 1705 368 1743 nibus
406 1705 674 1756 syllogismum
713 1706 799 1744 fieri
835 1708 990 1746 omnino
1026 1713 1165 1757 negat:
1202 1720 1368 1758 namque
1394 1721 1483 1747 eum
1510 1708 1672 1760 syllogi-

253 1780 382 1807 smum
410 1768 591 1819 intelligit
617 1780 693 1818 quo
721 1769 879 1809 tollatur
903 1771 1120 1822 propositio
1148 1769 1236 1809 ΒΓ.

198 1832 348 1870 60b16
383 1828 410 1882 ἢ
447 1829 494 1870 τὸ
532 1830 721 1871 καθόλου
750 1859 761 1869 .
784 1862 793 1871 .
815 1863 824 1872 .
865 1834 943 1872 Aut
978 1837 1144 1883 utraque
1179 1834 1394 1884 propositio
1432 1832 1671 1885 particularis

251 1893 329 1932 erit
348 1898 417 1932 aut
434 1896 649 1946 propositio
676 1896 918 1946 universalis,
946 1896 1028 1934 sive
1055 1901 1115 1934 est
1129 1896 1214 1935 ΑΓ
1226 1895 1306 1934 sive
1318 1895 1405 1946 ΒΓ,
1432 1898 1471 1936 in
1490 1909 1536 1936 eo
1553 1894 1672 1948 syllo-

251 1957 401 2008 gismo,
430 1969 543 2006 quem
566 1957 641 1995 iam
663 1958 709 1996 ad
732 1960 982 1997 evertendam
1007 1960 1306 2009 propositionem
1328 1960 1487 1999 alteram
1507 1959 1672 1999 exstrui-

253 2031 355 2068 mus,
381 2020 540 2058 minoris
561 2019 686 2059 locum
706 2021 867 2071 tenebit,
896 2034 1011 2071 quum
1033 2022 1247 2072 propositio
1265 2021 1355 2070 AB,
1383 2035 1480 2074 quae
1499 2027 1560 2061 est
1580 2034 1671 2061 con-

256 2082 379 2120 clusio
406 2083 444 2120 in
471 2083 589 2121 tertia
616 2083 754 2133 figura,
781 2084 1053 2136 propositionis
1072 2084 1229 2122 maioris
1251 2084 1379 2123 locum
1401 2086 1535 2136 utiquc
1554 2097 1672 2124 occu-

254 2158 350 2196 pare
371 2144 533 2184 debeat:
561 2145 681 2185 habet
700 2147 801 2184 enim
823 2148 1030 2186 terminum
1044 2146 1242 2194 maiorem,
1262 2148 1396 2192 sivein
1414 2149 1539 2199 prima
1550 2147 1674 2199 figura

254 2208 303 2246 fit
329 2208 597 2259 syllogismus,
633 2209 672 2247 in
698 2222 774 2258 qua
800 2211 922 2248 maior
959 2215 1019 2249 est
1045 2210 1107 2259 A,
1135 2210 1217 2248 sive
1243 2210 1283 2249 in
1309 2211 1504 2256 secunda,
1531 2211 1571 2251 in
1598 2223 1674 2263 qua.

256 2271 381 2310 maior
407 2276 469 2310 est
495 2271 545 2310 Β.
597 2271 894 2323 Utrumcunque
921 2273 1039 2325 igitur
1058 2273 1219 2323 accidit,
1248 2274 1443 2313 conclusio
1470 2275 1672 2314 universa-

255 2334 303 2372 lis
331 2347 420 2373 esse
445 2347 522 2373 non
549 2336 708 2388 poterit.

205 2398 356 2438 60b19
383 2397 561 2437 Codices
581 2393 828 2438 consentiunt
851 2398 892 2437 in
917 2398 1086 2438 lectione
1111 2396 1487 2452 ἅντιστρέφωνταιτ
1514 2413 1589 2441 non
1608 2411 1673 2439 as-

257 2473 401 2511 sequor
427 2460 520 2510 quid
547 2461 620 2499 sibi
647 2461 740 2500 velit
766 2474 949 2501 numerus
976 2462 1158 2513 pluralis,
1187 2464 1252 2514 qui
1278 2465 1382 2503 haud
1409 2465 1489 2503 scio
1516 2476 1564 2502 an
1580 2475 1672 2515 pro-

256 2524 384 2562 fectus
398 2522 458 2561 ‘sit
484 2524 533 2562 ab
561 2537 609 2562 eo
636 2525 715 2576 qui,
750 2537 978 2576 quamquam
1007 2523 1324 2579 ἀναστρέφηται
1349 2527 1548 2575 invenerit,
1583 2538 1672 2564 ver-

257 2588 351 2626 bum
379 2586 685 2637 coniungendum
711 2588 903 2639 putaverit
928 2601 1017 2627 cum
1044 2589 1284 2629 substantivo
1301 2590 1403 2642 quod
1430 2590 1603 2640 sequitur
1630 2586 1675 2628 αἱ

258 2647 501 2700 προτάσειςε
529 2650 632 2701 quod
658 2663 773 2701 quam
801 2643 943 2690 falsum
969 2652 1020 2691 sit
1044 2653 1128 2703 ipsa
1154 2666 1218 2693 res
1237 2654 1352 2692 docet
1378 2657 1432 2700 (V.
1455 2665 1555 2704 quae
1573 2651 1674 2697 dixit

261 2725 318 2752 vs.
336 2715 467 2761 6—9,
492 2715 650 2762 61a5):
686 2715 828 2753 etenim
853 2715 1138 2766 propositiones
1175 2729 1251 2755 uon
1278 2719 1565 2766 convertuntur,
1600 2714 1672 2754 sed

259 2779 463 2815 servantur
488 2777 621 2828 quales
647 2776 760 2819 datae
785 2781 897 2826 sunt,
924 2778 1120 2820 conclusio
1147 2791 1239 2821 vero
1260 2779 1524 2820 convertitur:
1552 2790 1672 2831 quare
