1780 3100
197 186 277 225 856
755 184 1121 219 nex-monentium

252 284 519 335 repugnantia,
540 283 575 321 si
595 281 844 320 definitiones
869 284 1077 320 sumuntur
1103 292 1176 333 pro
1202 280 1421 319 nominibus
1449 283 1489 319 et
1516 281 1550 319 si
1577 295 1677 332 quae

249 347 526 398 praedicantur
544 347 598 384 ita
615 345 904 396 praedicantur,
924 350 966 383 nt
993 357 1080 383 cum
1109 347 1244 382 natura
1271 344 1328 382 rei
1356 344 1563 382 coniuncta
1586 345 1678 393 sint,

250 411 291 448 in
327 411 373 447 iis
413 409 514 459 quod
552 409 900 459 quomodocunque
938 407 1188 459 praedicatur
1215 407 1333 445 etiam
1361 419 1538 446 seorsum
1567 420 1678 458 prae-

252 473 415 511 dicatur.

200 535 346 574 21a32
375 533 615 583 Sophismati
652 533 806 571 cuidam
847 533 1029 573 occurrit.
1099 531 1167 571 Vs.
1195 534 1245 570 353
1275 532 1401 570 secuti
1431 545 1564 570 sumus
1592 531 1680 570 edd.

251 597 406 648 priores
435 600 476 633 et
504 596 589 635 cod.
617 595 680 645 B,
708 597 772 646 qui
797 598 989 648 praebent
1017 595 1118 647 quod
1147 595 1270 645 magis
1299 596 1504 635 convenire
1532 595 1683 634 videtur

252 659 342 698 stilo
372 659 611 697 Aristotelis.

308 762 403 815 Gap.
435 761 497 801 12.
525 761 591 799 De
619 763 905 814 negationibus
930 764 1008 802 τοῦ
1037 759 1224 802 δυνατὸν
1252 755 1381 810 εἶναι,
1410 758 1683 810 ἐνδεχόμενον

202 821 311 866 εἶναι
340 831 380 864 et
407 825 617 865 similium.
1723 823 1726 826 ’

201 897 347 933 21a38
374 891 409 931 εἰ
436 891 517 942 γὰρ
538 922 547 933 .
571 922 580 932 .
607 923 617 932 .
640 893 761 930 Deest
798 893 996 943 apodosis.
1038 892 1152 941 Quod
1181 893 1220 930 in
1248 895 1380 929 mente
1406 891 1587 929 habuerit
1613 903 1683 941 ap-

252 960 367 1008 paret
394 957 505 1002 blo,
549 956 615 992 ubi
653 955 783 994 verbis
820 952 923 994 ὥστε
958 954 993 994 εἰ
1032 953 1167 1002 οὕτως
1202 956 1420 1005 πανταχοῦ
1456 953 1684 1005 complexus

253 1032 353 1070 quae
378 1018 418 1056 in
447 1018 567 1067 priori
594 1022 708 1068 parte
735 1020 920 1057 orationis
947 1019 1120 1057 dicturus
1150 1023 1234 1057 erat
1260 1018 1448 1069 apodosin
1475 1016 1595 1054 addit.

200 1082 324 1122 21123
352 1078 388 1119 εἰ
415 1079 496 1131 γὰρ
516 1110 525 1118 .
548 1108 558 1118 .
581 1109 589 1118 .
608 1078 634 1132 ἢ
661 1079 690 1132 ἦ
716 1079 939 1132 ἀπόφασις.
1005 1082 1149 1120 Probat
1183 1084 1270 1125 τοῦ,
1297 1076 1404 1120 εἶναι
1430 1077 1584 1118 λευκὸν
1610 1079 1684 1117 ἄν-

252 1147 434 1194 θρωπον
466 1155 543 1181 non
577 1156 667 1181 esse
696 1146 939 1194 negationem
978 1143 1025 1183 τὸ
1054 1139 1162 1182 εἶναι
1189 1142 1246 1195 μὴ
1273 1141 1426 1183 λευκὸν
1453 1143 1687 1191 ἄνθρωπον

254 1221 316 1257 eo,
338 1208 441 1258 quod
459 1206 671 1245 absurdum
695 1207 745 1245 sit
768 1208 915 1258 lignum
943 1208 1020 1245 dici
1048 1205 1104 1259 My
1132 1206 1284 1246 λευκὸν
1311 1207 1560 1256 ἄνθρωπον.
1598 1205 1686 1242 Hoc

255 1274 387 1309 autem
412 1269 611 1319 colligitur
637 1281 687 1307 ex
714 1271 985 1321 propositione
1013 1271 1160 1308 maiore
1188 1283 1304 1321 quam
1333 1269 1528 1319 expressit
1556 1268 1686 1306 verbis

254 1332 290 1373 εἰ
316 1329 398 1384 γὰρ
424 1360 434 1370 .
457 1360 467 1370 .
494 1361 503 1370 .
525 1330 737 1382 ἀπόφασις
774 1337 814 1370 et
848 1333 997 1371 minore
1033 1346 1146 1383 quam
1185 1332 1344 1370 reticuit
1369 1328 1439 1370 καὶ
1467 1329 1502 1370 εἰ
1525 1332 1603 1370 τοῦ
1631 1323 1687 1369 εἷ-

253 1411 326 1437 ναι
345 1394 498 1436 λευκὸν
513 1395 748 1445 ἄνθρωπον
770 1394 983 1446 ἀπόφασις
1004 1394 1050 1435 τὸ
1072 1390 1178 1435 εἶναι
1199 1393 1255 1447 μὴ
1277 1394 1428 1434 λευκὸν
1442 1396 1687 1445 ἄνθρωπον.

203 1463 322 1501 21b5
352 1458 386 1498 εἰ
414 1457 459 1498 δὲ
496 1461 623 1497 τοῦτο
663 1450 819 1507 οὕτως,
846 1460 885 1497 h.
914 1472 947 1497 e.
978 1457 1013 1497 εἰ
1041 1456 1086 1498 δὲ
1114 1451 1238 1498 αὗται
1265 1457 1460 1509 ἀλλήλαις
1486 1456 1688 1498 άντίκειν-

252 1536 321 1563 ται
349 1520 445 1562 ὅσαι
470 1519 575 1561 κατὰ
602 1520 649 1561 τὸ
678 1517 786 1560 εἶναι
810 1519 885 1560 καὶ
911 1520 968 1572 μὴ
997 1516 1106 1561 εἶναι
1132 1521 1362 1561 τάττονται.

204 1588 326 1626 21116
352 1586 400 1626 τὸ
429 1583 555 1633 αὐτό,
584 1585 707 1625 intell.
737 1582 839 1635 ὅπερ
867 1581 995 1624 ἐποίει
1020 1583 1068 1624 τὸ
1097 1580 1204 1625 εἶναι
1232 1583 1347 1631 ὅσοις
1375 1582 1662 1634 προστίθεται.

203 1651 356 1689 21b12
384 1649 436 1688 cf.
461 1648 511 1686 de
534 1648 630 1686 coel.
661 1650 809 1686 282a5
837 1644 924 1687 ἐπεὶ
951 1647 989 1687 δ’
1016 1647 1045 1700 ἦ
1072 1647 1283 1700 ἀπόφασις
1310 1650 1389 1688 τοῦ
1418 1646 1495 1697 μὲν
1522 1645 1586 1686 άεὶ
1613 1645 1688 1685 δυ-

256 1709 445 1763 ναμένου
485 1705 594 1750 εἶναι
627 1709 675 1749 τὸ
714 1709 771 1762 My
805 1709 868 1750 άεὶ
907 1710 1148 1762 δυνάμενον
1175 1707 1303 1760 εἶναι,
1332 1710 1379 1751 τὸ
1409 1709 1446 1750 δ’
1475 1709 1538 1749 άεὶ
1565 1708 1689 1749 δυνά-

255 1788 387 1826 μενον
414 1771 470 1826 My
499 1769 608 1813 εἶναι
635 1770 851 1823 ἐναντίον,
881 1767 934 1814 οὗ
960 1774 1173 1826 άπόφασις
1200 1775 1246 1815 τὸ
1274 1772 1330 1827 My
1359 1773 1423 1814 άεὶ
1450 1772 1691 1824 δυνάμενον

256 1837 314 1890 My
343 1833 472 1885 εἶναι,
501 1836 664 1888 ἀνάγκη
698 1835 773 1884 τὰς
798 1836 1033 1887 ἀποφάσεις
1060 1838 1222 1889 άμφοῑν
1248 1839 1306 1892 τῷ
1335 1837 1448 1888 αὐτῷ
1475 1835 1689 1888 ὑπάρχειν,

257 1900 328 1941 καὶ
362 1897 471 1940 εἶναι
507 1899 637 1951 μέσον
663 1903 743 1940 τοῦ
775 1900 838 1940 άεὶ
867 1903 991 1947 ὄντος
1017 1900 1088 1941 καὶ
1111 1905 1190 1941 τοῦ
1217 1900 1280 1941 άεὶ
1307 1899 1363 1953 My
1390 1902 1512 1947 ὄντος
1539 1899 1587 1940 τὸ
1615 1899 1690 1939 δυ-

256 1963 443 2016 νάμενον
470 1959 580 2003 εἶναι
608 1962 678 2002 καὶ
705 1962 762 2015 My
788 1959 922 2003 εἶναι·
958 1963 986 2015 ἦ
1012 1962 1093 2014 γὰρ
1121 1962 1322 2014 ἑκατέρου
1350 1963 1564 2014 ἀπόφασίς
1590 1974 1692 2002 ποτε

257 2026 442 2078 ὑπάρξει,
469 2026 504 2065 εἰ
530 2025 587 2078 My
615 2025 677 2076 εἴη
705 2025 779 2065 άεί.
810 2023 915 2066 ὥστε
941 2025 1012 2066 καὶ
1039 2027 1086 2067 τὸ
1114 2026 1170 2079 My
1198 2026 1262 2067 άεὶ
1288 2025 1344 2079 My
1375 2023 1426 2067 ὂν
1453 2023 1567 2066 ἔσται
1593 2023 1692 2065 ποτὲ

259 2088 329 2131 καὶ
353 2090 432 2130 οὐκ
452 2087 577 2136 ἔσται,
599 2087 671 2129 καὶ
696 2089 744 2128 τὸ
772 2088 828 2141 My
857 2088 921 2128 άεὶ
948 2089 1188 2142 δυνάμενον
1215 2086 1324 2130 εἶναι
1352 2089 1562 2142 δηλονότι,
1589 2087 1693 2128 ἄλλά

260 2167 360 2195 ποτε
389 2155 463 2194 ὄν·
503 2150 606 2192 ὥστε
644 2150 715 2192 καὶ
742 2151 799 2204 My
828 2148 946 2192 εἶναι.
975 2151 1023 2193 τὸ
1052 2154 1154 2194 αὐτὸ
1182 2152 1248 2205 ἄρ’
1277 2152 1391 2193 ἔσται
1421 2152 1607 2194 δυνατὸν
1634 2147 1691 2191 εἶ-

261 2232 333 2258 ναι
355 2215 427 2257 καὶ
452 2216 522 2268 μή,
541 2214 612 2256 καὶ
638 2217 753 2255 τοῦτ’
777 2214 889 2256 ἔστιν
915 2215 1079 2268 άμφοῖν
1104 2217 1247 2269 μέσον.
1276 2217 1402 2269 λόγος
1430 2215 1474 2257 δὲ
1500 2215 1692 2256 καθόλου

262 2277 344 2321 ὅδε.
394 2281 589 2319 104ἵὺ21
620 2276 825 2330 ἐνδέχεται
861 2279 1047 2322 δυνατὸν
1083 2279 1160 2331 μέν
1196 2294 1236 2321 τι
1274 2277 1381 2320 εἶναι
1412 2279 1469 2332 My
1498 2275 1605 2319 εἶναι
1632 2276 1691 2326 δέ,

259 2343 332 2385 καὶ
359 2342 547 2383 δυνατὸν
573 2341 630 2395 My
658 2338 767 2383 εἶναι
793 2337 902 2383 εἶναι
930 2343 976 2383 δέ
1005 2349 1046 2383 et
1075 2359 1174 2397 quae
1195 2358 1277 2396 seq.
1309 2345 1507 2382 1050h11
1534 2341 1582 2382 τὸ
1607 2343 1692 2392 άροι

259 2407 445 2448 δυνατὸν
466 2402 574 2446 εἶναι
595 2404 800 2458 ἐνδέχεται
824 2406 897 2446 καὶ
925 2402 1032 2447 εἶναι
1058 2406 1131 2448 καὶ
1156 2406 1213 2460 My
1243 2402 1371 2447 εἶναι·
1401 2403 1448 2445 τὸ
1477 2404 1580 2445 αὐτὸ
1607 2407 1690 2457 ἄρα

264 2470 449 2512 δυνατὸν
476 2469 546 2510 καὶ
574 2465 684 2510 εἶναι
710 2468 781 2510 καὶ
808 2469 864 2522 μὴ
895 2466 1014 2511 εἶναι.

209 2536 295 2574 21b
314 2538 361 2573 19
387 2533 414 2586 ἢ
441 2532 489 2573 τὸ
518 2533 620 2573 αὐτὸ
647 2564 655 2573 .
676 2564 686 2573 .
710 2564 719 2573 .
739 2533 897 2584 αὐτοῦ,
934 2536 1059 2574 intell.
1097 2533 1132 2574 εἰ
1165 2534 1241 2584 μὲν
1266 2534 1343 2573 τοῦ
1371 2530 1557 2572 δυνατὸν
1584 2526 1691 2571 εἶναι

262 2595 476 2648 ἀπόφασίς
499 2595 584 2637 ἐστι
610 2595 657 2637 τὸ
685 2596 872 2638 δυνατὸν
898 2596 954 2650 My
981 2593 1090 2638 εἶναι
1115 2595 1187 2638 καὶ
1211 2597 1259 2636 τὸ
1286 2595 1389 2635 αὐτὸ
1417 2594 1594 2635 δύναται
1620 2593 1691 2635 καὶ

261 2654 369 2699 εἶναι
401 2658 472 2701 καὶ
507 2659 564 2712 My
599 2655 708 2700 εἶναι
737 2668 813 2709 (vs.
842 2664 924 2709 12).
956 2685 1004 2691 —
1043 2661 1112 2701 vs.
1140 2663 1192 2699 20
1217 2658 1243 2711 ἢ
1270 2657 1327 2710 My
1355 2657 1460 2698 κατὰ
1481 2685 1491 2697 .
1514 2686 1524 2697 .
1546 2686 1557 2695 .
1583 2657 1689 2698 άπο-

261 2722 431 2773 φάσεις,
467 2724 593 2764 intell.
623 2722 659 2763 εἰ
686 2723 731 2764 δὲ
758 2723 806 2765 τὸ
834 2722 937 2766 αὐτὸ
964 2723 1141 2765 δύναται
1166 2720 1236 2763 καὶ
1263 2718 1372 2763 εἶναι
1398 2720 1469 2763 καὶ
1495 2719 1553 2774 My
1580 2716 1690 2762 εἶναι
