1838 3086
667 179 922 226 Analytica
944 177 1121 225 priora.
1534 180 1537 182 ’
1566 178 1646 220 401

186 276 243 317 itu
271 276 365 327 siut,
403 288 641 329 quamquam
679 278 977 318 conclusionem
1013 276 1235 330 simplicem
1263 275 1454 329 colligere
1480 276 1577 318 licet
1604 281 1647 318 et

185 354 210 382 c
235 341 340 381 binis
367 342 709 393 propositionibus
736 342 975 382 necessariis
1003 346 1046 382 et
1072 354 1122 381 ex
1149 341 1276 381 altera
1302 341 1547 389 necessaria,
1586 342 1645 380 al·

185 409 270 445 tera
299 405 484 456 simplici,
510 409 659 453 tamen,
688 406 778 457 quia
804 405 884 445 hoc
912 418 986 457 per
1013 418 1057 444 se
1076 405 1322 457 intelligitur,
1351 404 1647 444 conclusionem

186 469 410 521 simplicem
437 482 515 507 non
543 469 631 508 fieri
660 470 771 519 dicit,
813 469 890 507 nisi
925 474 1094 519 utraque
1131 470 1352 521 propositio
1380 467 1552 520 simplex
1581 469 1646 509 sit.

185 532 355 572 Scilicet
390 533 615 572 necessaria
652 532 850 572 interdum
892 532 976 571 exit
1013 532 1236 582 conclusio,
1287 533 1408 572 etiam
1447 532 1483 571 si
1518 532 1646 572 altera

183 596 405 649 propositio
442 595 670 634 inferiorem
701 596 813 646 quasi
839 595 1008 647 gradum
1038 600 1171 644 tenet,
1210 597 1249 636 h.
1280 609 1315 635 e.
1347 596 1381 635 si
1409 596 1646 648 simpliciter

182 659 330 709 aliquid
359 659 516 706 asserit,
557 658 729 710 simplex
757 671 853 698 vero
881 671 959 699 nou
988 659 1085 709 exit,
1122 660 1199 699 nisi
1226 664 1399 711 utraque
1425 661 1645 713 propositio

182 722 418 773 simpliciter
445 720 588 760 saltem
618 722 777 764 asserit.

130 787 277 826 32816
298 789 340 824 et
361 787 450 825 b2o
477 783 644 837 σχεδόν,
673 786 906 826 vocabulum
937 785 1144 826 Aristoteli
1181 786 1260 826 hoc
1289 800 1411 827 sensu
1438 787 1554 827 valde
1583 787 1644 827 fa-

183 849 353 897 miliare,
392 862 470 900 quo
498 863 575 889 non
603 850 818 888 dubitantis
846 854 924 900 est,
963 850 1034 890 sed
1063 850 1249 890 modeste
1277 851 1490 903 loquentis.
1553 851 1646 891 Ple-

182 925 352 964 rumque
380 912 563 952 adiicitur
590 913 639 951 iis
667 914 814 961 verbis,
858 926 962 965 quae
1001 914 1167 966 gradum
1194 915 1256 954 vel
1285 928 1494 954 numerum
1523 916 1646 966 signi-

182 976 329 1016 ficantt
357 977 474 1016 etiam
505 977 592 1016 aliis
622 978 802 1016 additum
831 978 1032 1028 reperitur
1058 977 1201 1017 eodem
1230 975 1351 1018 sensu
1377 980 1527 1017 67788
1555 986 1648 1030 σχε-

184 1038 264 1080 δὸν
290 1037 373 1091 γὰρ
402 1034 467 1087 οἷς
494 1043 629 1081 ταῦτα
658 1039 900 1092 συμβαίνει,
928 1042 966 1082 h.
996 1054 1032 1080 e.
1061 1044 1192 1082 πᾶσιν
1219 1034 1284 1088 οἷς
1309 1054 1345 1082 τ.
1368 1050 1416 1081 σ.
1470 1045 1647 1082 652824

181 1101 280 1155 περὶ
308 1103 347 1144 δ’
379 1102 621 1157 ἐγκεφάλου
650 1104 801 1157 σχεδόν
837 1101 951 1145 ἐστιν
988 1102 1193 1158 ἐχόμενον
1226 1103 1380 1146 εἰπεῖνε
1418 1106 1458 1145 in
1498 1108 1644 1157 quibus

181 1166 335 1220 σχεδὸν
373 1182 463 1208 cum
504 1171 714 1209 indicativo
752 1170 873 1208 modo
912 1170 1168 1209 coniunctum
1203 1170 1370 1209 eandem
1409 1169 1497 1209 fere
1524 1171 1648 1210 habet

182 1233 261 1271 vim
290 1245 406 1283 quam
437 1230 492 1272 ἂν
520 1246 610 1272 cum
648 1234 837 1285 optativo.
905 1234 1103 1272 1311823
1140 1232 1336 1285 καθάπερ
1375 1228 1458 1274 οὖν
1494 1231 1648 1287 σχεδὸν

182 1293 345 1349 ἐλέχθη.
407 1296 656 1348 Quamquam
692 1297 812 1349 igitur
848 1296 1086 1336 modestiam
1115 1299 1314 1348 quandam
1340 1298 1476 1348 habet,
1514 1305 1647 1338 tamen

183 1361 252 1399 ubi
283 1361 334 1399 de
361 1361 483 1399 rebus
512 1361 631 1399 certis
670 1362 911 1412 disputatur,
948 1361 1000 1400 de
1029 1361 1173 1412 quibus
1202 1363 1387 1403 dubitare
1415 1363 1541 1415 inepti
1569 1363 1646 1402 ho-

182 1424 299 1463 minis
342 1429 462 1472 esset,
511 1437 589 1463 non
628 1425 714 1462 sine
755 1425 883 1464 ironia
923 1425 1093 1475 quadam
1131 1431 1362 1477 usurpatur,
1412 1439 1449 1467 v·
1481 1428 1645 1476 43833,

180 1501 300 1539 quem
340 1487 470 1527 locum
510 1487 581 1528 lul.
611 1487 756 1527 Pacius
797 1501 875 1527 non
913 1493 1026 1527 recte
1062 1477 1116 1527 ita
1155 1490 1460 1540 interpretatur,
1498 1494 1542 1529 ut
1579 1502 1648 1529 res

181 1551 361 1603 singulae
402 1563 502 1601 quae
543 1552 725 1590 sensibus
754 1551 960 1590 subiectae
995 1552 1074 1592 sint
1112 1565 1209 1591 non
1237 1565 1396 1591 sensu
1425 1554 1648 1605 proprio

180 1614 403 1667 praedicari
432 1614 589 1665 possint
617 1614 668 1653 de
695 1615 825 1666 aliqua
854 1628 920 1663 re;
963 1614 1017 1653 cs.
1047 1614 1149 1662 ἴσως
1178 1629 1233 1654 VS.
1254 1617 1321 1664 22,
1361 1617 1466 1667 quod
1497 1617 1645 1656 Pacius

166 1678 366 1732 'modeste
403 1677 604 1728 loquentis
642 1691 732 1717 esse
769 1677 897 1730 p'utat.
972 1679 1129 1718 Similia
1177 1683 1271 1718 sunt
1310 1681 1506 1719 1282833
1543 1680 1648 1729 ἴσως

181 1739 264 1793 γὰρ
302 1738 385 1792 ἔχει
421 1738 494 1781 καὶ
527 1741 649 1780 ταῦτ’
685 1739 840 1790 ὀρθῶς.
909 1743 1114 1782 12841124
1151 1741 1256 1788 ἴσως
1287 1740 1334 1782 δὲ
1371 1741 1446 1783 καὶ
1472 1742 1537 1784 ὅτι
1566 1744 1646 1798 οὐχ

181 1803 326 1852 ἆπλῶς
354 1804 526 1845 δίκαιον
553 1801 625 1844 καὶ
651 1807 782 1845 τοῦτο
810 1803 1016 1857 φανερόν.
1044 1818 1051 1824 ·
1073 1807 1278 1844 1287626
1300 1807 1466 1847 ἄτοπον
1484 1807 1523 1848 δ’
1543 1807 1646 1857 ἴσως

182 1867 238 1910 ἂν
266 1864 376 1910 εἶναι
404 1867 574 1918 δόξειεν.
639 1869 698 1907 De
726 1870 827 1909 coel.
857 1871 1001 1908 30689
1029 1867 1097 1908 δεῖ
1119 1867 1202 1921 γὰρ
1230 1867 1334 1917 ἴσως
1361 1871 1488 1918 (doch
1517 1873 1644 1919 wohl)

180 1934 269 1974 τῶν
294 1932 374 1984 μὲν
401 1932 623 1985 αἰσθητῶν
660 1930 868 1985 αἰσθητὰς
980 1927 1091 1973 εἶναι
1127 1931 1204 1981 τὰς
1239 1932 1383 1986 α’ρχοὶς.
1448 1935 1510 1974 Ne
1549 1936 1646 1986 quid

178 1998 321 2038 incerti
348 1998 625 2037 confidentius
647 1996 838 2045 affirmet,
865 1998 986 2036 etiam
1016 1998 1113 2037 dicit
1129 2000 1306 2037 959830
1332 1997 1438 2051 τάχα
1458 1996 1506 2039 δὲ
1527 1998 1644 2047 ἴσως.

178 2062 359 2101 Eandem
387 2063 465 2100 vim
494 2061 616 2100 habet
643 2060 749 2112 quod
779 2062 939 2113 saepius
958 2062 1069 2100 addit
1091 2061 1149 2109 ὥς
1167 2060 1324 2102 εἶπεῖνε
1352 2064 1467 2102 6891)
1483 2065 1530 2102 11
1544 2063 1644 2105 τού-

178 2138 268 2166 των
296 2125 335 2166 δ’
364 2123 478 2165 αἰτία
505 2123 582 2176 μία
609 2122 672 2172 τίς
699 2121 814 2164 ἐστιν
841 2122 899 2172 ὥς
927 2124 1060 2165 εἰπεῖν
1086 2124 1304 2176 ἁπάντων,
1332 2127 1384 2167 cf.
1408 2126 1558 2179 σχεδόν
1585 2129 1642 2170 ib.

179 2203 238 2229 vs.
260 2192 298 2230 3.
340 2185 520 2228 6871)·21
547 2189 752 2240 ἄχρηστοι
779 2187 837 2237 ὡς
864 2187 996 2230 εἰπεῖν
1024 2188 1068 2230 οἱ
1093 2191 1216 2231 ἄλλοι
1240 2192 1345 2231 α”νευ
1373 2189 1556 2241 τούτων,
1585 2192 1644 2231 cf.

180 2254 365 2302 1282a5,
395 2254 605 2291 1299829.
645 2254 790 2292 568b3
819 2250 867 2294 ἐν
887 2251 1025 2307 ἡμέρα
1043 2252 1101 2302 ὠς
1121 2254 1254 2295 εἰπεῖν
1276 2255 1420 2302 (fere).
1467 2257 1645 2296 1039ὴῖ

181 2317 335 2367 ἄπειρα
363 2313 420 2364 ὡς
447 2314 548 2363 ἔπος
565 2314 719 2372 εἰπεῖν.
785 2319 939 2357 659b2
968 2316 1074 2358 ὥστε
1103 2318 1142 2359 δ’
1171 2319 1304 2360 εἰπεῖν
1331 2320 1566 2372 μυκτῆρας,
1608 2318 1646 2359 εἰ

179 2378 239 2433 μὴ
268 2378 340 2421 διὰ
366 2379 415 2420 τὸ
443 2379 587 2434 ἔργον,
629 2380 710 2421 οὐκ
738 2378 882 2434 ἔχουσι
909 2383 1109 2435 φανερῶς
1135 2381 1515 2436 διηρθρωμένους·
1554 2382 1645 2424 ἀλλ’

178 2443 206 2498 ἦ
229 2458 276 2497 γε
298 2446 417 2497 ὄρνις
428 2442 532 2486 ὥστε
548 2442 691 2498 ’μηθὲν
712 2443 767 2486 ἂν
776 2444 908 2487 εἰπεῖν
917 2445 1026 2500 ἔχειν
1037 2446 1173 2499 ῥῖνας,
1190 2450 1230 2488 in
1254 2449 1395 2499 quibus
1412 2444 1519 2488 ὥστε
1537 2449 1646 2501 quod

177 2511 396 2562 praecessit
415 2512 634 2549 orationem
649 2523 886 2562 quamquam
899 2512 1047 2558 turbat,
1069 2512 1304 2550 infinitivum
1326 2510 1434 2564 ἔχειν
1456 2517 1639 2553 excusat.

180 2573 398 2626 Coniungit
427 2574 545 2613 etiam
576 2572 729 2625 σχεδὸν
757 2579 800 2613 et
837 2573 895 2623 ὡς
924 2574 1078 2615 εἰπεῑνε
1107 2577 1255 2614 79820
1282 2573 1542 2630 ἀριθμητικὴ
1570 2573 1643 2616 καὶ

178 2636 415 2689 γεωμετρία
452 2635 525 2678 καὶ
563 2635 717 2690 ὀπτικὴ
754 2636 826 2678 καὶ
864 2638 1016 2692 σχεδὸν
1055 2637 1113 2685 ὠς
1141 2637 1273 2679 εἰπεῖν
1301 2637 1400 2681 ὅσαι
1424 2642 1505 2682 τοῦ
1532 2639 1644 2681 διότι

178 2704 410 2743 ποιοῦνται
438 2701 517 2755 τὴν
544 2702 708 2751 σκέψιν.
766 2704 969 2742 1310b14
997 2701 1150 2755 σχεδὸν
1176 2701 1260 2755 γὰρ
1289 2702 1539 2746 οἱπλεῖστοι
1556 2704 1645 2745 τῶν

178 2764 410 2816 τυράννων
436 2767 667 2820 γεγόνασιν
695 2764 742 2807 ἐκ
770 2765 1042 2819 δημαγωγῶν
1063 2764 1121 2815 ὠς
1143 2765 1288 2811 εἰπεῖν.
1334 2771 1538 2812 1382b28
1555 2777 1646 2822 σχε-

213 2829 262 2865 .Ι.
1331 2831 1388 2867 26.
1571 2854 1574 2856 v
