1806 3094
692 201 1042 237 PRAEFATIO.
1522 201 1618 235 xvn

102 309 293 353 fortasse
313 322 401 352 non
425 306 805 351 contemnendum
828 307 976 362 fuerit,
1001 311 1048 350 at
1068 309 1188 349 certe
1209 318 1302 348 non
1321 304 1613 348 laudandum.

101 388 394 431 Enotavimus
430 393 581 431 autem
606 401 786 430 omnem
808 385 1014 429 lectionis
1038 385 1302 428 varietatem
1330 399 1466 442 quam
1485 384 1614 427 inve-

101 467 260 511 nimus.
323 466 461 521 Quod
493 467 530 510 si
558 466 630 509 cui
660 464 865 508 videatur
896 465 1130 523 operosius
1164 464 1333 507 factum
1359 478 1458 507 esse
1478 478 1614 520 quam

100 546 252 590 utilius
267 577 279 599 ,
309 546 419 588 sciat
449 545 496 588 in
519 544 723 588 lectionis
745 545 962 587 varietate
983 543 1225 586 indicanda
1252 542 1426 600 aliquid
1452 541 1613 585 inutile

100 639 174 667 me
193 623 401 667 maluisse
432 623 627 667 adiicere
658 636 792 680 quam
827 622 1035 666 omittere
1067 622 1190 680 quod
1211 621 1429 681 prodesse
1450 620 1612 681 possit,

98 696 363 762 praesertim
391 717 529 760 quum
551 702 596 745 in
615 701 687 745 his
707 701 840 745 rebus
866 708 913 745 et
932 701 1019 744 alia
1041 701 1140 745 aliis
1161 701 1398 745 videantur
1417 701 1545 744 utilia
1565 706 1612 743 et

99 781 351 825 auctoritati
373 796 525 825 eorum
549 795 664 838 quae
687 795 804 824 nunc
821 780 997 824 inutilia
1017 780 1105 823 sint
1129 779 1227 823 aliis
1251 779 1482 824 codicibus
1510 779 1609 822 col-

97 860 200 904 latis
223 860 394 918 aliquid
419 860 634 903 accedere
653 860 811 919 possit.
848 858 1019 903 Omnes
1047 858 1242 914 codices,
1265 873 1456 916 quorum
1483 858 1530 901 in
1551 857 1610 900 li-

98 939 181 982 bro
213 946 367 983 nostro
396 939 449 982 fit
481 939 676 992 mentio,
702 938 793 997 ipsi
813 938 1104 997 inspeximus,
1126 937 1250 996 quod
1271 937 1469 998 ingenue
1490 937 1609 980 fate-

98 1033 211 1073 mur,
245 1025 295 1061 ut
311 1018 440 1061 nobis
459 1018 678 1061 tribuatur
699 1024 744 1060 et
765 1017 886 1075 quod
912 1016 1203 1061 emendatum
1229 1022 1275 1060 et
1293 1016 1418 1074 quod
1444 1031 1611 1075 pecca—

96 1101 193 1140 tum
223 1097 291 1139 sit.
350 1097 453 1139 Non
476 1097 692 1139 iactamus
721 1097 783 1138 ita
805 1110 1014 1139 excussos
1039 1111 1135 1139 esse
1157 1110 1328 1149 omnes,
1354 1102 1404 1139 ut
1422 1096 1511 1138 iam
1538 1095 1609 1137 ni-

96 1174 164 1218 hil
197 1175 488 1219 emolumenti
518 1175 741 1232 reliquum
779 1175 836 1216 sit
868 1174 991 1232 quod
1022 1189 1076 1217 ex
1106 1174 1160 1217 iis
1185 1175 1429 1233 provenire
1448 1174 1610 1232 possit,

95 1254 186 1298 imo
211 1255 407 1298 vanitate
427 1254 548 1297 omni
569 1253 744 1296 abiecta
762 1267 896 1310 quam
914 1251 1106 1295 maxime
1127 1258 1350 1311 optamus,
1364 1259 1414 1295 ut
1433 1258 1608 1295 exstent

96 1334 173 1392 qui
199 1333 456 1377 Aristotelis
491 1333 668 1392 scriptis
701 1331 996 1376 emendandis
1022 1338 1068 1375 et
1101 1330 1385 1390 explicandis
1417 1331 1609 1375 eandem

96 1426 283 1471 operam
303 1418 482 1466 navent,
506 1413 641 1454 etiam
662 1412 699 1455 si
720 1410 845 1468 quod
869 1425 950 1453 nos
971 1410 1329 1469 praestiterimus
1351 1425 1443 1453 non
1463 1411 1609 1454 solum

95 1496 356 1549 superetur,
386 1505 540 1533 verum
578 1490 714 1533 etiam
752 1489 1014 1532 obscuretur
1047 1496 1092 1532 et
1121 1489 1350 1533 oblivione
1378 1490 1607 1533 obruatur.

93 1568 190 1612 Iam
212 1584 351 1638 quum
372 1575 579 1628 tempore
605 1583 739 1626 quam
760 1568 934 1627 optime
955 1567 1021 1611 uti
1041 1568 1275 1623 vellemus,
1294 1569 1340 1611 in
1367 1569 1608 1612 conferen-

93 1647 162 1691 dis
181 1647 411 1691 codicibus
431 1648 494 1690 ita
516 1648 678 1691 versati
702 1662 866 1702 sumus,
901 1652 951 1690 ut
971 1647 1097 1701 liber,
1119 1661 1210 1705 quo
1229 1648 1359 1691 nobis
1383 1647 1610 1691 videretur

92 1727 415 1785 praestantior,
459 1741 512 1770 eo
551 1726 812 1789 diligentius
851 1742 877 1769 a
912 1726 1041 1769 nobis
1073 1733 1377 1770 excuteretur:
1413 1742 1606 1785 namque

93 1820 231 1862 quum
261 1812 432 1848 certum
462 1805 682 1863 temporis
718 1805 929 1863 spatium,
960 1805 1086 1862 quod
1107 1805 1154 1848 in
1174 1805 1459 1849 conferendis
1479 1806 1605 1848 libris

91 1899 196 1928 mss.
230 1898 494 1927 consumere
524 1883 718 1937 licebat,
759 1883 888 1926 nobis
924 1883 1216 1927 constitutum
1238 1890 1381 1939 esset,
1413 1884 1460 1927 in
1493 1884 1605 1927 locis

12 1953 13 1956 ¹
64 1961 449 2016 difficilioribus,
483 1976 675 2020 quorum
705 1961 840 2004 lectio
868 1961 1003 2005 valde
1034 1962 1171 2005 dubia
1208 1970 1349 2018 esset,
1390 1963 1605 2006 maiorem

95 2055 247 2084 curam
279 2054 451 2099 ponere
483 2056 618 2099 quam
654 2040 700 2083 in
722 2040 945 2095 facilibus,
966 2041 1024 2084 de
1044 2042 1206 2099 quibus
1229 2042 1392 2100 optimi
1422 2041 1603 2086 codices

90 2119 416 2174 consentirent,
456 2134 540 2179 par
571 2126 689 2162 erat:
721 2120 863 2179 magis
890 2120 1010 2163 enim
1034 2121 1321 2178 profuturum
1346 2121 1603 2180 putavimus

89 2212 234 2241 novae
253 2198 507 2242 Aristotelis
525 2199 790 2252 recensioni,
810 2199 847 2241 si
867 2213 984 2241 nova
1003 2199 1195 2242 aliorum
1217 2199 1423 2243 codicum
1443 2206 1602 2243 aucto—

90 2277 222 2320 ritate
252 2277 499 2321 accedente
529 2277 899 2320 confirmarentur
923 2293 1039 2335 quae
1063 2277 1202 2321 dubia
1223 2285 1385 2333 essent,
1409 2293 1543 2337 quam
1568 2279 1605 2321 si

90 2355 188 2399 aliis
211 2355 456 2411 codicibus,
487 2356 565 2414 qui
587 2356 639 2399 iis
659 2370 770 2413 quos
792 2357 881 2399 iam
901 2356 1248 2415 inspexissemus
1270 2357 1506 2401 inferiores
1530 2372 1604 2400 es-

91 2440 204 2488 sent,
235 2435 414 2479 collatis
443 2450 560 2493 quae
591 2435 837 2478 certissima
861 2442 1011 2479 essent
1042 2436 1179 2480 etiam
1202 2437 1394 2480 certiora
1412 2436 1606 2480 reddere

90 2513 323 2557 vellemus.
377 2514 530 2569 Quare
557 2529 611 2557 ex
629 2515 729 2573 ipsa
748 2514 964 2558 librorum
986 2515 1189 2559 bonitate
1211 2530 1300 2573 qua
1321 2515 1511 2574 quisque
1532 2514 1604 2559 di-

90 2591 278 2652 ligentia
308 2592 474 2652 dignus
507 2600 623 2637 esset
653 2592 899 2638 iudicantes
933 2594 1099 2638 librum
1122 2595 1366 2654 diligenter
1387 2595 1606 2654 scriptum

90 2678 295 2715 accurate
318 2672 603 2727 contulimus,
639 2672 800 2715 librum
823 2673 1130 2733 negligentius
1157 2679 1385 2717 exaratum
1406 2687 1498 2717 non
1520 2673 1606 2716 nisi

91 2750 358 2807 quibusdam
389 2751 500 2795 locis
528 2751 820 2811 inspeximus,
853 2752 1015 2809 quibus
1048 2767 1163 2810 quae
1193 2767 1300 2796 vera
1335 2759 1452 2796 esset
1470 2752 1605 2796 lectio

17 2846 26 2853 ’
91 2827 409 2873 dubitaremus.
464 2829 616 2885 Quum
646 2830 784 2890 igitur
813 2836 995 2890 praeter
1025 2830 1204 2876 codices
1235 2833 1460 2891 optimos,
1493 2845 1606 2891 quos

145 2901 175 2935 1.
1299 2905 1342 2928 νὴ
