1806 3094
667 191 1020 226 PRAEFATIO.
1495 192 1614 226 xxm

107 310 169 338 vs.
186 310 251 353 sq.
279 293 409 338 Haec
428 295 578 337 omnia
599 295 736 354 igitur
753 310 890 352 quum
912 299 1147 338 occurrant
1168 309 1215 354 p.
1240 293 1374 339 184b
1398 301 1443 339 et
1466 297 1560 341 185
1573 312 1613 351 a,

104 374 364 417 Aristotelis
399 373 534 417 verba
562 374 607 416 in
639 374 967 417 commentariis
997 374 1171 434 graecis
1202 374 1306 417 satis
1329 374 1615 434 negligenter

106 454 275 512 scripta
306 468 403 496 esse
436 453 687 496 luculenter
716 452 982 495 ostendunt:
1017 468 1132 511 quae
1164 453 1200 496 si
1231 453 1302 496 cui
1323 467 1413 495 non
1434 454 1614 496 satisfa-

105 532 238 586 ciant,
270 546 371 574 eum
402 538 451 574 ut
479 531 822 574 commentarios
853 532 953 590 ipse
982 532 1194 592 perlegat
1213 531 1462 587 hortamur,
1484 533 1614 576 nobis

103 624 210 653 vero
238 610 343 653 inde
376 609 661 652 manifestum
690 608 866 652 videtur
911 610 1117 654 lectionis
1155 612 1439 665 varietatem,
1479 627 1614 669 quam

103 688 358 732 Aristotelis
398 688 536 731 verba
578 689 907 731 commentariis
945 691 1119 748 graecis
1149 691 1315 734 inserta
1345 690 1612 750 praebeant,

101 773 194 810 tam
221 768 436 811 incertam
469 782 588 820 esse,
617 774 667 810 ut
696 767 820 810 nulla
852 768 947 811 fere
980 769 1074 812 eius
1096 770 1153 812 sit
1177 770 1443 813 auctoritas:
1475 785 1613 828 quare

102 846 184 890 has
206 847 252 889 in
271 846 550 890 recensendo
571 846 814 890 Aristotele
840 847 979 906 plane
998 848 1290 908 negleximus.

202 925 310 969 Alia
342 927 456 969 ratio
487 931 554 970 est
583 940 738 968 eorum
767 926 969 970 locorum
998 927 1159 984 quibus
1181 942 1297 986 quae
1319 927 1455 970 fuerit
1475 926 1612 970 lectio

102 1019 235 1061 quam
253 1011 426 1048 veteres
446 1006 716 1063 interpretes
735 1005 976 1049 habuerint
995 1011 1118 1050 certo
1140 1007 1326 1050 scimus:
1351 1021 1456 1049 nam
1475 1021 1609 1064 prae-

101 1082 291 1126 ferenda
312 1098 493 1142 semper
517 1084 599 1126 erit
618 1084 752 1127 lectio
774 1100 910 1142 quam
929 1085 1197 1144 interpretes
1210 1085 1257 1127 in
1270 1084 1500 1128 codicibus
1522 1086 1612 1128 suis

100 1168 367 1221 repererunt
387 1162 568 1205 lectioni
589 1177 705 1220 quae
726 1169 878 1206 nostra
899 1170 1046 1206 aetate
1065 1164 1112 1207 in
1134 1163 1258 1207 libris
1281 1178 1382 1206 mss.
1405 1164 1612 1218 occurrit,

101 1241 184 1285 nisi
213 1257 282 1284 res
314 1241 416 1300 ipsa
451 1246 608 1300 aperte
639 1241 802 1284 doceat
830 1242 1056 1300 potiorem
1083 1242 1344 1286 habendam
1366 1257 1463 1285 esse
1494 1242 1612 1285 alte—

102 1336 211 1363 ram.
264 1320 416 1374 Quare
444 1320 496 1363 iis
530 1320 797 1364 lectionibus
830 1335 940 1378 quas
971 1327 1173 1364 veterum
1202 1322 1497 1380 interpretum
1531 1337 1612 1364 au-

104 1399 312 1442 ctoritate
335 1399 619 1442 confirmatas
641 1399 861 1443 habemus
884 1399 932 1442 id
954 1400 1150 1458 pretium
1171 1401 1416 1454 statuimus,
1436 1405 1499 1454 ut,
1522 1414 1612 1458 quo

102 1477 368 1521 vetustiores
394 1478 495 1531 sint,
518 1492 571 1521 eo
593 1478 806 1521 certiores
830 1494 856 1521 a
874 1478 1001 1521 nobis
1020 1478 1293 1521 habeantur:
1315 1479 1391 1521 ubi
1413 1493 1520 1522 vero
1542 1479 1610 1521 in-

102 1562 323 1615 terpretes
357 1556 446 1615 ipsi
475 1557 592 1600 inter
621 1572 668 1600 se
698 1557 1020 1616 discreparent,
1051 1557 1406 1615 antiquissimam
1434 1573 1614 1616 semper

105 1636 363 1689 lectionem,
398 1636 434 1678 si
465 1635 642 1678 admitti
663 1641 834 1695 posset,
858 1636 1165 1695 recipiendam
1186 1636 1455 1695 putavimus.
1525 1637 1613 1679 Et-

105 1714 225 1758 enim
245 1721 346 1757 sunt
369 1715 457 1757 loci
477 1714 638 1772 quibus
659 1715 932 1758 recentiores
953 1715 1222 1774 interpretes
1246 1715 1449 1758 lectionis
1470 1730 1614 1773 quan-

104 1793 211 1837 dam
239 1794 498 1836 varietatem
531 1794 577 1835 in
607 1793 731 1837 libris
764 1794 853 1837 suis
882 1801 1148 1852 repererunt
1178 1809 1311 1851 quam
1341 1793 1614 1851 antiquiores

107 1887 199 1916 non
218 1871 471 1915 habuerunt
495 1869 560 1930 (v.
584 1887 620 1914 c.
641 1871 706 1917 44
727 1872 755 1915 b
778 1872 840 1916 38
861 1873 1116 1916 Alexander
1143 1872 1302 1915 habuit
1320 1866 1401 1926 ὅτι,
1422 1872 1547 1930 quod
1569 1878 1614 1915 et

101 1952 148 1994 in
179 1951 342 1994 nostris
374 1950 602 1993 codicibus
631 1957 675 1994 et
694 1951 741 1994 in
761 1950 1011 2010 Philoponi
1032 1951 1158 1995 libris
1175 1951 1352 1994 videtur
1372 1948 1613 2010 defuisse),

103 2029 244 2089 quid?
274 2028 396 2087 quod
426 2029 664 2088 probabile
693 2035 760 2073 est
790 2029 929 2073 verba
955 2023 1007 2072 τὸ
1035 2024 1193 2084 ἅτελές,
1227 2045 1342 2088 quae
1365 2031 1411 2072 in
1432 2030 1611 2073 Aristo-

102 2110 194 2153 tele
232 2123 311 2152 suo
340 2108 516 2167 ‚reperit
551 2108 838 2168 Philoponus
887 2106 1058 2167 (schol.
1105 2110 1198 2154 173
1213 2106 1363 2168 321),
1414 2110 1462 2152 in
1500 2124 1611 2153 con-

102 2195 276 2232 textum
297 2187 556 2246 migravisse
579 2202 632 2231 ex
645 2188 967 2231 commentario
977 2188 1240 2242 Alexandri,
1261 2189 1337 2246 qui
1351 2189 1519 2232 nullam
1541 2188 1612 2231 le-

103 2267 263 2311 ctionis
285 2267 544 2309 varietatem
567 2267 658 2309 hoc
681 2268 782 2310 loco
800 2266 978 2310 videtur
996 2267 1230 2310 habuisse:
1254 2267 1363 2310 dicit
1385 2268 1501 2310 enim
1524 2264 1611 2325 (ib.

104 2362 167 2391 vs.
191 2343 283 2404 25)
306 2339 497 2388 δυνατὸν
519 2338 607 2388 εἶπε
637 2340 738 2388 τὸν
767 2340 941 2405 ιέτελῆ
968 2342 1280 2404 συλλογισμόν.
1317 2346 1491 2390 Eadem
1513 2346 1610 2389 fere

104 2426 218 2470 ratio
239 2430 308 2469 est
329 2424 492 2477 58b8,
533 2424 590 2467 de
621 2439 711 2481 quo
745 2425 847 2468 loco
876 2439 916 2466 v.
942 2440 1057 2482 quae
1090 2425 1283 2469 diximus
1308 2426 1354 2468 in
1380 2439 1610 2468 commen-

105 2505 233 2549 tario.
268 2504 445 2547 Tamen
467 2503 712 2546 Boethium
734 2510 780 2547 et
799 2510 996 2547 veterem
1018 2504 1310 2562 interpretem
1332 2504 1519 2547 latinum
1538 2504 1609 2546 in-

106 2584 285 2628 terdum
325 2582 466 2626 secuti
501 2597 649 2626 sumus
683 2583 996 2625 etiam-invito
1026 2582 1310 2634 Alexandm,
1354 2583 1431 2626 ubi
1462 2583 1608 2626 levem

109 2662 469 2707 emendationem
504 2676 656 2704 sensus
676 2661 916 2721 flagitaret,
939 2661 995 2704 cf.
1019 2676 1055 2704 e.
1080 2676 1125 2720 g.
1149 2659 1327 2706 46a37
1352 2668 1396 2704 et
1417 2662 1608 2706 36:123.

206 2741 303 2784 Iam
335 2755 443 2784 vero
479 2745 673 2799 apparet
704 2755 759 2784 ex
786 2740 838 2783 iis
861 2755 976 2797 quae
999 2739 1186 2783 diximus
1209 2739 1332 2783 haud
1353 2754 1454 2783 raro
1476 2739 1609 2782 aliam

112 2819 250 2863 alium
278 2819 570 2879 interpretem
598 2819 808 2864 habuisse
840 2818 1080 2863 lectionem
1110 2845 1176 2852 —-
1207 2834 1398 2877 namque
1419 2819 1607 2863 Ammo-
