1774 3106
586 174 846 221 Analytioa
876 173 1046 219 priore.
1506 170 1584 210 441

127 275 224 326 fiat,
261 287 578 328 supervacaneus
616 275 668 315 sit
701 274 894 314 terminus
922 273 969 314 Ι).
1030 272 1123 313 Hoc
1150 269 1311 323 quidem
1337 280 1478 309 venun
1506 271 1586 321 est,

126 341 199 380 sed
228 339 468 380 Aristoteles
499 340 566 379 ubi
593 340 689 379 dicit
726 343 804 386 (vs.
831 340 878 386 9)
906 349 1116 377 numerum
1142 335 1404 376 terminorum
1431 333 1588 374 unitate

127 417 319 457 superare
346 416 556 443 numerum
584 403 925 455 propositionum,
965 402 1063 441 nihil
1097 401 1197 441 dicit
1234 401 1286 440 de
1313 398 1585 448 conclusione,

127 481 222 508 num
251 468 353 507 bene
379 468 526 507 habeat
552 480 690 506 necne.
746 466 946 506 Numerus
975 464 1295 517 διαστημάτων,
1323 463 1474 516 inquit,
1513 475 1585 502 ne-

129 545 208 584 que
234 536 404 585 augetur
428 544 558 582 neque
585 530 796 579 minuitur,
835 531 920 570 sive
959 532 1152 571 terminus
1180 530 1214 569 D
1243 529 1418 569 medium
1450 527 1584 567 locum

126 600 317 648 occupat,
360 596 443 634 sive
480 595 599 633 etiam
641 595 770 646 (quod
795 595 837 634 in
869 595 995 635 sorite
1026 595 1189 647 quidem
1218 608 1296 636 non
1323 593 1446 634 debet
1473 592 1585 639 fieri)

130 660 306 712 primum
333 659 397 698 vel
424 658 621 699 ultimum.

74 724 222 764 42b11
260 723 455 762 Dedimus
490 719 575 762 αἰεὶ
612 735 662 762 ex
701 723 863 774 optimis
891 723 1007 764 codd.
1036 728 1079 763 et
1106 723 1171 763 hic
1199 727 1241 763 et
1267 723 1438 771 48a41‚
1477 720 1586 773 quod

127 788 251 828 etiam
281 787 379 826 Bkk.
407 788 566 838 saepius
593 788 779 836 retinuit,
808 801 842 827 v.
871 791 1033 838 20‘In3,
1061 791 1109 837 63
1141 789 1352 836 1333a21,
1381 788 1449 826 29.

75 852 164 891 4211
178 854 227 891 13
248 852 472 892 Alexander
493 864 632 891 vocem
649 849 839 903 περιτταὶ
850 854 1109 892 omittendam
1123 852 1292 902 censuit,
1316 863 1448 902 quam,
1465 862 1587 901 quum

127 915 227 955 ferri
254 917 393 968 possit,
421 916 552 955 invitis
582 917 784 956 codicibus
803 931 827 957 e
848 921 1040 957 contextu
1062 918 1209 957 eiicere
1227 929 1307 955 non
1324 915 1411 955 ausi
1432 926 1584 954 sumus.

75 981 228 1021 42b16
253 978 306 1020 τὰ
334 978 380 1021 δὲ
403 980 737 1033 συμπεράσματα
755 1012 766 1023 .
790 1011 800 1021 .
825 1009 836 1020 .
866 982 1176 1021 Conclusionum
1194 984 1326 1019 autem
1346 992 1426 1019 non
1445 979 1587 1019 eadem

127 1045 228 1084 ratio
258 1045 335 1084 erit
373 1049 492 1096 atque
529 1047 790 1086 terminorum
826 1051 868 1086 et
894 1045 1237 1098 propositionum:
1275 1057 1367 1084 nam
1394 1055 1588 1084 numerus

128 1107 451 1159 conclusionum,
480 1122 582 1160 quae
608 1123 711 1150 novo
739 1112 908 1150 termino
936 1105 1094 1150 adiecto
1126 1110 1250 1159 fiunt,
1278 1109 1431 1149 unitate
1458 1108 1588 1148 minor

128 1177 190 1212 est
216 1185 333 1224 quam
362 1187 551 1214 numerus
568 1175 743 1214 omnium
763 1176 1021 1214 terminorum
1041 1173 1109 1225 qui
1128 1175 1206 1213 iam
1225 1178 1339 1213 antea
1357 1173 1441 1213 dati
1461 1176 1588 1213 erant.

75 1237 226 1277 42b23
255 1235 415 1289 ὁμοίως
443 1235 522 1277 δὲ.
546 1265 557 1276 .
581 1267 592 1277 .
640 1239 796 1279 Eodem
824 1239 943 1278 modo
973 1239 1269 1278 conclusionum
1298 1249 1487 1278 numerus
1514 1250 1587 1277 au-

127 1302 301 1353 gebitur,
331 1303 364 1341 si
392 1303 531 1354 plures
560 1302 628 1342 alii
654 1304 814 1343 termini
842 1303 1054 1343 adduntur.
1075 1304 1132 1332 ‘—
1171 1300 1254 1343 κᾶν
1281 1301 1340 1350 εἰς
1367 1301 1416 1343 τὸ
1437 1331 1447 1342 .
1466 1331 1477 1343 .
1496 1330 1507 1342 .
1544 1300 1590 1341 Si

128 1378 255 1405 novus
283 1367 476 1405 terminus
504 1380 582 1407 non
609 1367 648 1407 in
676 1368 756 1407 fine
776 1368 976 1415 adiicitur,
1005 1368 1079 1407 sed
1096 1366 1336 1407 interiicitur
1355 1368 1403 1406 iis
1426 1367 1495 1419 qui
1511 1366 1591 1406 iam

129 1430 214 1469 dati
242 1433 366 1479 erant,
394 1444 582 1470 numerus
612 1432 934 1482 conclusionum,
964 1444 1066 1483 quae
1092 1431 1185 1471 inde
1212 1436 1456 1480 nascuntur,
1482 1431 1592 1470 idem

130 1495 231 1543 erit,
269 1507 316 1534 ac
355 1495 390 1533 si
416 1496 456 1533 in
485 1495 566 1534 fine
593 1496 776 1535 adiectus
813 1502 948 1545 esset,
986 1497 1060 1535 sed
1087 1496 1126 1535 in
1156 1496 1476 1536 conclusionibus
1511 1495 1592 1534 hoc

129 1559 347 1599 discrimen
375 1559 475 1608 erit,
505 1559 612 1610 quod
641 1572 717 1598 una
744 1561 966 1612 propositio
996 1561 1317 1610 demonstratur,
1346 1573 1448 1611 quae
1475 1563 1594 1599 antea

132 1636 211 1664 non
239 1623 509 1663 demonstrata
537 1628 670 1663 sumta
698 1629 796 1663 erat.
853 1623 897 1663 Si
935 1625 976 1664 in
1004 1626 1130 1665 sorite
1158 1625 1250 1673 AB,
1279 1625 1372 1675 Bc,
1402 1624 1470 1664 CD
1498 1626 1594 1676 post

130 1687 299 1739 primam
327 1687 642 1739 propositionem
670 1688 855 1727 adiicitur
882 1690 1078 1728 terminus
1104 1689 1166 1739 M,
1194 1689 1322 1728 series
1351 1689 1594 1740 propositio-

132 1763 226 1789 num
256 1751 336 1789 exit
363 1751 487 1789 haec:
516 1751 609 1799 AB,
639 1751 739 1800 BM,
766 1752 873 1803 MC,
903 1752 994 1792 CD:
1024 1753 1301 1792 conclusiones
1329 1753 1451 1805 igitur
1479 1765 1594 1793 acce-

131 1816 230 1854 dunt
255 1815 357 1853 hae:
385 1813 478 1862 AM,
508 1814 588 1865 BC,
618 1815 713 1857 Ml).

78 1880 229 1920 42b25
257 1874 362 1917 ὥστε
389 1871 501 1918 πολὺ
524 1905 534 1916 .
555 1907 565 1917 .
589 1908 602 1920 .
656 1880 856 1919 Numerus
886 1880 1185 1921 conclusionum
1213 1882 1340 1921 multo
1367 1881 1496 1921 maior
1517 1880 1594 1921 erit

130 1955 300 1983 numero
329 1943 601 1982 terminorum.
634 1943 724 1982 Hoc
752 1944 912 1995 quidem
944 1950 1096 1985 certum
1118 1949 1196 1994 est,
1225 1946 1298 1985 sed
1318 1946 1456 1995 miror,
1485 1945 1592 1997 quod

128 2008 169 2047 in
196 2019 406 2047 numerum
434 2008 733 2047 conclusionum
759 2020 837 2046 nou
867 2009 1038 2060 amplius
1065 2010 1281 2060 inquisivit.
1324 2011 1506 2062 Apparet
1521 2023 1591 2050 au-

128 2075 213 2111 tem
242 2084 292 2110 ex
318 2072 446 2110 tribus
474 2072 834 2122 propositionibus,
871 2086 973 2124 quae
1001 2073 1170 2113 soritem
1198 2074 1461 2125 constituant,
1499 2074 1591 2114 fieri

129 2139 214 2175 tres
245 2135 542 2185 conclusiones,
588 2148 637 2174 ex
665 2140 855 2186 quattuor
882 2137 972 2175 fieri
1000 2150 1095 2187 sex,
1135 2151 1185 2178 ex
1222 2138 1397 2189 quinque
1426 2139 1592 2178 decem:

133 2199 374 2251 colliguntur
401 2200 506 2237 enim
536 2212 586 2238 ex
613 2201 956 2253 propositionibus
982 2203 1068 2252 ΑΒ,
1092 2203 1175 2251 BC,
1196 2202 1278 2251 CD,
1298 2202 1386 2249 DE,
1407 2201 1478 2240 EF
1498 2214 1591 2241 con-

133 2264 333 2304 clusiones
360 2263 442 2311 AC,
472 2263 559 2312 AD,
588 2264 674 2313 ΑΕ,
699 2264 789 2313 AF;
820 2266 899 2316 BD,
921 2267 1004 2316 ΒΕ,
1022 2267 1113 2315 BF3
1145 2266 1228 2316 GE,
1251 2266 1339 2314 CF;
1367 2266 1451 2305 DF.
1490 2265 1590 2305 Gre-

133 2329 210 2367 scit
237 2328 360 2378 igitur
396 2341 587 2366 numerus
620 2329 918 2370 conclusionum
947 2331 1167 2370 secundum
1195 2343 1383 2370 numeros
1411 2330 1592 2383 triangu-

132 2392 194 2431 los
211 2392 600 2442 (Trigonalzahlen).
641 2392 704 2431 Sit
719 2405 906 2434 numerus
925 2395 1239 2447 propositionum
1255 2408 1372 2442 =.n,
1400 2406 1591 2434 numerus

1434 2455 1589 2536 'ssiam'

132 2555 251 2594 Fient
272 2555 394 2606 igitur
421 2568 444 2593 e
471 2554 609 2607 viginti
636 2556 970 2607 propositionibus
999 2570 1101 2608 quae
1129 2557 1293 2596 soritem
1320 2556 1470 2596 faciunt
1495 2567 1591 2595 con-

134 2618 332 2659 clusiones
363 2624 522 2658 centum
551 2622 592 2657 et
618 2619 842 2669 nonaginta,
871 2633 1041 2672 quarum
1067 2620 1311 2673 undeviginti
1328 2634 1351 2661 a
1368 2619 1591 2662 terminoA

135 2683 340 2735 incipiunt,
369 2684 594 2724 octodecim
622 2695 645 2722 a
672 2683 842 2724 termino
870 2685 902 2723 B
930 2688 972 2724 et
997 2683 1056 2724 sic
1082 2697 1216 2737 porro.
1290 2732 1294 2735 ἱ

132 2474 396 2513 terminorum
422 2475 655 2520 =n÷l,
692 2474 767 2512 erit
802 2488 992 2515 numerus
1031 2476 1332 2515 conclusionum
1359 2492 1422 2507 =
