1884 3100
600 213 945 249 ΠΡΟΤΕΡΩΝ
972 215 1012 248 B.
1450 213 1532 256 257

76 311 127 362 τὸ
146 312 288 375 ἄκρον
303 315 369 379 τῷ
387 311 519 378 μέσῳ.
554 312 696 375 φύσει
714 313 795 374 μὲν
812 306 901 360 οὖν
920 306 1138 375 πρότερος
1159 312 1235 360 καὶ
1255 313 1579 376 γνωριμώτε-δῠ

76 399 157 464 ρος
189 380 215 428 ὁ
244 379 318 428 διὰ
345 384 431 427 τοῦ
461 380 604 440 μέσου
637 379 949 444 συλλογισμός,
978 381 1086 444 ἡμῖν
1107 378 1147 428 δ’
1168 379 1523 444 ἑναργέστερος
1498 399 1525 428 ο

76 447 150 495 διὰ
173 453 252 512 τῆς
280 449 520 510 ἐπαγωγῆς.

213 516 502 577 Παράδειγμα
527 513 567 561 δ’
596 514 712 561 ἐστὶν
742 511 849 561 ὅταν
880 517 943 579 τῷ
972 513 1092 579 μέσῳ
1119 512 1172 562 τὸ
1205 533 1348 576 ακρον
1374 513 1525 577 υπάρ-
1544 510 1611 554 24

76 599 155 642 χον
185 585 342 643 δειχθῇ
375 580 448 628 διὰ
477 586 563 628 τοῦ
593 579 756 640 ὁμοίου
781 599 842 646 τω
877 581 1018 646 τρίτῳ.
1056 585 1126 628 δεῖ
1154 583 1202 628 δὲ
1225 584 1301 629 καὶ
1321 580 1374 629 vd
1393 583 1530 667 μέσον

74 666 136 694 τω
162 650 289 714 τρίτῳ
311 650 384 694 και
404 646 456 695 τὸ
482 652 656 731 πρῶτον
682 666 744 713 τω
780 646 920 714 ὁμοίῳ
941 647 1158 732 γνώριμον
1181 646 1290 696 εἶναι
1310 647 1528 711 ὑπάρχον.
1543 663 1580 692 40

75 733 171 762 οιον
204 716 311 762 ἔστω
339 713 392 762 τὸ
420 719 458 761 Α
485 714 642 772 κακόν,
671 714 722 761 τὸ
752 716 799 761 δὲ
832 719 871 762 Β
890 713 1004 775 πρὸς
1025 713 1228 776 ὁμόρους
1250 715 1530 778 άναιρεῖσθαι

73 782 288 865 πόλεμον,
325 780 395 843 ἐφ’
426 775 464 847 ᾠ
493 783 541 829 δὲ
573 785 620 828 Γ
643 780 694 828 τὸ
722 780 989 845 Ἀθηναίους
1008 780 1125 864 πρὸς
1154 785 1396 846 Θηβαίους,
1414 782 1468 831 vd
1489 783 1529 831 6'
1544 802 1580 835 P·
1572 789 1637 824 -69

75 849 144 910 ἐφ’
165 852 200 895 οἱ
231 855 273 896 A
299 829 531 912 Θηβαίους
549 847 662 909 πρὸς
687 853 870 907 Φωκεῖς.
900 848 976 897 ἐὰν
996 842 1082 896 οὖν
1102 850 1374 911 βουλώμεθα
1393 850 1530 908 δεῖξαι

75 914 142 963 ὅτι
170 915 221 964 τὸ
254 918 467 980 Θηβαίοις
495 920 698 976 πολεμεῖν
727 916 868 964 κακόν
899 918 1004 974 ἐστι,
1033 918 1224 981 ληπτέον
1256 916 1323 965 ὅτι
1344 916 1396 965 τὸ
1413 916 1528 979 πρὸς

74 982 183 1041 τοὺς
213 982 425 1069 ὁμόρους
444 987 648 1043 πολεμεῖν
685 983 840 1041 κακόν.
899 983 1068 1031 τούτου
1100 986 1148 1031 δὲ
1181 987 1328 1043 πίστις
1358 986 1405 1032 ἐκ
1437 1004 1529 1034 των

76 1049 258 1111 ὁμοίων,
282 1056 377 1097 οἱον
398 1048 465 1096 ὅτι
492 1051 707 1112 Θηβαίοις
730 1049 755 1096 ὁ
780 1049 898 1110 πρὸς
923 1055 1105 1108 Φωκεῖς.
1127 1052 1218 1099 ἐπεὶ
1238 1070 1326 1099 ουν
1344 1050 1396 1099 τὸ
1413 1051 1529 1114 πρὸς
1543 1071 1560 1101 ⁵

73 1116 180 1175 τοὺς
192 1116 392 1199 ὁμόρους
411 1116 564 1172 κακόν,
583 1115 636 1163 τὸ
652 1117 699 1162 δὲ
712 1115 829 1175 πρὸς
847 1118 1078 1180 Θηβαίους
1089 1117 1203 1177 πρὸς
1214 1117 1412 1181 ὁμόρους
1424 1121 1527 1179 ἐστί,

73 1183 270 1247 φανερὸν
293 1182 359 1231 ὅτι
380 1182 432 1230 τὸ
453 1181 570 1243 πρὸς
591 1184 822 1245 Θηβαίους
839 1187 1045 1244 πολεμεῖν
1061 1184 1212 1231 κακόν.
1251 1183 1318 1232 ὅτι
1336 1187 1418 1246 μὲν
1439 1188 1528 1234 σύν

73 1250 125 1299 τὸ
150 1256 189 1298 Β
219 1255 280 1318 τῷ
312 1255 358 1298 Γ
377 1252 452 1297 καὶ
480 1254 545 1316 τῷ
579 1255 621 1296 A
647 1248 858 1311 ὑπάρχει,
894 1250 1092 1312 φανερόν
1128 1250 1289 1314 (αμφω
1325 1253 1409 1314 γάρ
1440 1254 1529 1300 ἐστι

73 1318 187 1378 πρὸς
218 1317 326 1376 τούς
354 1316 554 1379 ὁμόρους
582 1315 860 1377 ἀναιρεῖσθαι
882 1318 1116 1381 πόλεμον),
1137 1321 1212 1365 καὶ
1243 1317 1312 1367 ὅτι
1331 1318 1384 1368 τὸ
1407 1325 1446 1367 Α
1463 1325 1529 1367 τῶ

75 1394 116 1433 A
136 1387 383 1449 (Θηβαιοις
394 1404 477 1447 γαρ
498 1382 557 1431 οὐ
569 1383 997 1448 συνηνεγκενὸπρὸς
1012 1390 1183 1444 Φωκεῖς
1194 1386 1440 1449 πόλεμος)·
1462 1368 1527 1435 ὅτι
1545 1406 1580 1434 10

75 1455 122 1500 δε
154 1452 207 1500 τὸ
239 1458 277 1499 Α
310 1457 371 1518 τῷ
401 1457 439 1499 Β
468 1451 674 1538 ὑπάρχει,
707 1451 781 1498 διὰ
811 1457 896 1499 τοῦ
926 1457 969 1499 A
990 1453 1291 1539 δειχθήσεται.
1338 1453 1421 1502 τὸν
1443 1475 1527 1503 αι-

74 1519 151 1567 τὸν
178 1522 225 1567 δε
255 1519 421 1579 τρόπον
440 1537 526 1566 καν
546 1521 583 1566 εἰ
605 1517 678 1566 διὰ
699 1518 918 1566 πλειόνων
944 1538 1036 1571 των
1059 1519 1226 1580 ὁμοίων
1245 1520 1275 1585 ἡ
1297 1523 1442 1579 πίστις
1461 1524 1529 1585 γί-

73 1605 193 1634 νοιτο
210 1591 295 1634 τοῦ
313 1587 454 1647 μέσου
473 1584 589 1645 πρὸς
607 1585 658 1634 τὸ
673 1585 822 1646 ἄκρον.
838 1585 1036 1648 φανερὸν
1054 1589 1139 1635 οὐν
1164 1586 1231 1636 ὅτι
1243 1587 1296 1636 τὸ
1315 1589 1530 1652 παράδει-

72 1674 160 1717 γμα
148 1654 288 1701 ἐ’στιν
305 1651 408 1701 οὔτε
430 1673 490 1711 ως
511 1653 641 1739 μέρος
655 1653 772 1714 πρὸς
795 1652 902 1701 ὅλον
923 1673 983 1701 ου
964 1653 1029 1701 ”ve
1053 1674 1114 1713 ως
1135 1653 1244 1703 ὅλον
1258 1655 1371 1716 προς
1380 1677 1529 1718 μερος,

74 1720 166 1768 ἄλλ’
197 1741 257 1779 ως
283 1722 414 1782 μέρος
440 1718 553 1780 πρὸς
587 1722 745 1782 μέρος,
775 1719 882 1768 ὅταν
913 1740 1048 1783 αμφω
1082 1741 1161 1783 μεν
1192 1716 1223 1784 ἦ
1250 1722 1346 1770 ὑπὸ
1375 1744 1461 1771 ταυ
1451 1723 1529 1782 ’τό,
1548 1743 1582 1770 16

72 1789 290 1851 γνώριμον
333 1789 380 1834 δε
406 1787 610 1846 θάτερον.
667 1790 742 1834 καὶ
773 1789 974 1849 διαφέρει
1004 1792 1084 1851 τῆς
1117 1790 1425 1854 ἐπαγωγης,”
1399 1810 1466 1838 οτι
1497 1790 1528 1855 ἠ

73 1858 152 1917 μεν
181 1854 227 1912 ἐξ
257 1854 461 1902 ἁπάντων
491 1860 578 1902 τῶν
605 1853 778 1915 ἀτόμων
806 1853 858 1902 τὸ
890 1853 1032 1915 ἄκρον
1061 1857 1283 1904 ἐδείκνυεν
1312 1856 1533 1920 ὑπάρχειν

72 1941 134 2005 τῳ
164 1923 286 1988 μέσω
318 1923 394 1968 καὶ
419 1920 534 1981 πρὸς
560 1920 611 1968 τὸ
634 1921 774 2004 ἄκρον
803 1941 862 1970 ου
891 1927 1086 1986 συνηπτε
1118 1922 1196 1972 τὸν
1215 1925 1529 1988 συλλογισμόν,

72 1989 126 2038 τὸ
146 1992 194 2038 δε
212 1991 286 2035 καὶ
319 1988 531 2036 συνάπτει
551 1991 625 2036 καὶ
649 1988 735 2036 οὐκ
759 1988 854 2045 ἐξ
829 1989 1034 2037 απάντων
1054 1992 1290 2040 δείκνυσιν.

194 2055 431 2140 Ἀπαγωγὴ
462 2054 499 2103 6'
533 2054 703 2103 ἐστιν“
676 2075 783 2103 οταν
811 2075 873 2103 τω
907 2076 987 2117 μεν
1013 2058 1133 2140 μέσῳ
1168 2057 1222 2106 τὸ
1245 2074 1427 2144 πρωτον
1449 2063 1530 2124 δῆ-
1550 2058 1615 2104 25

72 2129 153 2172 λον
181 2117 213 2185 ᾗ
233 2123 452 2207 ὑπάρχον,
483 2141 545 2169 τω
569 2123 608 2170 δ’
627 2123 794 2190 ἐσχάτῳ
814 2122 866 2171 τὸ
890 2125 1028 2185 μέσον
1058 2106 1228 2189 αδηλον
1246 2128 1341 2188 μέν,
1365 2125 1532 2209 ὁμοίως
1546 2145 1583 2173 21

74 2193 122 2238 δὲ
162 2189 319 2238 πιστὸν
363 2189 393 2253 ἢ
421 2194 588 2249 μᾶλλον
623 2196 708 2238 τοῦ
738 2191 1132 2253 συμπεράσματος,
1171 2195 1228 2241 ετι
1259 2213 1315 2242 αν
1345 2193 1474 2256 όλίγα
1501 2187 1532 2255 ᾖ

73 2257 127 2305 τὰ
153 2258 266 2318 μέσα
291 2261 376 2303 τοῦ
395 2256 584 2317 ἐσχάτου
602 2259 678 2304 καὶ
699 2263 784 2305 τοῦ
808 2259 977 2319 μέσου·
998 2259 1175 2318 πάντως
1195 2259 1278 2323 γὰρ
1300 2260 1533 2323 ἐγγύτερον

75 2323 184 2373 εἶναι
203 2325 435 2385 συμβαίνει
458 2328 538 2387 τῆς
559 2324 812 2388 ἑπιστημης.
854 2323 951 2374 οἷον
977 2327 1084 2374 εστω
1105 2326 1157 2374 τὸ
1177 2332 1215 2374 Α
1235 2326 1289 2375 τὸ
1310 2328 1532 2387 διδακτόν,

75 2392 146 2456 ἐφ’
163 2394 222 2440 οὐ
245 2396 283 2440 Β
304 2391 532 2456 ἐπιστήμη,
551 2390 603 2438 τὸ
618 2392 944 2457 Γδικαιοσύνη.
965 2391 995 2458 ἡ
1015 2412 1094 2455 μεν
1112 2414 1198 2443 ουν
1218 2393 1490 2460 ἐπιστήμη”
1461 2414 1530 2443 οτι
1545 2418 1582 2447 25

166 2581 211 2614 35
223 2591 292 2614 ουν
307 2591 362 2612 om
379 2579 415 2613 G.
443 2598 484 2604 —
518 2579 582 2614 καὶ
602 2576 882 2626 γνωριμώτερος
897 2591 935 2612 rc
954 2591 1011 2624 mg
1025 2592 1060 2613 π.
1085 2601 1128 2607 -
1160 2582 1204 2617 39
1217 2583 1295 2618 δεῖ.
1337 2584 1404 2618 .40
1420 2583 1531 2630 τρίτῳ

78 2636 133 2658 om
148 2626 184 2658 C.
211 2645 254 2651 —
278 2626 324 2659 40
340 2624 624 2680 γνωριμώτερον
639 2638 674 2658 n.

163 2669 249 2704 69a1
270 2668 311 2704 τὸ
334 2667 366 2705 δ’
388 2683 445 2704 om
463 2683 499 2704 n.
524 2691 569 2697 -—
595 2673 615 2705 6
635 2667 772 2704 κακόν.
812 2668 997 2726 .ὁμόρονς
1015 2684 1053 2704 rc
1072 2683 1128 2716 mg
1145 2684 1178 2706 n.
1205 2693 1250 2699 —
1274 2673 1295 2706 7
1310 2670 1352 2707 τὰ
1373 2684 1416 2717 pr
1426 2685 1530 2709 omn.

78 2732 122 2740 —·
146 2715 185 2748 ll
206 2715 258 2761 τῷ
315 2714 402 2750 τὸα
428 2717 463 2750 C·
490 2736 536 2742 —
571 2718 611 2751 12
632 2716 742 2751 καὶη.
768 2735 812 2742 -
852 2715 997 2760 γένοιτο
1017 2718 1078 2751 Cn.
1104 2738 1146 2743 —
1182 2719 1225 2752 13
1254 2730 1323 2753 ουν
1348 2719 1460 2753 omC.
1484 2737 1531 2747 —

77 2761 121 2840 ὲὸ
140 2759 290 2839 &izimo
310 2759 353 2798 τὸ
373 2758 466 2797 αὐτό
493 2763 531 2796 C.
555 2781 602 2789 —
627 2763 668 2797 16
685 2761 968 2808 γνωριμώτερον
985 2774 1090 2796 ¹1·-
1114 2763 1160 2798 25
1179 2757 1226 2799 οὗ
1243 2762 1284 2799 δὲ
1301 2764 1325 2810 β
1348 2763 1385 2799 G-
1407 2783 1454 2790 —-
1485 2777 1527 2801 το

104 2818 119 2839 ὃ
137 2817 158 2849 7

121 2862 152 2895 1.
1271 2864 1317 2900 1⁷
