1884 3100
607 179 679 219 ΚΑ
695 183 1008 219 ΤΗΓΟΡΙΑΙ.
1460 181 1541 222 1⁰5

88 282 272 345 πάσχειν
291 280 453 347 ῥᾳδίως
479 280 576 330 ὑπὸ
600 288 688 332 τῶν
706 282 940 344 τυχόντων.
1004 279 1167 342 ὁμοίως
1188 279 1237 335 δὲ
1254 279 1436 339 τούτοις
1463 283 1538 328 καὶ

87 348 139 397 τὸ
178 347 375 414 σκληρὸν
401 350 475 395 καὶ
511 348 564 397 τὸ
602 349 801 412 μαλακὸν
841 351 947 411 ἔχει·
1003 347 1056 396 τὸ
1097 349 1176 409 μὲν
1217 345 1301 410 γὰρ
1340 346 1588 412 σκληρὸν25

89 418 258 480 λέγεται
288 420 350 482 τῷ
380 416 626 478 δύναμιν”
602 436 712 480 εχειν
741 421 828 464 τοῦ
853 416 914 480 μὴ
944 416 1107 481 ῥαδίως
1148 418 1440 476 διαιρεῖσθαι,
1485 414 1537 463 τὸ

88 486 136 532 δὲ
155 464 356 547 μαλακόν
374 488 436 550 τῷ
463 483 713 547 ἀδυναμίαν
742 486 853 546 ἔχειν
873 488 960 531 τοῦ
983 482 1128 531 αὐτοῦ
1143 482 1324 530 τούτου.
1582 538 1583 541 ¹

230 553 390 612 Τρίτον
418 553 464 598 δὲ
497 552 662 632 γένος
649 551 884 616 ποιότητος
912 552 1157 614 παθητικαὶ
1197 549 1425 634 ποιότητες
1454 549 1531 596 καὶ
1597 580 1599 582 -

85 617 229 682 πάθη.
285 619 372 665 ἔστι
394 619 441 664 δὲ
459 617 512 664 τὰ
532 618 680 666 τοιάδε
700 617 797 666 οἷον
816 617 1043 680 γλυκύτης
1059 637 1103 665 τε
1124 618 1198 664 καὶ
1216 617 1432 680 πικρότης
1454 617 1531 663 καὶ

85 684 366 771 στρυφνότης
384 685 459 731 καὶ
476 686 619 733 πάντα
637 684 690 732 τά
713 685 890 743 τούτοις
912 688 1105 748 συγγενῆ
1115 721 1127 743 ,
1163 684 1225 730 ε’τι
1245 685 1293 731 δὲ
1312 682 1536 752 θερμότης
1550 705 1586 733 so

84 754 160 799 καὶ
178 752 408 837 ψυχρότης
430 753 503 799 καὶ
522 753 738 817 λευκότης
764 754 838 800 καὶ
868 752 1062 836 μελανία.
1127 769 1196 797 οτι
1221 770 1301 812 μεν
1331 753 1417 798 οὐν
1447 747 1536 798 αὖ-

87 837 158 866 ται
179 820 407 883 ποιότητές
425 821 534 880 εἰσι,
551 818 885 907 φανερόν·τᾶ
917 817 1000 882 γὰρ
1038 818 1271 880 δεδεγμένα
1290 817 1405 865 αὐτοὶ
1427 816 1535 865 ποια

85 887 253 950 λέγεται
304 886 397 934 κατ’
449 885 609 946 αὐτάς,
656 893 753 935 οἱον
792 885 844 935 τὸ
883 887 981 948 μέλι
1019 890 1082 933 τῶ
1117 885 1373 950 γλυκύτητα
1410 886 1534 933 δεδέ-

85 959 192 1015 χθαι
209 952 355 1016 γλυκὺ
382 954 550 1039 λέγεται
570 956 644 1003 καὶ
672 954 724 1003 τὸ
752 959 878 1016 σῶμα
908 935 1070 1001 λευκὸν
1100 957 1162 1019 τῷ
1187 953 1534 1017 λευκότητωδε-

85 1021 265 1082 δέχθαι·
310 1020 525 1081 ὡσαύτως
560 1024 607 1070 δε
630 1024 704 1070 καὶ
728 1023 797 1069 ἐπὶ
827 1040 919 1069 των
950 1019 1147 1068 αλλων”
1122 1039 1218 1082 εχει.
1287 1021 1584 1084 παθητικαὶεε

83 1088 132 1134 δὲ
149 1088 376 1151 ποιότητες
394 1088 592 1150 λέγονται
622 1089 684 1137 ου’
716 1094 779 1155 τῷ
810 1087 925 1136 αύτα
959 1107 1014 1135 τα
1046 1088 1278 1149 δεδεγμένα
1311 1086 1391 1146 τὰς
1425 1101 1523 1135 ποι-

83 1153 240 1219 ότητας
258 1157 528 1204 πεπονθέναι
556 1174 619 1204 τι·
654 1136 759 1203 οὔτε
788 1174 872 1218 γαρ
903 1153 956 1202 τὸ
981 1155 1078 1216 μέλι
1105 1159 1169 1221 τῷ
1186 1156 1460 1202 πεπονθέναι
1490 1173 1531 1202 τι
1546 1167 1571 1201 b

82 1222 249 1286 λέγεται
265 1222 425 1286 γλυκύ,
444 1224 548 1273 οὔτε
568 1228 656 1272 τῶν
676 1222 822 1271 ἄλλων
843 1241 934 1270 των
955 1202 1170 1269 τοιούτων
1183 1220 1331 1270 ούδέν.
1365 1220 1530 1282 ὁμοίως

83 1290 130 1336 δε
170 1291 347 1350 τούτοις
383 1293 457 1338 καὶ
500 1291 528 1356 ἡ
570 1291 792 1376 θερμότης
825 1291 900 1337 καὶ
936 1288 968 1354 ἡ
1012 1288 1243 1353 ψυχρότης
1285 1291 1531 1353 παθητικαὶ

81 1358 309 1422 ποιότητες
359 1358 557 1420 λέγονται
602 1358 662 1407 ού
697 1364 763 1443 τῷ
810 1355 924 1405 αὐτὰ
979 1375 1034 1404 τα
1083 1357 1317 1419 δεδεγμένα
1364 1371 1532 1404 πεπον-

81 1426 212 1473 θέναι
244 1444 307 1483 τι,
350 1430 412 1492 τῷ
442 1429 490 1475 δε
517 1424 628 1474 κατὰ
657 1425 738 1484 τὰς
770 1424 1002 1489 αἰσθήσεις
1027 1423 1215 1488 εκάστην
1244 1429 1333 1471 τῶν
1359 1424 1565 1487 εἰρημέ-5

81 1509 170 1539 νων
190 1473 436 1557 ποιοτήτων
455 1494 638 1552 πάθους
655 1491 763 1541 εἶναι
786 1490 1025 1556 ποιητικην
1043 1493 1288 1554 παθητικαὶ
1305 1491 1534 1555 ποιότητες

81 1560 305 1623 λέγονται”
360 1559 393 1624 ἥ
432 1580 476 1609 τε
507 1580 588 1624 γαρ
619 1559 846 1644 γλυκύτης
878 1559 1028 1617 πάθος
1056 1577 1098 1606 τι
1126 1578 1239 1606 κατα
1270 1557 1352 1623 τὴν
1379 1563 1533 1622 γεῦσιν

81 1627 249 1688 ἐμποιεῖ
276 1629 352 1674 καὶ
383 1626 413 1691 ἡ
460 1628 682 1693 θερμότης
717 1627 827 1676 κατὰ
868 1626 951 1691 τὴν
989 1625 1139 1691 ἁφήν,
1183 1625 1347 1688 ὁμοίως
1380 1627 1428 1674 δε
1456 1627 1532 1674 καὶ

81 1695 127 1741 αἱ
158 1693 299 1742 ἄλλαι.
362 1696 586 1778 λευκότης
627 1698 674 1744 δε
719 1697 794 1743 καὶ
831 1695 1014 1756 μελανία
1045 1696 1120 1742 καὶ
1151 1695 1196 1741 αἱ
1228 1692 1357 1741 αλλαι
1385 1695 1532 1778 χροιαὶ

82 1759 141 1809 οὔ
156 1761 238 1810 τὸν
263 1760 406 1809 αὐτὸν
426 1763 595 1824 τρόπον
625 1768 717 1820 τοῖς
732 1763 990 1846 εἰρημένοις
1027 1763 1272 1824 παθητικαὶ
1301 1761 1531 1825 ποιότητες
1548 1782 1582 1810 ιο

80 1829 294 1888 λέγονται,
328 1828 439 1876 άλλὰ
460 1835 523 1895 τῷ
554 1849 614 1877 αι
604 1828 694 1888 ’τὰς
715 1827 804 1876 άπὸ
837 1829 1020 1885 πάθους
1050 1829 1284 1891 γεγονέναι.
1357 1826 1424 1875 ὅτι
1451 1847 1531 1889 μεν

80 1897 168 1943 οὐν
197 1897 391 1959 γίνονται
423 1878 502 1944 διὸί
524 1897 678 1955 πάθος
699 1898 859 1944 πολλαὶ
879 1897 1114 1957 μεταβολαὶ
1144 1895 1409 1957 χρωμάτων,
1446 1899 1530 1959 δῆ-

79 1966 183 2010 λον·
227 1965 484 2024 αἰσχυνθεὶς
523 1964 606 2027 γάρ
643 1982 709 2022 τις
746 1961 941 2027 ἐρυθρὸς
982 1964 1148 2026 ἐγένετο
1188 1964 1262 2010 καὶ
1310 1965 1532 2027 φοβηθεὶς

78 2145 143 2176 μιν
157 2132 182 2166 ἰ.
206 2150 254 2158 —-
276 2130 440 2188 φυσικὴν
459 2144 500 2175 pr
519 2144 574 2166 om
593 2145 628 2167 n.
654 2151 700 2158 —
732 2130 848 2186 μηδεν
866 2131 1011 2177 ABdeg,
1035 2143 1115 2165 corr
1135 2133 1196 2174 Cn,
1222 2143 1276 2164 om
1295 2132 1318 2165 i.
1346 2152 1389 2159 —
1421 2144 1530 2176 φυσι-

79 2177 150 2221 κὴν
181 2190 248 2212 του
278 2176 406 2222 μηδεν]
438 2178 507 2212 τοῦ
533 2175 652 2213 αὐτοῦ
681 2176 820 2215 τούτου
845 2178 897 2223 τῷ
917 2189 945 2211 e.
974 2198 1016 2203 —
1050 2179 1095 2211 94
1120 2175 1276 2221 πάσχειν
1305 2189 1387 2210 corr
1419 2180 1456 2211 C.
1485 2199 1527 2204 —

80 2222 218 2311 Ξᾳδίως
244 2235 300 2256 om
327 2224 363 2256 C
391 2241 432 2248 -
469 2220 544 2257 υπὸ
567 2225 641 2257 τῶν
665 2213 880 2268 τυχόντων]
900 2223 968 2257 τοῦ
984 2221 1105 2256 αὐτοῦ
1133 2222 1272 2257 τούτου
1291 2235 1349 2255 rec
1366 2234 1394 2267 g
1413 2225 1472 2265 qui
1489 2236 1530 2279 ρι-

109 2269 142 2301 el
176 2280 231 2301 om
251 2269 332 2301 Bdi.
364 2286 411 2292 —
454 2269 499 2301 25
517 2269 568 2301 alt
585 2266 628 2303 τὸ
648 2281 703 2302 orn
724 2281 752 2302 e.
779 2289 821 2294 —
852 2269 896 2302 26
917 2268 983 2315 τῷ]
1009 2268 1052 2302 τὸ
1078 2269 1145 2301 Rd.
1170 2286 1214 2294 -
1252 2269 1336 2312 τοῦ]
1366 2279 1532 2312 φυσικην

78 2314 192 2356 τοῦῙ.
218 2333 261 2340 -
297 2312 489 2370 27τῷ]τὸ
512 2315 607 2347 ABd.
632 2332 677 2339 -·
707 2314 752 2347 28
778 2313 818 2349 δε
842 2326 946 2347 ome
975 2333 1014 2339 —
1050 2311 1277 2348 29z&ome.
1303 2333 1347 2339 —
1381 2316 1528 2357 teres,

83 2371 139 2393 om
153 2360 190 2392 C.
216 2377 260 2384 —
285 2359 338 2391 alt
354 2357 418 2393 καὶ
436 2371 491 2392 om
509 2360 546 2392 C.
571 2379 612 2385 —
637 2358 796 2414 πικρότη
773 2373 816 2403 ης
837 2372 894 2392 om
910 2360 979 2393 Vat
999 2360 1080 2393 238.
1105 2377 1148 2384 —
1173 2360 1217 2392 30
1235 2356 1380 2393 πάντα.
1417 2370 1527 2402 ,συγ-

77 2405 183 2448 γενῆ]
205 2405 252 2438 τὰ
268 2405 426 2439 τοιαῦτα
446 2416 474 2438 e.
499 2423 545 2430 —
581 2403 638 2449 δε]
655 2403 694 2438 δε
715 2405 778 2440 καὶ
800 2406 837 2438 C.
863 2424 909 2431 -
941 2405 983 2438 3l
1007 2404 1069 2438 καὶ
1092 2402 1268 2458 λευκότης
1286 2404 1349 2438 καὶ
1372 2405 1529 2447 μελανία

78 2457 164 2494 post
190 2451 234 2484 30
261 2447 494 2504 στρυφνότης
515 2461 544 2483 e.
570 2470 613 2476 -
648 2443 758 2484 αὗται
779 2448 990 2504 παθητικαὶ
1020 2448 1217 2492 ποιότητες
1245 2451 1283 2484 C.
1310 2469 1352 2475 —
1386 2450 1431 2482 32
1458 2450 1528 2484 εἰσι

80 2506 137 2528 om
158 2506 187 2528 e.
212 2513 258 2521 —-
290 2494 337 2529 τὰ
353 2493 439 2550 γὰρ]
471 2491 568 2529 αυτοὶ
593 2495 664 2540 γὰρ
685 2493 779 2539 vols.
804 2514 846 2522 —
882 2492 1000 2534 αὐτὰς
1018 2506 1055 2534 e,
1083 2507 1138 2527 om
1158 2495 1237 2529 Bdi.
1263 2513 1310 2520 —-
1341 2495 1384 2528 33
1406 2493 1528 2537 λέγον-

79 2553 142 2575 ται
164 2540 219 2582 Cf.
241 2559 288 2566 —
320 2539 572 2579 κατωταύτας
594 2543 657 2580 Cn,
683 2553 739 2574 om
756 2553 783 2575 e.
805 2560 852 2567 —
883 2542 926 2574 33
951 2548 986 2572 et
1007 2520 1055 2573 34'
1067 2539 1134 2594 τῷ]
1155 2539 1197 2573 τὸ
1219 2552 1263 2584 pr
1283 2541 1326 2573 A.
1351 2557 1395 2564 —
1429 2542 1472 2575 33
1493 2547 1528 2573 et

79 2586 125 2620 34
144 2584 317 2640 δέχεσθαι
339 2587 385 2620 di.
410 2605 454 2612 —-
487 2586 627 2628 λέγεται
644 2583 756 2629 γλυκὺ
782 2587 879 2629 Cefn.
905 2606 950 2611 —
984 2587 1028 2618 35
1046 2584 1085 2619 δὲ
1111 2597 1167 2616 om
1185 2597 1219 2617 n
1243 2603 1289 2609 —-
1319 2583 1357 2628 ἔχ
1359 2596 1391 2619 ει
1410 2597 1465 2618 om
1489 2586 1526 2619 G.

169 2630 237 2665 9bl
257 2627 301 2666 ού
319 2643 375 2665 om
398 2643 426 2666 e·
454 2651 497 2656 —
521 2633 543 2665 2
562 2629 650 2667 ου’δε
668 2632 733 2665 Ad.
755 2650 802 2657 —
826 2634 846 2665 3
869 2628 1018 2668 τούτοις
1039 2630 1143 2663 omd.
1166 2649 1211 2655 —
1234 2627 1257 2673 ἦ
1279 2597 1357 2663 Βίεχ
1351 2642 1406 2662 om
1428 2642 1457 2664 e.
1484 2650 1525 2656 —

80 2673 171 2731 altr!
204 2689 262 2710 om
289 2688 328 2722 g.
352 2696 396 2703 —
439 2678 461 2711 4
487 2676 686 2722 ποιότητες
718 2689 773 2710 om
803 2688 857 2710 en.
882 2694 923 2700 —-
969 2687 1035 2709 ου.
1072 2676 1113 2708 .7
1136 2674 1306 2718 λέγονται
1335 2687 1390 2708 om
1421 2676 1447 2709 ι’.
1482 2696 1528 2702 -

80 2718 218 2755 4t6e.
241 2741 286 2749 —
321 2723 471 2757 ΐτεοπι
502 2723 538 2756 C.
565 2740 609 2747 —-
633 2721 769 2768 περὶε.
793 2741 840 2748 -
874 2719 1060 2763 τὴνοωί.
1084 2738 1130 2744 —-
1167 2719 1243 2756 9022
1267 2721 1460 2756 bisomei.
1482 2740 1528 2748 —

82 2767 122 2801 11
138 2764 210 2802 υπὸ
231 2779 258 2802 c·
284 2787 326 2792 —
350 2768 572 2813 γεγενῆσθαι
591 2770 710 2812 Ccfnu.
737 2785 781 2793 —
808 2768 850 2801 12
873 2764 1028 2806 πάθους
1045 2765 1097 2800 de.
