1748 3106
191 216 271 249 xw
757 218 1095 252 PRAEFATIO.

191 332 247 360 ne
274 317 363 361 hoc
392 319 573 375 quidem
603 318 919 377 reprehendes,
953 320 1073 376 quod
1098 334 1190 362 rem
1219 320 1456 377 aliquando
1490 321 1550 363 ita
1579 335 1657 363 ex·-

189 394 452 453 planaverit,
485 402 534 439 ut
565 396 837 455 singulorum
869 397 1099 439 verborum
1130 402 1399 454 potestatem
1431 413 1519 442 non
1555 397 1657 441 satis

190 472 532 516 consideravisse
568 473 780 526 videatur,
814 474 982 532 ingenii
1012 475 1211 516 acumine
1243 475 1377 534 longe
1414 481 1656 532 superatur.

189 549 633 602 „Animadversiones
658 546 868 604 criticae'',
903 566 1010 608 quas
1034 551 1222 593 Buhlius
1244 552 1418 603 adiecit,
1454 566 1542 594 non
1565 551 1656 593 sine

189 628 440 686 arrogantia
471 629 661 686 scriptae
693 634 805 680 sunt,
851 643 996 684 quam,
1043 644 1177 685 quum
1213 643 1301 671 non
1332 612 1538 688 magnam
1566 628 1656 670 uti-

187 704 359 746 litatem
386 704 583 747 habeant
619 720 731 762 quae
762 705 1024 763 disputavit,
1069 720 1203 764 aegre
1235 707 1424 749 tulimus.
1493 706 1655 748 Dicen-

188 780 293 823 dum
326 787 394 823 est
426 787 587 835 autem,
631 797 686 824 ne
723 782 830 838 quid
858 783 997 824 iustae
1026 783 1116 825 eius
1157 782 1278 825 laudi
1318 783 1556 825 detraxisse
1587 782 1654 824 vi-

188 857 390 911 deamur,
451 859 573 915 quod
624 859 809 902 contulit
856 859 1094 902 editionem
1131 860 1378 902 Aristotelis
1430 859 1655 911 Aldinam‚

187 935 423 989 luminam,
458 927 778 989 Cainotianam,
822 937 1127 979 Basileensem
1158 937 1364 994 priorem,
1399 936 1652 994 Isiugrinia-

188 1027 303 1065 nam,
347 1012 681 1066 Hifflenianam,
725 1013 1080 1071 Sylburgianam,
1127 1011 1520 1066 Casaubonianam,
1564 1013 1654 1055 Pa-

187 1089 356 1131 cianam
393 1095 437 1131 et
468 1096 662 1132 veterem
696 1090 983 1148 interpretem
1015 1090 1197 1132 latinum
1233 1087 1329 1148 (ed.
1356 1087 1654 1147 Ven.1480)‚

185 1166 304 1208 cuius
340 1166 538 1209 codicem
578 1167 878 1209 bibliothecae
918 1167 1153 1210 Gothanae
1194 1167 1326 1209 etiam
1373 1181 1451 1209 nos
1492 1167 1655 1224 passim

174 1243 464 1298 *adhibuimus
494 1243 540 1285 in
567 1243 814 1302 Analyticis
848 1242 1033 1302 [desunt
1060 1245 1174 1286 enim
1205 1245 1249 1287 in
1280 1244 1433 1286 codice
1456 1242 1653 1302 Catego-

182 1320 273 1363 riae
302 1326 347 1363 et
376 1319 761 1378 Hermeneutica),
798 1322 987 1377 denique
1021 1321 1067 1363 in
1105 1322 1193 1363 {ine
1220 1321 1453 1364 voluminis
1481 1320 1550 1362 Ill
1583 1321 1653 1362 le—

184 1397 339 1440 ctionis
370 1398 628 1439 varietatem
660 1398 888 1439 adnotavit
922 1413 1054 1452 quam
1098 1398 1196 1438 cod.
1231 1396 1652 1454 Guelpherbytanus

189 1474 387 1533 praebet.
465 1474 634 1527 Quibus
667 1474 846 1531 quidem
877 1474 998 1516 libris
1035 1489 1299 1530 quamquam
1333 1488 1421 1516 non
1453 1474 1513 1515 ita
1551 1489 1651 1516 usus

187 1558 266 1603 est,
300 1557 349 1594 ut
365 1551 581 1610 integram
602 1566 752 1594 eorum
774 1552 1056 1594 collationem
1077 1551 1324 1603 instituerit,
1356 1556 1504 1592 tamen
1523 1536 1653 1593 nemo

186 1629 282 1682 erit,
316 1629 424 1685 quin
445 1628 629 1687 insignis
656 1628 922 1671 assiduitatis
948 1635 991 1671 et
1014 1630 1270 1687 praeclarae
1299 1627 1524 1670 doctrinae
1553 1628 1652 1670 lau-

183 1706 287 1749 dem
318 1706 358 1749 ei
389 1705 618 1749 concedat.
658 1730 717 1736 —
787 1706 994 1762 Sequitur
1032 1713 1079 1748 ut
1112 1720 1185 1748 eos
1213 1705 1347 1747 libros
1380 1719 1649 1747 commemo-

183 1799 300 1836 rem,
350 1784 506 1840 quibus
548 1789 759 1839 quantum
804 1783 989 1825 debeam
1025 1783 1310 1825 libentissime
1357 1782 1572 1840 profiteor
1610 1787 1653 1823 et

180 1876 290 1918 quos
321 1875 409 1918 quo
438 1861 594 1903 melius
626 1860 809 1902 adhibui
831 1868 874 1902 et
903 1860 1095 1902 imitatus
1127 1875 1235 1913 sum,
1271 1874 1323 1901 eo
1345 1859 1498 1901 melius
1521 1859 1653 1900 etiam

182 1939 245 1982 rei
282 1953 406 1981 meae
447 1939 729 1991 consuluero,
774 1938 1073 1979 recensionem
1107 1937 1206 1979 dico
1234 1935 1480 1978 Aristotelis
1520 1949 1651 1990 quam

180 2015 478 2058 Bekkerus
516 2016 623 2058 fecit
666 2020 708 2057 et
739 2014 908 2056 scholia
935 2029 1046 2071 quae
1076 2013 1413 2055 Brandisius
1455 2012 1651 2070 collegit.

180 2093 245 2135 Ac
274 2092 329 2135 de
363 2091 542 2135 scholiis
574 2090 755 2147 quidem
789 2091 996 2147 quoniam
1027 2105 1161 2147 supra
1205 2089 1406 2142 diximus,
1450 2104 1564 2131 nunc
1596 2088 1652 2131 de

178 2184 294 2212 nova
325 2169 628 2228 recognitione
657 2183 788 2224 quam
819 2168 903 2225 ipsi
934 2168 1197 2210 instituimus
1219 2166 1526 2224 exponendum
1556 2166 1650 2209 erit.

179 2247 386 2290 Alienum
419 2252 486 2289 est
517 2252 665 2288 autem
695 2246 750 2288 ab
772 2246 860 2287 hoc
881 2246 981 2287 loco
1011 2259 1220 2301 quaerere
1240 2258 1343 2286 num
1365 2259 1416 2285 ea
1436 2258 1548 2299 quae
1572 2243 1651 2286 sub

180 2324 428 2367 Aristotelis
467 2323 644 2365 nomine
682 2323 807 2365 nobis
851 2323 1012 2364 tradita
1052 2323 1137 2364 sint
1173 2308 1292 2363 recte
1325 2321 1364 2362 ei
1406 2320 1652 2362 tribuantur

181 2399 265 2459 (de
299 2402 400 2457 qua‘
420 2400 600 2458 quidem
629 2414 676 2442 re
699 2399 954 2442 Brandisius
981 2399 1044 2441 ita
1075 2399 1263 2457 scripsit,
1297 2403 1346 2439 ut
1377 2397 1502 2450 nobis
1525 2397 1579 2439 ab
1599 2412 1650 2439 ea

180 2478 488 2520 abstinendum
523 2475 626 2534 sit):
671 2476 1014 2533 namque-quod
1039 2476 1162 2518 nobis
1192 2475 1468 2533 propositum
1501 2480 1565 2516 est
1597 2489 1650 2516 eo

180 2556 440 2607 continetur,
476 2561 523 2596 ut
553 2568 665 2611 quae
686 2553 745 2596 ad
779 2559 971 2595 nostram
1006 2559 1195 2595 aetatem
1223 2552 1506 2610 pervenerint
1541 2565 1648 2592 con-

180 2632 369 2676 siderata
400 2631 666 2685 diversitate,
702 2645 832 2687 quam
863 2630 935 2672 vel
962 2630 1064 2672 libri
1093 2645 1214 2681 mss,
1249 2629 1293 2670 in
1318 2628 1474 2685 quibus
1503 2628 1648 2682 insint,
1675 2629 1680 2636 “

178 2710 252 2753 vel
281 2709 366 2752 alia
396 2708 588 2751 subsidia
614 2723 914 2764 quaecunque,
950 2707 1105 2764 quibus
1127 2707 1188 2748 uti
1211 2706 1355 2758 liceat,
1388 2705 1648 2763 praebeant,

179 2787 286 2830 talia
314 2792 359 2829 et
389 2784 670 2829 exhibeamus
700 2790 744 2828 et
774 2785 1115 2843 interpretemur
1143 2784 1290 2841 qualia
1319 2782 1374 2825 ab
1404 2789 1580 2826 auctore
1606 2789 1649 2825 et
