1826 3112
267 197 345 235 110
827 198 1200 233 ΚΑΤΗΓΟΡΙΑΙ.

265 292 408 356 λόγον.
470 291 623 351 ἅπλῶς
650 293 710 350 δέ,
745 291 817 338 ἐὰν
849 292 908 355 μὴ
947 293 1189 379 ἐπιδέχηται
1221 293 1447 356 ἀμφότερα
1487 293 1566 342 τὸν
1596 300 1680 343 τοῦ

265 360 558 442 προκειμένου
567 360 710 441 λόγον,
722 376 779 404 ου
768 357 1030 440 ’ῥηθήσεται
1037 360 1087 408 τὸ
1097 362 1239 423 ἕτερον
1247 379 1330 408 του
1311 361 1490 422 ἑτέρου
1499 365 1678 442 μᾶλλον.

267 424 326 472 οὐ
355 425 495 472 πάντα
526 443 612 471 ουν
636 423 689 470 τὰ
713 422 818 470 ποιὰ
834 425 1066 486 ἐπιδέχεται
1097 426 1148 474 τὸ
1176 430 1344 488 μᾶλλον
1370 429 1444 473 καὶ
1464 426 1515 473 τὸ
1536 420 1675 488 ἦττον.

218 507 252 535 15
405 492 594 550 Τῶνμεν
613 484 697 536 οὖν
699 491 966 573 εἰρημένων
955 491 1087 539 οὐδεν
1101 495 1215 540 ἴδιον
1228 492 1470 555 ποιότητος,
1492 491 1621 552 ὅμοια
1634 494 1680 539 δὲ

266 557 340 601 καὶ
372 554 560 616 α’νόμοια
605 553 715 601 κατὰ
743 556 883 616 μόνας
916 556 995 615 τὰς
1010 560 1265 639 ποιότητας
1295 559 1482 619 λέγεται·
1527 556 1681 618 ὅμοιον

263 619 346 681 γὰρ
364 622 507 681 ἕτερον
527 621 654 684 ἑτέρῳ
673 620 757 668 οὐκ
778 623 864 668 ἔστι
881 622 973 668 κατ’
1002 622 1109 670 αλλο
1141 623 1274 671 οὐδὲν
1307 622 1336 687 ἢ
1361 623 1464 670 καθ’
1496 621 1522 669 ὃ
1551 623 1681 671 ποιόν

264 687 388 732 ἐστιν.
459 684 569 733 ω’στε
601 689 712 732 ἴδιον
751 684 805 733 ὂὶν
843 689 909 749 εἰη
941 692 1023 750 τῆς
1049 690 1282 753 ποιότητος
1321 688 1371 735 τὸ
1415 687 1571 750 ὅμοιον
1605 691 1680 736 καὶ

263 750 471 812 α’νόμοιον
487 753 688 813 λέγεσθαι
706 751 798 798 κατ’
818 751 968 815 αὐτήν.

212 843 248 870 20
401 817 471 864 Οὐ
507 822 574 864 δεῖ
598 819 644 864 δὲ
678 818 984 877 ταράττεσθαι,
1041 818 1101 881 μή
1143 836 1208 876 τις
1241 818 1358 881 ἡμᾶς
1401 818 1526 881 φήσῃ
1563 818 1677 881 ’ὑπὲρ

261 882 490 946 ποιότητος
520 882 601 946 τὴν
628 883 849 944 πρόθεσιν
870 885 1195 946 ποιησαμένους
1224 882 1368 930 πολλοὶ
1394 888 1483 930 τῶν
1510 885 1620 945 πρός
1638 902 1679 931 τι

262 955 732 1009 συγκαταριθμεῒσθαι·
766 948 844 1005 τὰς
874 948 956 1010 γὰρ
973 948 1076 1006 ἕξεις
1105 951 1179 996 καὶ
1204 951 1423 1007 διαθέσεις
1452 954 1541 996 τῶν
1566 951 1679 1011 πρός

261 1031 302 1059 τι
321 1011 430 1060 εἶναι
453 1015 659 1075 ἐλέγομεν.
722 1012 876 1074 σχεδὸν
907 1013 988 1076 γὰρ
1011 1016 1078 1061 ἐπὶ
1097 1016 1271 1062 πάντων
1291 1021 1381 1062 τιόν
1397 1016 1607 1063 τοιούτων
1624 1015 1677 1062 τὰ

262 1079 364 1141 γένη
386 1079 501 1139 πρός
519 1098 559 1126 τι
578 1081 754 1146 λέγεται,
775 1098 864 1126 των
890 1083 937 1127 δὲ
956 1080 1059 1127 καὝθ
1078 1082 1235 1127 ε’καστα
1252 1081 1395 1128 οὐδέν.
1449 1101 1478 1144 η
1497 1100 1573 1141 μεν
1592 1101 1676 1143 γαρ

210 1156 247 1183 2⁵
262 1145 488 1208 ἐπιστήμη,
506 1147 630 1206 γένος
653 1147 783 1203 οὐσα,
807 1144 916 1193 αυτὸ
941 1145 1048 1206 ὅπερ
1069 1147 1181 1193 ἐστὶν
1200 1147 1521 1208 ἓτέρουλέγεται
1535 1147 1677 1209 (τινὸς

260 1229 343 1272 γαρ
365 1211 575 1274 ἐπιστήμη
595 1213 796 1273 λέγεται),
818 1216 906 1258 τῶν
929 1214 974 1258 δε
994 1211 1096 1258 καθ’
1117 1214 1273 1259 ἕκαστα
1291 1212 1423 1259 ου’ᾱεν
1445 1212 1555 1260 αὐτὸ
1569 1211 1676 1275 ὅπερ

259 1278 373 1323 ἐστὶν
402 1277 551 1337 ἑτέρου
583 1279 768 1338 λέγεται,
816 1275 910 1324 οἷον
937 1277 966 1339 ἡ
992 1277 1263 1340 γραμματικὴ
1281 1278 1339 1325 οὐ
1366 1280 1529 1339 λέγεται
1559 1278 1676 1337 τινὸς

258 1341 526 1405 γραμματικὴ
558 1342 656 1389 ουδ’
688 1363 716 1405 η
751 1341 941 1410 μουσικὴ
968 1342 1087 1400 τινὸς
1113 1344 1318 1406 μουσική.
1385 1343 1478 1390 αλλ’
1510 1343 1606 1391 εἰ”
1576 1363 1675 1406 αρα,

257 1407 366 1454 κατὰ
401 1407 454 1454 τὰ
486 1409 611 1470 γένος
647 1411 721 1454 καὶ
761 1410 889 1455 αὑται
927 1426 1016 1455 των
1047 1410 1162 1470 πρός
1191 1429 1230 1456 τι
1260 1412 1478 1471 λέγονται,
1523 1409 1618 1457 οἷον
1643 1409 1672 1473 ἡ

209 1495 244 1522 so
258 1473 526 1538 γραμματικὴ
556 1475 717 1536 λεγεται
745 1473 861 1531 τινὸς
889 1475 1120 1537 ἐπιστήμη,
1165 1475 1223 1522 οὐ
1256 1474 1372 1533 τινὸς
1391 1476 1674 1538 γραμματική,

257 1542 330 1586 καὶ
342 1539 370 1601 ἡ
382 1538 572 1602 μουσικὴ
587 1539 705 1596 τινὸς
717 1540 927 1603 ἐπιστήμη
940 1541 1114 1602 λέγεται,
1129 1559 1187 1588 ου
1196 1540 1312 1598 τινὸς
1324 1542 1526 1604 μουσική.
1564 1540 1674 1588 ω’στε

259 1606 304 1652 αἱ
333 1605 436 1652 καθ’
466 1607 623 1652 ἕκαστα
651 1605 736 1652 οὐκ
765 1607 845 1652 εἰσὶ
870 1610 960 1652 τοῖν
988 1606 1102 1665 πρός
1134 1625 1186 1654 τι.
1251 1607 1466 1668 λεγόμεθα
1486 1610 1533 1654 δὲ
1554 1609 1674 1654 ποιοὶ

256 1677 350 1728 ταῖς
367 1670 470 1717 καθ’
489 1673 667 1718 ἕκαστα·
702 1671 863 1728 ταύτας
880 1691 963 1733 γαρ
985 1674 1058 1718 καὶ
1081 1674 1251 1733 εχομεν·
1288 1672 1565 1736 ἐπιστήμονες
1588 1672 1672 1735 γὰρ

255 1738 469 1798 λεγόμεθα
492 1742 553 1800 τῷ
577 1739 687 1798 ε’χειν
713 1742 801 1784 τοῖν
819 1736 923 1784 καθ’
950 1739 1106 1784 ἕκαστα
1127 1740 1373 1822 ἐπιστημῶν
1392 1739 1500 1785 τινά.
1563 1738 1673 1786 ω’στε

206 1824 240 1852 85
258 1807 387 1851 αὐται
419 1801 472 1850 ἂν
502 1805 576 1849 καὶ
604 1802 831 1866 ποιότητες
857 1805 1020 1871 εἴησαν,
1052 1805 1097 1850 αἱ
1125 1804 1236 1851 καθ’
1269 1806 1448 1862 ε’καστα,
1485 1804 1590 1851 καθ’
1621 1824 1674 1862 ας

253 1885 357 1916 ποτε
386 1871 459 1915 καὶ
488 1871 609 1915 ποιοὶ
636 1869 874 1930 λεγόμεθα’
919 1871 1049 1916 αὐται
1077 1871 1123 1916 δὲ
1154 1870 1239 1917 οὐκ
1267 1873 1349 1917 εἰσὶ
1367 1876 1456 1917 τοῖν
1476 1870 1592 1952 πρός
1617 1889 1669 1917 τι.

253 1936 313 1982 ε’τι
329 1937 367 1982 εἰ
383 1935 587 2017 τυγχάνοι
604 1933 654 1981 τὸ
671 1934 780 1981 αυτὸ
798 1934 908 1995 πρός
931 1953 971 1981 τι
988 1937 1060 1981 καὶ
1078 1935 1210 1982 ποιὸν
1238 1934 1309 1992 ὅν,
1347 1935 1481 1982 οὐδὲν
1509 1935 1673 1983 α’τοπον

254 2000 345 2048 ἐν’
317 2001 577 2061 αμφοτέροις
595 2006 688 2056 τοῖς
706 2001 870 2060 γένεσιν
889 1999 999 2046 αυτὸ
1018 2006 1394 2060 καταριθμεῖσθαι.

170 2079 239 2123 bg
384 2064 645 2125 Ἐπιδέχεται
676 2067 723 2110 δε
764 2067 838 2110 καὶ
867 2063 918 2110 τὸ
949 2070 1088 2111 ποιεῖν
1126 2067 1200 2112 καὶ
1244 2064 1294 2112 τὸ
1327 2066 1504 2126 πάσχειν
1546 2066 1669 2113 ἐναν-

252 2131 428 2194 τιότητα
461 2133 534 2177 καὶ
567 2129 618 2176 τὸ
647 2134 812 2190 μᾶλλον
842 2131 914 2176 καὶ
952 2129 1002 2177 τὸ
1034 2125 1183 2194 ἧττον·
1225 2130 1276 2178 τὸ
1306 2130 1389 2194 γὰρ
1421 2133 1671 2192 θερμαίνειν

347 2244 388 2276 14
413 2240 546 2286 ἐπιδέχ.
571 2239 617 2276 τὰ
641 2240 732 2275 ποιὰ
761 2243 853 2284 Cfevz.
878 2260 924 2268 --
954 2243 1004 2275 alt
1032 2239 1074 2277 τὸ
1099 2255 1154 2276 om
1178 2255 1211 2276 η.
1237 2261 1281 2269 -
1312 2244 1352 2277 16
1380 2240 1510 2288 και]η
1539 2245 1599 2277 Cn.
1623 2263 1669 2270 —

257 2286 328 2321 17
315 2285 391 2332 ετέρ
395 2299 438 2321 ου
451 2290 501 2329 fe.
525 2305 571 2313 —-
605 2285 671 2320 οὐκ
689 2285 761 2320 ἔστι
784 2294 862 2318 ante
881 2284 958 2331 ἔτερ
963 2300 1005 2321 ον
1032 2289 1086 2321 Ge.
1110 2307 1155 2312 —-
1191 2288 1231 2321 18
1246 2288 1310 2331 τῆς
1325 2299 1380 2320 om
1398 2257 1508 2331 Gens?
1517 2309 1558 2314 —
1587 2288 1666 2332 καὶ]

253 2328 275 2374 ἢ
291 2333 367 2365 Cen.
381 2351 422 2357 —
451 2331 490 2365 19
504 2327 582 2365 κατ’
598 2330 714 2385 αὐτὴν
731 2343 786 2363 om
801 2333 835 2373 f.
849 2350 894 2355 --
917 2333 962 2365 20
979 2331 1088 2375 φήσει
1110 2334 1170 2375 Bb,
1190 2332 1243 2377 φῇ
1261 2335 1311 2375 us,
1330 2344 1406 2364 corr
1422 2344 1456 2366 π.
1469 2333 1569 2365 —22
1585 2344 1667 2367 συν-

254 2378 382 2420 αριθμ.
402 2388 435 2409 α.
462 2396 501 2401 -
536 2375 599 2410 καὶ
613 2373 680 2415 τὰς
699 2376 731 2409 6.
759 2377 887 2419 Cacng.
915 2395 952 2400 -
986 2379 1029 2410 ‘23
1050 2375 1212 2420 ἐλέγομεν
1230 2388 1286 2408 rec
1302 2388 1396 2429 marg
1410 2388 1444 2419 n,
1473 2384 1552 2409 ante
1573 2375 1667 2411 εἶναι

254 2422 345 2464 Bbg,
365 2432 418 2453 um
433 2421 456 2453 d
474 2428 507 2452 et
524 2433 564 2463 pr
577 2421 611 2453 C.
623 2439 666 2446 —
680 2431 808 2454 πασων
818 2421 890 2453 τῶν
909 2420 1087 2455 τοιούτων
1097 2421 1180 2464 (sic)
1191 2419 1399 2476 ποιοτήτων
1416 2434 1488 2454 των
1504 2421 1597 2466 πρός
1611 2423 1664 2464 Cf.

251 2466 347 2498 —24
365 2464 467 2509 πρός]
485 2466 558 2498 τῶν
573 2464 665 2509 πρός
681 2476 709 2498 e.
722 2483 765 2490 -—-
789 2462 939 2498 ἕκαστον
958 2467 1115 2511 Ceifgmt.
1141 2485 1183 2492 —
1206 2477 1272 2520 μεν
1287 2477 1342 2498 om
1359 2466 1458 2498 Adia.
1472 2485 1515 2491 --
1538 2467 1618 2509 267
1597 2467 1667 2511 γὰρ

253 2521 307 2541 om
323 2520 360 2563 g.
384 2529 426 2534 —
451 2507 503 2553 δε]
524 2509 565 2544 δέ
579 2521 652 2553 ysp
631 2522 672 2552 pr
687 2521 721 2542 π.
746 2527 786 2533 —-
814 2507 966 2543 ἕκαστον
981 2521 1019 2554 g.
1044 2530 1086 2536 —
1109 2512 1155 2545 28
1173 2505 1259 2553 εἰ]’”
1236 2522 1259 2552 η
1274 2521 1353 2554 neg,
1378 2522 1456 2542 corr
1473 2511 1602 2543 ABCd.
1622 2529 1663 2535 —

252 2555 301 2606 31τ
315 2552 452 2595 λέγεται
468 2566 522 2587 om
544 2555 620 2587 Cen.
648 2573 686 2579 -
721 2553 763 2586 34
784 2551 982 2598 ἐπιστήμην
1000 2566 1028 2587 e.
1051 2573 1096 2580 —-
1128 2555 1230 2594 τινάς
1250 2555 1300 2595 ci,
1320 2565 1397 2587 corr
1413 2556 1454 2589 A.
1479 2573 1523 2578 —
1556 2550 1633 2588 35
1619 2551 1665 2588 οὶν

253 2590 365 2630 αὗται
386 2610 412 2632 c.
438 2617 479 2622 —
511 2594 535 2632 ἃ
555 2599 576 2631 ι’.
601 2617 645 2624 -
678 2598 719 2630 36
745 2609 834 2632 ποτε
854 2610 898 2640 pr
911 2609 965 2630 om
985 2610 1018 2631 η.
1041 2617 1088 2625 —-
1119 2598 1200 2633 37”
1181 2611 1232 2633 ετι
1252 2596 1291 2632 δε
1312 2598 1346 2632 εἰ
1363 2601 1396 2640 f.
1420 2617 1462 2623 —
1496 2598 1668 2654 τυγχάνει

252 2644 321 2684 ens,
340 2640 456 2695 τύχοι·
461 2655 493 2675 u.
522 2663 558 2668 —
594 2639 705 2676 ποιὸν
724 2642 787 2676 καὶ
807 2641 898 2695 πρός
916 2655 951 2676 τι
956 2655 1070 2695 enug.
1096 2662 1141 2670 —
1172 2642 1215 2678 ὅν
1238 2654 1292 2676 om
1314 2644 1401 2676 ARi.
1427 2660 1471 2668 -—
1501 2642 1547 2676 38
1570 2641 1662 2679 αυτὸ

251 2689 328 2726 τοῖς
345 2684 482 2726 γένεσιν
501 2689 564 2731 cg.
588 2706 634 2711 —
657 2684 767 2730 αὐτὸ]
791 2684 882 2721 αὐτὸ
903 2687 1014 2721 τοῦτο
1034 2700 1067 2721 u.

342 2730 428 2764 llbl
448 2730 487 2765 δὲ
507 2743 561 2764 om
587 2731 678 2775 (mig.
704 2750 743 2756 -
771 2744 812 2775 pr
829 2731 890 2766 καὶ
908 2743 960 2764 om
977 2743 1005 2766 e.
