1794 3086
626 165 888 213 Aualyticu
919 166 1086 212 priora.
1540 163 1620 204 5⁰7

167 281 255 309 mun
283 267 494 307 discrimen
527 266 634 320 quod
674 268 927 320 expositurus
956 267 1008 306 sit
1042 266 1092 307 ab
1119 264 1229 305 initio
1257 263 1417 316 quidem
1446 277 1524 304 non
1556 277 1619 304 sa-

168 333 221 373 tis
247 336 432 372 accurate
459 345 548 371 eum
579 331 819 372 definivisse.
875 331 981 371 Dicit
1007 331 1136 370 enim:
1165 330 1301 379 altera,
1327 342 1430 382 quae
1457 329 1622 368 deducit

167 398 218 437 ad
244 396 284 436 id
314 397 421 448 quod
449 396 664 436 absurdum
693 409 784 436 esse
810 408 1045 436 concessum
1074 400 1148 442 est,
1177 394 1299 434 sumit
1320 406 1421 446 quae
1438 398 1621 432 evertere

166 462 267 508 vult,
295 462 422 500 altera
448 474 499 500 ex
527 462 726 500 concessis
754 464 1063 513 argumentatur.
1119 459 1197 498 lam
1226 459 1336 498 videt
1364 459 1454 510 ipse
1479 457 1621 496 discri-

167 538 259 565 men
289 538 365 564 non
402 526 502 564 satis
538 531 720 564 accurate
747 538 984 577 expressum
1021 537 1132 564 esse:
1178 536 1301 576 quare
1326 522 1439 562 addit
1473 521 1622 572 „sumit

168 590 329 641 quidem
367 594 535 640 utraque
576 601 654 628 non
693 588 769 627 nisi
808 602 855 628 ea
895 602 997 640 quae
1025 601 1215 628 concessa
1244 593 1363 627 sunt”
1392 614 1402 625 .
1430 614 1468 627 ..
1505 585 1622 637 Quod

168 666 290 705 quum
318 653 479 704 egregie
506 653 717 692 conveniat
752 653 844 692 stilo
872 652 1122 701 Aristotelis,
1158 652 1278 691 facile
1315 651 1410 691 mihi
1437 649 1622 703 persuasi

167 730 307 757 vocem
335 714 512 769 ἀληθῶν
538 731 562 756 a
589 721 778 757 contextu
804 717 973 756 alienam
1001 729 1092 756 esse
1119 716 1281 756 debere.

113 783 267 823 62b35
293 781 384 821 Non
413 794 580 821 necesse
607 786 671 820 est
699 785 744 821 ut
770 782 894 821 altera
934 779 982 835 (ἦ
1009 779 1214 833 δεικτική)
1243 779 1535 820 conclusionem
1563 778 1625 818 fa·

167 847 247 886 ciat
273 846 527 886 manifestam
556 850 666 893 (nam
694 845 735 885 in
762 846 939 885 secunda
966 852 1008 886 et
1034 846 1153 885 tertia
1179 845 1304 895 figura
1328 844 1529 884 conclusio
1547 855 1626 883 non

168 910 383 950 manifesta
410 915 473 950 est
500 923 550 950 ex
577 910 666 963 ipso
693 910 972 963 syllogismo),
998 923 1128 962 neque
1156 914 1201 949 ut
1227 909 1509 962 praevideatur
1526 920 1625 959 qua·

165 975 217 1014 lis
244 975 447 1015 conclusio
475 975 564 1014 fieri
592 975 753 1025 debeat,
779 975 904 1015 altera
931 987 1028 1014 vero
1055 974 1256 1014 concludit
1276 973 1380 1025 quod
1403 971 1625 1012 manifesto

166 1038 310 1078 falsum
339 1044 417 1078 est.
902 1070 907 1075 .

113 1104 260 1143 62b41
291 1104 512 1144 Omisimus
540 1116 642 1156 quae
667 1103 785 1155 vulgo
813 1103 1047 1156 legebantur
1072 1107 1164 1143 ante
1192 1096 1322 1143 ὅτανε
1351 1099 1431 1142 οὐκ
1459 1098 1508 1141 ἐν
1532 1101 1623 1149 τοῖς

167 1166 314 1219 αὐτοῖς
343 1167 390 1209 δὲ
417 1167 625 1222 σχήμασιν
654 1168 813 1207 codices
850 1168 978 1207 secuti
1014 1171 1056 1207 et
1094 1172 1174 1208 vet.
1202 1168 1303 1220 intp.
1332 1166 1419 1206 cod.
1448 1166 1624 1206 Gothan.

167 1234 230 1274 Ab
250 1235 472 1288 interprete
491 1234 660 1285 quodam
674 1233 774 1271 haec
792 1232 976 1272 videntur
1003 1231 1186 1284 profecta
1205 1245 1310 1272 esse.
1366 1229 1517 1271 Verum
1540 1231 1627 1283 qui-

168 1299 261 1338 dem
290 1303 352 1339 est
370 1298 605 1352 particulam
625 1295 708 1350 γάρ
736 1309 837 1348 quae
864 1297 1044 1348 sequitur
1069 1297 1262 1336 maiorem
1290 1297 1369 1335 vim
1396 1295 1561 1343 habere,
1591 1295 1625 1334 si

166 1363 246 1402 ista
271 1365 390 1404 verba
419 1375 648 1412 servamus,
691 1362 762 1401 sed
792 1373 843 1400 ne
870 1361 1030 1400 minima
1058 1361 1218 1412 quidem
1246 1360 1426 1400 nascitur
1452 1358 1628 1398 difficul-

170 1432 245 1477 tas,
273 1429 307 1467 si
333 1427 546 1467 tolluntur:
583 1439 674 1466 nam
702 1425 808 1478 quod
835 1425 886 1464 de
914 1425 1093 1465 omnibus
1122 1425 1362 1477 syllogismis
1389 1423 1539 1463 dictum
1566 1428 1629 1463 est

170 1492 213 1531 id
249 1492 328 1531 iam
368 1490 591 1542 explicatur
626 1491 668 1529 in
701 1489 868 1542 singulis
905 1489 1066 1540 figuris=
1112 1489 1153 1528 in
1199 1489 1342 1540 quibus
1381 1489 1627 1540 exponendis

171 1556 366 1608 particula
385 1554 483 1607 γάρ,
511 1555 607 1593 licet
633 1553 712 1592 alio
740 1566 863 1591 sensu
890 1553 1033 1604 posita,
1060 1566 1175 1593 suum
1193 1553 1324 1593 locum
1351 1553 1440 1592 iure
1465 1553 1629 1593 tenebit.

171 1619 387 1660 Praeterea
414 1620 455 1658 in
482 1617 741 1669 sequentibus
770 1617 1007 1656 Aristoteles
1044 1629 1121 1656 non
1154 1617 1197 1657 id
1229 1617 1333 1669 agit,
1370 1622 1416 1657 ut
1452 1629 1629 1657 omnes

172 1684 321 1736 figuras
350 1688 390 1723 et
417 1682 558 1721 modos
586 1685 784 1732 exponat,
819 1681 862 1719 in
899 1681 1040 1732 quibus
1077 1684 1119 1719 et
1154 1684 1266 1719 recta
1300 1681 1363 1720 via
1391 1685 1431 1721 et
1456 1694 1532 1732 per
1558 1681 1629 1719 ab·

174 1748 340 1787 surdum
367 1747 474 1786 idem
503 1745 818 1784 demonstretur:
862 1758 952 1784 nam
987 1745 1144 1796 saepius
1180 1743 1251 1783 ubi
1287 1744 1469 1796 pluribus
1497 1745 1629 1785 modis

172 1811 279 1852 idem
308 1812 585 1851 demonstrare
611 1809 706 1848 licet
733 1821 811 1848 non
838 1809 913 1848 nisi
939 1821 1059 1848 unum
1088 1814 1385 1856 commemorat,
1413 1822 1447 1849 v,
1468 1821 1505 1848 c.
1534 1822 1628 1849 con-

173 1880 235 1916 tra
259 1876 440 1928 regulam
468 1887 586 1927 quam
612 1874 735 1912 tradit
748 1875 867 1912 63³1
887 1886 944 1925 sq.
973 1872 1021 1911 fit
1047 1872 1235 1912 deductio
1262 1872 1303 1912 in
1330 1873 1457 1925 prima
1485 1873 1628 1926 figura,

174 1954 253 1993 qua
279 1941 473 1994 probatur
500 1938 721 1991 propositio
759 1950 930 1989 negans,
972 1950 1076 1988 quae
1110 1941 1220 1976 recta
1260 1938 1559 1977 demonstratur
1587 1939 1628 1977 in

173 2005 297 2045 tertia
332 2004 474 2057 figura,
513 2016 550 2042 e.
587 2015 623 2044 c.
657 2001 707 2042 τὸ
735 2003 777 2042 Α
810 1998 898 2042 τινὶ
923 2001 982 2058 τῷ
1015 2002 1052 2042 Β
1080 1999 1157 2054 οὐχ
1191 1998 1371 2054 ὑπάρχει
1407 2006 1517 2041 recta
1556 2002 1629 2041 de-

173 2074 416 2109 monstratur
443 2071 557 2106 sexto
584 2067 703 2107 modo
731 2066 873 2106 tertiae
899 2066 1066 2118 figurae,
1097 2066 1146 2105 ad
1174 2067 1389 2106 absurdum
1413 2065 1627 2106 deducitur

178 2145 256 2173 non
284 2132 413 2171 solum
441 2133 481 2171 in
510 2132 683 2171 secunda
713 2131 839 2182 (quod
875 2131 958 2170 vult
993 2131 1172 2182 regula),
1209 2129 1245 2169 si
1283 2129 1391 2181 quod
1428 2134 1627 2183 repugnat

176 2196 423 2237 conclusioni
460 2196 711 2248 coniungitur
749 2208 838 2234 cum
875 2195 1149 2247 propositione
1186 2194 1358 2239 maiore,
1400 2194 1472 2233 sed
1509 2195 1628 2234 etiani

177 2265 316 2301 contra
342 2260 523 2313 regulam
550 2260 590 2298 in
618 2259 777 2312 prima,
817 2260 853 2297 si
891 2260 1061 2299 sumitur
1097 2258 1146 2299 τὸ
1174 2259 1215 2298 Α
1241 2254 1367 2298 παντὶ
1393 2258 1451 2314 τῷ
1481 2259 1539 2308 Β,
1577 2257 1628 2299 τὸ

181 2327 217 2366 Β
243 2322 327 2366 τινὶ
351 2326 411 2380 τῷ
442 2325 492 2373 Γ,
520 2337 615 2375 ergo
641 2322 691 2363 τὸ
718 2324 759 2363 A
784 2321 868 2363 τινὶ
893 2327 952 2375 τῷ
982 2323 1032 2372 Γ,
1062 2324 1166 2374 quod
1196 2323 1411 2363 absurdum
1440 2328 1529 2363 est:
1557 2336 1628 2364 ve-

178 2404 267 2431 rum
305 2395 370 2429 est
404 2390 525 2442 igitur
559 2386 608 2428 τὸ
636 2389 677 2427 Α
703 2386 786 2428 τινὶ
817 2392 875 2441 τῷ
904 2389 941 2428 Β
976 2386 1034 2441 μὴ
1071 2386 1289 2441 ὑπάρχειν.
1351 2387 1471 2428 Unde
1505 2401 1629 2441 appa-

180 2460 245 2495 ret
284 2455 361 2494 hoc
402 2454 489 2492 loco
525 2466 601 2492 non
635 2454 675 2492 id
716 2454 845 2504 egisse
881 2454 1165 2499 Aristotelem,
1215 2459 1259 2493 ut
1293 2452 1630 2504 complecteretur

181 2532 319 2558 omnes
347 2518 487 2558 modos
515 2523 555 2557 et
581 2518 730 2570 figuras
757 2518 796 2556 in
824 2518 966 2569 quibus
995 2517 1102 2556 idem
1130 2518 1291 2570 probari
1319 2522 1458 2569 posset
1487 2522 1530 2558 et
1557 2517 1630 2557 de-

181 2584 368 2623 ductione
395 2583 502 2622 facta
529 2588 571 2622 et
598 2583 940 2622 demonstratione
966 2586 1091 2629 recta,
1120 2583 1191 2621 sed
1220 2595 1295 2621 non
1324 2582 1398 2622 nisi
1424 2582 1504 2621 hoc
1532 2594 1626 2635 pro-

182 2649 357 2700 positum
385 2647 590 2692 habuisse,
621 2651 667 2685 ut
695 2646 894 2698 quomodo
922 2659 995 2699 per
1022 2646 1183 2686 eosdem
1205 2647 1394 2686 terminos
1418 2646 1526 2687 idem
1545 2646 1629 2686 col-

183 2712 253 2763 ligi
291 2716 430 2764 posset
468 2715 636 2763 utraque
672 2711 734 2749 via
760 2710 1033 2763 patefaceret:
1078 2723 1202 2762 quare
1229 2711 1346 2751 etiam
1373 2711 1525 2751 631212
1551 2723 1629 2750 non

185 2777 400 2831 figurarum
427 2777 666 2818 mentionem
693 2775 814 2827 facit,
854 2775 926 2816 sed
965 2775 1156 2817 terminos
1193 2779 1347 2817 tautum
1384 2787 1628 2818 commemo-
