1826 3112
292 250 371 290 134
731 252 873 286 ΠΕΡΙ
901 251 1265 287 ΕΡΜΗΝΕῙΑΣ.

294 357 442 408 φασις,
453 344 547 394 οἷον
557 351 641 404 πᾶς
650 347 764 394 ἐστὶν
772 345 1004 408 ἅνθρωπος
1017 348 1194 404 δίκαιος.
1227 346 1452 408 ἀπόφασις
1461 347 1636 405 τούτου,
1647 349 1706 395 οὔ

294 417 382 469 πᾶς
401 414 514 459 ἐστὶν
525 411 757 471 ἅνθρωπος
767 414 945 471 δίκαιος.
978 418 1064 471 πᾶς
1084 415 1196 460 ἐστὶν
1205 412 1437 473 ανθρωπος
1448 432 1506 460 ου
1494 413 1706 471 ’δίκαιος-

245 497 279 524 35
296 478 353 525 013
361 483 446 535 πᾶς
466 480 578 525 ἐστὶν
589 477 822 538 ἄνθρωπος
839 497 896 526 ου
912 481 1090 536 δίκαιος.
1110 478 1224 541 πλὴν
1241 478 1324 540 οὐχ
1335 479 1498 539 ὁμοίως
1506 478 1582 537 τὰς
1599 478 1707 533 κατὰ

296 547 521 611 διάμετρον
539 545 744 604 ἐνδέχεται
763 545 1100 607 συναληθεύειν·
1140 547 1345 606 ἐνδέχεται
1367 548 1412 592 δὲ
1432 546 1546 591 ποτέ.
1579 563 1707 592 αυται

293 612 370 669 μὲν
389 612 472 656 οὐν
494 609 620 655 δύο’
593 612 858 665 αντίκεινται,
881 611 1006 657 ἄλλαι
1025 613 1070 657 δε
1094 611 1204 670 πρὸς
1221 611 1271 658 τὸ
1291 610 1375 658 οὐκ
1395 607 1642 670 ἄνθρωπος
1647 610 1708 668 οἷς

292 674 580 734 ὑποκειίιενόν
589 694 628 721 τι
640 678 963 736 προστεθέντος·
978 678 1061 723 ἔστι
1074 679 1238 734 δίκαιος
1250 676 1335 724 οὐκ
1346 677 1608 734 ἄνθρωπος-
1621 676 1707 723 οὐκ

294 741 380 787 ἔστι
400 742 566 798 δίκαιος
588 740 674 787 οὐκ
697 741 944 802 ἄνθρωπος,
966 744 1080 789 ἔστιν
1101 742 1160 789 013
1178 745 1343 798 δίκαιος
1354 742 1437 788 οὐκ
1450 742 1707 801 ἄνθρωπος-

190 830 221 861 p.
232 817 278 850 20
295 805 382 852 οὐκ
402 807 515 852 ἔστιν
535 805 594 853 013
611 809 776 865 δίκαιος
797 807 883 854 οὐκ
903 807 1148 868 ἅνθρωπος.
1178 810 1354 864 πλείους
1377 811 1421 854 δὲ
1441 808 1606 854 τούτων
1623 807 1707 855 οὐκ

295 873 465 918 ἔσονται
490 872 738 930 α’ντιθέσεις.
762 893 889 920 αυται
899 875 945 919 δε
958 876 1087 933 χωρὶς
1108 875 1276 919 ἐκείνων
1295 873 1421 919 ανταὶ
1434 872 1536 919 καθ’
1553 872 1709 930 ἑαυτὰς

293 939 474 992 ἔσονται,
486 937 544 994 ὥς
555 937 734 998 ὀνόματι
743 943 802 983 τῶ
815 957 899 985 ουκ
910 937 1142 997 ανθρωπος
1152 938 1487 998 προσχρώμεναι.
1514 937 1580 997 ἐφ’
1594 937 1708 984 οσων

293 1004 339 1048 δε
359 1001 410 1048 τὸ
427 1004 513 1048 ἔστι
531 1022 590 1063 μη
615 1003 824 1062 ἆοιιόττει,
857 1002 951 1049 οἷον
971 1004 1037 1049 ἐπὶ
1058 1008 1141 1050 τοῦ
1161 1003 1343 1064 ὑγιαίνει
1353 1006 1424 1049 καὶ
1445 1006 1620 1063 βαδίζει,
1642 1005 1709 1050 ἐπὶ

262 1086 278 1113 ⁵
292 1067 458 1113 τούτων
466 1066 516 1113 τὸ
528 1066 636 1113 αὐτὸ
645 1074 760 1114 ποιεῖ
769 1067 869 1114 οὕτω
870 1088 884 1114 2
894 1069 1118 1127 τιθέμενον
1129 1068 1186 1150 ὥς
1199 1068 1252 1115 ἄν
1261 1071 1298 1115 εἰ
1306 1069 1354 1115 τὸ
1365 1071 1450 1115 ἔστι
1459 1069 1708 1131 ποοσήπτε-

291 1151 354 1188 το,
375 1130 469 1179 οἷον
481 1131 509 1179 ιῗ
500 1134 663 1194 γιαίνει
683 1138 768 1189 πᾶς
779 1133 1041 1194 ανθρωπος-
1055 1134 1139 1195 οὐχ
1152 1133 1334 1195 υγιαίνει
1356 1140 1442 1191 πᾶς
1461 1134 1707 1194 ανθρωπος,

290 1197 475 1259 υγιαίνει
496 1203 581 1254 πᾶς
601 1198 684 1246 οὐκ
705 1198 1046 1260 ἅνθρωπος-οὐχ
1057 1200 1241 1261 ὑγιαίνει
1258 1205 1342 1256 πᾶς
1363 1219 1447 1246 ουκ
1459 1199 1707 1258 ἄνθρωπος.

292 1263 352 1310 ου’
371 1264 451 1326 γάρ
465 1265 550 1310 ἐστι
561 1264 611 1311 τὸ
624 1264 682 1311 οὐ
693 1269 777 1322 πᾶς
785 1265 1018 1324 ἄνθρωπος
1027 1267 1211 1320 λεκτέον,
1227 1265 1336 1311 ἀλλὰ
1347 1265 1396 1312 τὸ
1418 1266 1487 1318 οὔ,
1498 1265 1580 1328 τὴν
1591 1265 1707 1313 α’πό-

291 1343 440 1390 φασιν,
464 1335 524 1395 τῷ
547 1329 781 1389 ἅνθρωπος
798 1333 1077 1390 προσθετέον.
1110 1331 1160 1377 τό
1182 1331 1263 1393 γὰρ
1283 1337 1368 1388 πᾶς
1379 1331 1437 1378 013
1448 1330 1496 1377 τὸ
1508 1332 1709 1378 καθόλου

241 1412 274 1439 10
291 1397 501 1457 σημαίνει,
513 1395 606 1441 ἄλλ’
617 1395 906 1443 ὅτιψκαθόλου.
928 1401 1065 1458 δῆλον
1079 1400 1124 1443 δὲ
1137 1398 1181 1443 ἐκ
1191 1402 1334 1451 τοῦδε,
1342 1396 1523 1458 ὑγιαίνει
1535 1396 1707 1456 ἅνθρω-

289 1475 401 1518 πος-
412 1460 494 1522 οὐχ
503 1460 686 1521 υγιαίνει
698 1461 983 1522 ἄνθρωπος,
959 1464 1137 1522 υγιαίνει
1148 1463 1231 1509 οὐκ
1241 1462 1503 1522 ανθρωπος-
1517 1462 1601 1522 οὔχ
1610 1462 1708 1523 ὑγι-

291 1529 399 1574 αίνει
419 1527 504 1574 οὐκ
525 1527 771 1585 ἄνθρωπος.
803 1534 939 1575 ταῦτα
950 1528 1030 1588 γὰρ
1042 1530 1212 1575 ἐκείνων
1222 1530 1412 1588 διαφέρει
1425 1532 1485 1574 τῶ
1495 1548 1555 1591 μη
1567 1528 1706 1574 καθό-

289 1597 386 1640 λου.
401 1591 506 1639 ωστε
520 1592 570 1639 τὸ
580 1598 663 1650 πᾶς
677 1592 725 1655 ἦ
719 1614 743 1640 ιι
752 1597 865 1656 ηδεὶς
875 1593 1006 1641 οὐδὲν
1016 1593 1120 1640 ἄλλο
1130 1596 1440 1657 προσσηιιαίνει
1453 1576 1554 1656 ἢὸτι
1563 1594 1708 1640 καθό-

289 1662 375 1705 λου
385 1664 466 1706 τοῦ
479 1658 689 1719 ὀνόιιατος
704 1659 732 1722 η’
743 1661 990 1721 κατάφασιν
1002 1680 1029 1722 η
1043 1659 1282 1722 απόφασιν.
1303 1679 1354 1706 τα
1368 1663 1412 1707 δε
1436 1658 1545 1706 ἅλλα
1557 1659 1608 1706 τὰ
1623 1659 1708 1706 αὔ-

241 1742 275 1770 15
290 1723 342 1770 τᾶ
367 1729 434 1771 δεῖ
451 1727 741 1784 προστιθεναι.

419 1789 538 1836 Ἐπεὶ
565 1793 611 1837 δε
641 1791 807 1837 ἐναντία
834 1789 1060 1848 ἀπόφασίς
1079 1790 1166 1836 ἐστι
1189 1794 1242 1848 τῇ
1263 1787 1378 1835 απαν
1399 1789 1484 1835 ἐστὶ
1510 1793 1621 1853 ζῷον
1642 1791 1707 1836 δί-

289 1873 418 1901 καιον
433 1855 459 1917 ἡ
473 1859 751 1918 σημαίνουσα
763 1855 827 1902 ότι
840 1855 973 1903 ου’δέν
984 1857 1067 1902 ἐστι
1080 1860 1191 1920 ζῶον
1202 1857 1420 1908 &noemma
1395 1850 1524 1901 αὐται
1533 1875 1609 1915 μεν
1621 1874 1709 1916 φα-

288 1920 418 1980 νερόν
437 1920 504 1967 ὅτι
526 1921 778 1969 οιῖδὲποτε”
755 1936 921 1968 εσονται
943 1921 1043 1968 οὔτε
1055 1920 1265 1983 ἄληθεῖς“
1246 1919 1333 1980 οἶμα
1346 1920 1446 1967 οὔτε
1458 1922 1523 1967 ἐπὶ
1535 1926 1616 1967 τοῦ
1627 1920 1709 1968 αὕ-

289 1990 387 2041 τοῦ,
411 1988 454 2032 αἱ
476 1986 562 2032 δε’
533 1990 813 2046 αντικείμεναι
829 1987 1184 2043 ταύταιςὲσονταί-
1196 2001 1310 2035 ποτε,
1323 1984 1417 2032 οἷον
1429 1985 1487 2032 013
1498 1991 1585 2032 πᾶν
1600 1990 1711 2050 ζῷον

240 2068 275 2095 2⁰
289 2053 459 2099 δίκαιον
480 2054 551 2098 καὶ
572 2053 658 2099 ἔστι
674 2071 712 2099 τι
748 2056 862 2117 ζῶον
880 2054 1060 2098 δίκαιον.
1099 2051 1405 2097 ἀκολουθοῦσι
1423 2054 1469 2098 δε
1489 2046 1630 2108 αὗται,
1658 2056 1710 2112 τῇ

289 2136 366 2177 μεν
375 2122 460 2174 πᾶς
472 2116 705 2178 ανθρωπος
715 2136 772 2164 ου
761 2118 953 2175 ’δίκαιός
965 2117 1110 2164 ἐστιν
1085 2137 1113 2180 η
1124 2117 1270 2174 οὐδείς
1279 2118 1391 2163 ἐστιν
1401 2116 1634 2177 ἄνθρωπος
1643 2119 1710 2164 δί-

379 2211 421 2242 33
433 2210 570 2248 δίκαιος
588 2208 696 2263 ἅνθρ.
709 2222 742 2249 n,
759 2210 810 2241 bis
832 2211 871 2242 K.
888 2228 933 2234 -—
949 2208 1083 2242 τούτου
1101 2221 1154 2240 om
1171 2220 1204 2240 π.
1217 2228 1258 2233 --
1277 2210 1319 2242 36
1338 2207 1655 2262 συναληθεύεσθαι
1670 2209 1708 2247 Β,

290 2251 487 2295 αληθεύειν
503 2265 543 2305 α’,
573 2252 825 2307 αληθεύεσθαι
843 2266 884 2295 n,
910 2251 1173 2294 συναληθεύειν
1194 2251 1361 2294 ἀλλήλαις
1381 2254 1420 2285 K.
1447 2271 1492 2278 —-
1524 2254 1565 2286 37
1587 2247 1654 2285 οὖν
1671 2251 1710 2286 αἱ

290 2297 359 2333 δύο
375 2310 408 2330 u.
429 2317 473 2323 —
498 2293 565 2330 οὖν
583 2310 636 2331 om
655 2300 684 2331 b
707 2319 736 2323 —
767 2296 966 2331 ἀντίκειται
988 2299 1027 2336 Β,
1050 2296 1269 2330 α’ντίκεινται
1291 2295 1471 2336 ἀλλήλαις,
1492 2295 1596 2329 ἄλλαι
1616 2297 1708 2338 deus.

290 2362 331 2368 -—
350 2343 391 2375 37
410 2341 464 2384 δε]
482 2340 519 2375 δὲ
539 2340 606 2375 δύο
630 2343 840 2384 BCaKuefd
861 2340 930 2375 δύο
950 2354 1005 2373 rec
1030 2342 1062 2373 d.
1074 2361 1118 2367 —
1135 2343 1178 2375 38
1188 2340 1416 2383 προστεθέν
1407 2353 1440 2372 m
1458 2341 1500 2372 fin
1522 2353 1601 2373 corr
1615 2341 1710 2381 ABd,

290 2385 553 2442 προστεθέντες
574 2388 701 2428 abeam
726 2399 761 2418 rc
776 2389 808 2428 f.
831 2406 872 2412 —-
899 2386 986 2429 ἔστι]
1009 2384 1088 2420 οἷόν
1106 2383 1179 2420 ἐστι
1194 2387 1249 2427 ub,
1275 2398 1354 2418 corr
1369 2397 1410 2428 n,
1437 2383 1518 2418 οἷόν
1538 2383 1613 2419 ἐστι
1630 2383 1710 2419 οἷον

289 2433 392 2474 recf.
418 2449 459 2455 —
483 2430 576 2464 ἔστι.
590 2430 832 2471 αηιιθρωπος
854 2443 907 2462 om
939 2431 967 2462 C
983 2438 1016 2462 et
1036 2444 1076 2474 pr
1091 2431 1123 2463 d.

379 2474 464 2508 20³2
482 2475 571 2510 εἰσὶν
591 2488 622 2508 τι
644 2495 684 2501 --
709 2475 854 2510 ἐκείνων
872 2474 979 2519 χωρὶς
998 2487 1031 2507 π.
1050 2493 1095 2499 --
1118 2472 1230 2512 αὑτὰς
1251 2484 1299 2506 επ.
1319 2491 1363 2497 -·
1399 2471 1571 2507 3ἔσονται
1583 2484 1710 2506 σοι-Γπ.

290 2540 333 2546 -
356 2518 537 2562 χρώμεναι
562 2521 692 2563 ACdfn
719 2539 762 2544 —
791 2520 812 2553 4
832 2518 1051 2574 ἕφαρμόττει
1070 2521 1108 2553 A.
1140 2538 1184 2545 —
1216 2531 1281 2561 ουχ
1302 2515 1472 2558 αρμόττει
1491 2519 1533 2550 K.
1560 2537 1602 2542 —
1626 2529 1709 2559 vya-

291 2565 407 2597 αίνειν
422 2565 482 2598 καὶ
503 2565 660 2607 βαδίζειν
679 2565 835 2607 CKdsnu.
853 2584 891 2590 -
918 2562 959 2598 τὸ
981 2577 1020 2604 pr
1039 2577 1092 2596 om
1110 2576 1142 2596 π.
1159 2581 1204 2589 -
1226 2564 1247 2596 5
1269 2561 1352 2596 τιθέ
1352 2575 1462 2605 μενας
1482 2574 1560 2594 corr
1577 2574 1612 2602 u,
1623 2573 1708 2605 pru

289 2609 449 2641 —6ante
467 2607 546 2642 οἷον
563 2611 661 2651 plura
676 2610 741 2641 vbb
764 2610 819 2640 del
837 2621 871 2641 n.
887 2627 924 2633 —
951 2606 1045 2652 οἷον]
1060 2606 1142 2642 οἷόν
1152 2607 1246 2641 ἐστιν
1263 2607 1296 2639 d·
1318 2627 1354 2632 -—
1352 2576 1455 2652 μ9τῷ
1471 2604 1566 2662 α’νθρ
1570 2606 1657 2650 ω’πῳ
1672 2607 1709 2639 C.

290 2669 336 2677 --
353 2654 394 2685 12
411 2653 579 2687 καθόλου
597 2651 704 2688 εἶναι.
740 2651 830 2687 ὥστε
853 2654 919 2708 Ae,
955 2665 1012 2685 rec
1032 2653 1065 2686 d.
1089 2671 1135 2678 -
1165 2654 1204 2685 13
1225 2665 1246 2692 η
1272 2649 1395 2690 ουδεὶς
1416 2641 1473 2707 A,
1488 2663 1510 2693 η
1528 2649 1568 2684 τὸ
1585 2640 1711 2692 μηδεὶς

295 2697 373 2729 Ceu·
398 2714 442 2721 —
474 2694 590 2732 ουθέν
606 2710 639 2732 τι.
663 2716 708 2724 -
744 2699 782 2731 14
800 2710 839 2741 pr
858 2711 878 2740 η
911 2710 951 2740 pr
970 2709 1024 2730 orn
1040 2710 1074 2731 π.
1095 2717 1134 2723 --
1171 2695 1398 2750 καταφήσειν
1414 2709 1434 2736 η
1452 2693 1660 2739 ἀποφήσειν
1681 2705 1709 2727 e.

291 2737 509 2774 -ταῦτᾶη,
521 2761 566 2767 -
593 2744 632 2776 17
649 2741 745 2796 ζῳόν
755 2710 828 2776 ἐστι
841 2754 875 2775 n.
887 2759 932 2768 -
945 2743 986 2775 18
996 2740 1148 2795 ἀληθεῖς
1167 2737 1286 2783 οὕτεῙ.
1299 2759 1344 2765 -
1363 2738 1500 2775 ταιῖτοῦ
1514 2751 1548 2772 τι.
1559 2758 1604 2765 —
1625 2739 1693 2772 20·
1685 2734 1709 2781 ἡ

292 2782 358 2829 μὲν
374 2785 438 2831 (τῇ
452 2784 518 2830 μὲν
534 2787 568 2830 b)
589 2777 710 2827 οὐδεὶς
722 2783 830 2832 ἅνθρ.
851 2786 990 2826 δίκαιος
1007 2788 1051 2832 τῇ
1072 2783 1114 2831 (η
1131 2785 1167 2828 b)
1184 2785 1258 2824 πᾶς
1275 2784 1370 2820 ἐστὶν
1387 2780 1558 2830 &huffe-013
1575 2784 1642 2819 δίκ.
1654 2783 1709 2816 nb
