1748 3106
203 249 266 281 XX
763 248 1101 283 PRAEFATIO.

208 350 266 394 18
280 350 307 391 b
323 350 377 394 11
402 356 446 392 et
465 352 611 401 22——
634 350 798 392 ultimis
825 350 993 393 duobus
1014 351 1123 393 locis
1144 357 1262 393 certe
1291 349 1563 393 restituenda
1585 355 1678 392 erat

207 427 340 469 lectio
351 426 454 477 AB,
468 442 602 483 quum
615 427 772 469 eadem
783 426 997 470 habeatur
1009 429 1054 470 in
1066 429 1265 470 versione
1276 427 1536 470 Boethiana.
1556 428 1680 469 Non-

204 518 426 560 nunquam
439 491 670 545 Bekkerus
690 504 840 546 reiecit
856 505 976 561 quod
996 505 1214 563 praebent
1237 505 1365 546 codd.
1384 504 1430 546 A
1436 503 1530 557 BC,
1545 503 1679 561 quod,

204 581 281 623 ubi
307 581 411 623 ferri
441 587 603 638 posset,
626 580 899 623 reduximus:
934 597 972 623 v.
1006 582 1073 625 5b
1089 581 1163 635 14,
1203 583 1360 635 6a31,
1393 581 1580 625 15b30.
1617 605 1682 613 --

204 658 420 714 Reliquos
449 657 624 699 codices
649 655 731 714 (de
752 672 936 714 quorum
960 674 1039 701 usu
1063 665 1107 701 et
1129 660 1275 717 pretio
1299 659 1513 701 disserere
1533 657 1680 700 nolui—

203 749 314 787 mus,
337 740 430 775 tum
452 734 553 789 quia
577 735 761 792 longum
780 741 857 788 est,
889 741 937 777 ut
956 735 1011 777 ab
1033 735 1120 777 hoc
1140 736 1240 777 loco
1263 736 1454 778 alienum
1479 750 1574 778 esse
1597 734 1680 776 de—

203 810 320 864 beat,
351 811 610 868 praesertim
639 826 795 867 quum.
826 818 874 854 ut
903 812 1255 871 intelligerentur
1285 828 1397 869 quae
1426 812 1679 869 disputare-

203 901 315 940 mus,
333 888 670 930 commentarius
690 903 821 944 quem
840 890 1177 947 conscripsimus
1192 889 1431 947 diligenter
1442 890 1562 946 prius
1575 903 1680 946 per-

204 963 422 1023 legendus
445 970 573 1019 esset,
602 971 695 1007 tum
719 966 851 1007 etiam
871 966 973 1021 quia
994 980 1063 1008 res
1084 966 1182 1022 ipsa
1205 966 1386 1023 copiosa
1409 970 1681 1008 commenta-

202 1041 325 1084 tione
358 1056 489 1097 quam
517 1043 758 1098 requireret
781 1042 854 1084 vix
876 1042 1012 1100 digna
1037 1039 1193 1099 esset),
1221 1057 1309 1084 non
1326 1043 1505 1085 invento
1527 1042 1602 1098 qui
1623 1042 1680 1083 li·-

203 1117 293 1160 bris
323 1116 416 1159 AB
440 1124 701 1176 praestaret,
732 1119 793 1160 ita
814 1119 1107 1172 adhibuimus,
1128 1126 1190 1172 ut,
1223 1120 1297 1161 ubi
1322 1120 1480 1177 optimi
1502 1120 1615 1162 inter
1636 1133 1683 1160 se

205 1195 522 1252 discreparent,
547 1195 682 1246 litem,
713 1195 748 1237 si
770 1195 866 1237 fieri
889 1202 1056 1254 posset,
1080 1196 1384 1238 diiudicarent.

300 1271 363 1314 At
393 1272 474 1314 erit
504 1271 577 1327 &lui
604 1272 722 1313 dicat
744 1286 832 1314 non
854 1277 943 1315 tam
960 1273 1134 1315 codices
1154 1273 1275 1331 ipsos
1295 1275 1409 1316 inter
1432 1288 1477 1316 se
1499 1285 1682 1328 compa—

203 1348 366 1390 randos
395 1363 512 1401 esse,
546 1355 594 1390 ut
625 1348 731 1404 quid
753 1349 910 1406 cuique
931 1350 1212 1392 tribuendum
1234 1351 1288 1392 sit
1309 1350 1584 1401 decernatur,
1604 1346 1683 1390 sed

204 1424 435 1468 adeundos
467 1439 562 1467 esse
593 1431 789 1467 veterum
818 1426 1109 1483 interpretum
1144 1427 1493 1478 commentarios,
1528 1431 1576 1467 ut
1608 1423 1684 1480 qui

203 1502 318 1544 liber
346 1517 444 1544 eam
476 1501 738 1559 plerumque
769 1501 1006 1544 lectionem
1027 1502 1234 1545 exhibeat
1256 1518 1369 1559 quae
1391 1503 1683 1560 interpretum

205 1579 467 1622 auctoritate
492 1578 838 1633 commendetur,
867 1579 903 1620 is
933 1580 1125 1637 optimus
1143 1579 1414 1631 *iudicandus
1438 1580 1504 1621 sit.
1551 1577 1678 1631 Quae

204 1655 385 1713 quidem
415 1656 629 1698 sententia
658 1670 734 1698 cur
766 1655 1000 1713 probanda
1026 1670 1115 1698 non
1144 1657 1198 1698 sit
1225 1657 1312 1698 iam
1345 1655 1678 1714 explicabimus.

203 1733 369 1776 Verum
390 1732 570 1790 quidem
593 1737 658 1775 est
678 1732 769 1775 sine
792 1732 926 1775 dubio
946 1733 1291 1792 antiquissimam
1311 1733 1567 1775 habendam
1588 1746 1683 1774 esse

204 1811 441 1853 lectionem
473 1824 606 1866 quam
634 1814 805 1851 veteres
837 1809 1097 1866 interpretes
1126 1811 1172 1852 in
1203 1810 1324 1852 libris
1362 1810 1448 1852 suis
1463 1809 1685 1866 'reperisse

206 1887 356 1930 dicant
382 1911 446 1917 —
479 1887 560 1929 nisi
588 1887 705 1929 forte
734 1887 779 1928 in
809 1886 908 1944 ipsa
940 1887 1131 1929 lectione
1161 1902 1292 1944 quam
1324 1886 1532 1929 exhibeat
1560 1891 1684 1928 vetus

207 1965 424 2022 interpres
454 1963 621 2020 aliquid
653 1968 868 2005 mutatum
901 1978 998 2005 esse
1021 1969 1063 2005 et
1085 1963 1372 2021 depravatum
1395 1961 1686 2005 demonstrari

205 2041 370 2100 possit,
399 2040 519 2095 quod
552 2040 711 2082 accidit
734 2055 770 2082 e.
792 2055 835 2098 g.
858 2040 959 2084 58b
974 2042 1000 2084 8
1028 2055 1116 2097 sq.:
1141 2055 1275 2097 quare
1297 2055 1391 2082 eam
1417 2053 1592 2097 semper
1613 2038 1683 2080 le-

207 2118 414 2169 ctionem,
433 2117 468 2158 si
489 2117 593 2158 ferri
611 2123 779 2174 posset,
805 2117 1053 2174 recepimus
1076 2132 1207 2173 quam
1229 2117 1330 2158 illos
1351 2116 1557 2158 habuisse
1577 2129 1682 2157 con·

207 2200 363 2245 staret3
393 2193 471 2235 sed
493 2193 581 2235 hoc
607 2194 754 2250 ipsum
782 2208 915 2251 saepe
936 2193 1251 2236 difficillimum
1273 2198 1336 2236 est
1357 2193 1413 2235 ad
1436 2192 1683 2235 diiudican-
1732 2195 1734 2198 ’

209 2272 328 2324 dum,
348 2285 480 2327 quam
500 2270 739 2313 lectionem
759 2270 1005 2313 habuerint.
1041 2271 1242 2327 Namque
1263 2271 1465 2327 frequens
1488 2269 1685 2312 scholio—

208 2364 305 2392 rum
334 2361 594 2407 graecorum
629 2362 730 2390 usus
761 2362 841 2390 nos
871 2347 1021 2390 docuit
1052 2348 1213 2390 nullius
1241 2348 1336 2390 fere
1355 2346 1566 2389 momenti
1592 2360 1686 2388 esse

211 2441 264 2469 ea
283 2425 418 2468 verba
440 2424 689 2467 Aristotelis
711 2439 824 2482 quae
846 2424 991 2483 ipsam
1011 2424 1367 2482 explicationem,
1398 2438 1484 2480 qua
1507 2423 1684 2466 Aristo-

209 2503 311 2546 telis
345 2501 560 2544 sententia
592 2502 647 2543 ab
670 2501 986 2559 interpretibus
1017 2501 1280 2554 illustretur,
1313 2500 1581 2559 praecedere
1610 2514 1684 2542 so—

211 2581 354 2622 leant:
386 2585 506 2620 recte
538 2579 652 2620 enim
679 2578 867 2620 Buhlius
898 2575 1025 2636 (Vol.
1045 2578 1067 2620 Ι
1090 2593 1134 2636 p.
1161 2566 1312 2635 527):
1343 2577 1493 2631 „Mihi
1523 2583 1685 2630 tamen,

211 2663 260 2699 ut
289 2656 378 2698 hoc
398 2655 538 2697 semel
562 2670 779 2709 moneam,
811 2655 1044 2713 probabile
1065 2662 1130 2698 est
1153 2656 1253 2713 ipsa
1275 2654 1527 2698 Aristotelis
1550 2653 1686 2696 verba

212 2740 303 2776 tam
330 2733 375 2775 in
409 2732 629 2790 Simplicii
661 2747 793 2789 quam
821 2733 867 2775 in
884 2732 1079 2790 plurium
1100 2732 1284 2775 aliorum
1303 2745 1564 2792 graecorum
1581 2730 1685 2774 Ari-
1732 2724 1741 2730 “

212 2810 381 2854 stotelis
411 2809 702 2868 interpretum
730 2809 1060 2854 'commentariis
1078 2823 1166 2854 non
1187 2824 1362 2868 semper
1383 2808 1438 2852 ab
1457 2808 1528 2852 his
1549 2808 1686 2851 inter-
