1884 3100
696 188 1003 234 categoriae.
1528 187 1610 229 275

245 285 484 336 Discrimen,
511 286 619 338 quod
647 286 817 327 interest
842 287 947 327 iuter
972 285 1022 328 τὸ
1049 285 1151 328 καθ’
1177 282 1467 338 ὑποκειμένου
1495 290 1540 327 et
1563 286 1614 329 τὸ

140 347 189 392 έν
203 348 483 406 ὑποκειμένῳ,
505 352 626 391 12³1
653 351 855 403 expressit
874 352 1028 391 verbis:
1058 348 1107 392 έν
1134 343 1199 399 οἷς
1223 347 1390 401 πέφυκε
1415 350 1615 404 γίνεσθαι

139 414 168 469 ἢ
207 406 270 457 ὧν
307 416 620 468 κατηγορεῖται.
682 415 743 455 De
777 427 827 454 eo
866 417 972 466 quod
1013 416 1164 456 dicitur
1203 412 1251 456 έν
1276 413 1547 472 ὑποκειμένῳ
1574 431 1613 458 v,

140 481 268 521 schol.
297 481 351 522 10.
380 481 480 531 Itali,
501 480 605 532 quod
627 491 746 531 supra
765 479 950 518 dedimus
978 493 1002 519 e
1030 480 1119 519 cod.
1147 480 1276 529 Mare,
1306 482 1359 521 ad
1384 483 1496 522 2h5.
1525 481 1610 522 He-

138 546 258 597 gell.
287 545 337 584 1.:
379 546 451 595 „ln
489 544 619 582 einem
649 542 839 596 Subjecte
867 543 1015 583 heirst:
1055 545 1168 584 nicht
1204 545 1263 584 ale
1293 544 1414 586 Theil
1449 547 1491 586 in
1526 546 1611 586 ihm

141 622 254 660 seyn,
283 609 381 648 aber
412 608 522 647 nicht
550 620 647 658 seyn
677 607 834 646 konnen
863 606 969 646 ohne
997 608 1061 646 ein
1090 609 1263 661 Subject
1364 609 1461 650 Man
1488 610 1609 659 siem,

138 672 379 712 Aristoteles
398 672 469 710 hat
490 671 568 709 den
590 670 865 710 Unterschied
892 683 965 709 von
988 671 1181 724 Guttumg,
1207 673 1500 726 Angemeinem
1526 673 1610 714 und

142 736 378 775 Einzelnem
406 736 459 774 im
489 733 649 775 Sinne”.
689 734 836 773 Melius
862 734 942 774 hoe
970 749 1087 787 quam
1117 737 1277 776 clarius.
1333 737 1475 778 Divisit
1502 739 1610 778 enim

141 800 384 840 Arlatoteies
422 797 475 840 τὰ
512 793 619 839 ὅντα
652 799 693 838 in
730 803 904 850 quatuor
940 812 1112 850 genera,
1151 813 1322 852 quorum
1351 802 1438 841 duo
1461 798 1535 848 (τὰ
1562 799 1611 842 ἐν

140 861 408 916 ὑποκειμένῳ
434 863 532 904 καθ’
566 860 853 914 ὑποκειμένου
882 861 922 903 δ’
950 862 1131 912 οὐδενός
1157 869 1200 904 et
1224 862 1279 905 τὰ
1307 864 1399 906 οὔτ’
1427 861 1475 905 έν
1501 863 1611 906 ὑπο-

138 926 318 981 κειμένῳ
340 930 439 968 οὒτε
459 930 561 969 καθ’
584 924 893 978 ὑποκειμένου)
923 940 989 967 res
1016 929 1239 969 individuas
1268 930 1609 983 complectuntur:

139 1005 229 1032 num
248 993 326 1032 hoc
348 994 520 1045 positum
545 996 609 1031 est
635 992 674 1030 in
695 996 835 1031 natura
860 1004 996 1030 rerum
1025 993 1284 1044 singularum,
1311 998 1356 1033 ut
1383 1007 1461 1033 non
1490 1007 1610 1047 prae-

139 1057 324 1096 dicentur
352 1057 404 1095 de
432 1056 522 1094 aliis
551 1056 626 1102 (cf.
650 1056 843 1103 21a24);
871 1054 1023 1106 reliqua
1049 1057 1131 1096 duo
1158 1070 1307 1110 genera
1335 1058 1610 1109 complectun-

137 1125 205 1159 tur
231 1120 486 1168 universalia,
514 1133 684 1170 quorum
712 1119 791 1157 alia
817 1119 983 1171 proprie
1011 1119 1199 1160 dicuntur
1226 1134 1376 1174 genera
1403 1119 1477 1169 (τὰ
1503 1122 1606 1163 καθ’

137 1181 426 1235 ὑποκειμένου
445 1180 492 1224 έν
508 1180 778 1236 ὑποκειμένῳ
802 1180 843 1222 δ’
871 1181 1055 1230 οὐδενί),
1084 1185 1161 1223 alia
1188 1197 1300 1234 vero,
1328 1186 1478 1237 quippe
1505 1199 1611 1238 quae

139 1253 184 1288 et
223 1249 507 1300 praedicentur
543 1248 595 1287 de
632 1248 723 1287 aliis
751 1252 794 1286 et
820 1247 860 1286 in
888 1252 1028 1287 natura
1057 1248 1226 1287 aliorum
1254 1249 1502 1298 inhaereant,
1529 1263 1610 1291 non

137 1313 299 1364 proprie
326 1313 580 1365 appellantur
607 1324 775 1364 genera:
803 1325 922 1364 quam
952 1312 1115 1364 quidem
1145 1326 1282 1352 veram
1309 1317 1485 1352 mentem
1515 1326 1609 1354 esse

139 1376 370 1415 Aristotelis
416 1377 634 1424 ostendunt
683 1375 803 1415 etiam
841 1389 888 1414 ea
941 1389 1044 1427 quae
1081 1376 1133 1415 de
1168 1376 1384 1416 individuis
1422 1377 1611 1417 dicuntur

139 1442 255 1480 bfi—
276 1442 324 1479 9:
346 1453 468 1491 quare
496 1441 594 1479 dicit
620 1441 683 1479 bs
709 1435 804 1479 ἔνια
831 1437 962 1480 οὐδὲν
989 1439 1164 1480 κωλύεις
1210 1453 1259 1479 ex
1295 1441 1344 1480 iis
1374 1442 1477 1481 enim
1507 1455 1611 1493 quae

138 1505 348 1544 inhaerent
375 1504 415 1542 in
451 1504 539 1543 aliis
577 1503 719 1555 ἄτομα
747 1509 838 1542 sunt
867 1517 1127 1557 quaecunque
1155 1517 1233 1544 non
1261 1504 1486 1557 praedicari
1513 1518 1609 1559 pos-

138 1574 248 1608 sunt.

85 1634 206 1673 1⁸22
232 1634 312 1673 τοῦ
339 1631 467 1679 τινός.
524 1630 549 1672 ὁ
576 1629 651 1682 τὶς,
680 1632 786 1683 quod
833 1632 1080 1672 substantivo
1110 1634 1384 1685 praeponitur,
1415 1647 1466 1674 ex
1493 1647 1607 1674 more

138 1697 370 1737 Aristoteiis
391 1696 590 1748 significat
611 1698 652 1736 id
677 1696 783 1747 quod
808 1709 883 1734 nos
911 1709 1055 1735 vocare
1084 1698 1262 1736 solemus
1292 1697 1610 1746 „concretum’':

138 1773 262 1812 quare
289 1761 465 1811 iungitur
493 1762 641 1798 99135
668 1757 737 1800 ἐπὶ
756 1758 914 1811 ταύτης
934 1757 1008 1800 καὶ
1026 1761 1103 1813 τῆς
1121 1759 1250 1807 τινός.
1295 1762 1428 1802 Etiam
1456 1763 1609 1802 omisso

139 1824 387 1864 substantivo
427 1824 576 1862 dicitur
613 1826 759 1863 21a31
794 1823 844 1864 τὸ
882 1821 922 1864 τὶ
948 1824 1057 1872 „ude
1085 1826 1361 1876 praedicatum
1399 1825 1609 1877 quodcun-

139 1885 261 1940 que”,
300 1889 448 1926 &5³34
484 1885 537 1927 τὰ
574 1887 685 1937 τινά,
714 1889 818 1940 quod
848 1889 954 1927 idem
984 1892 1049 1927 est
1077 1894 1196 1940 atque
1223 1887 1275 1928 τὰ
1302 1890 1412 1930 καθ’·
1435 1887 1606 1930 ἕκαστα.

138 1953 226 1993 Alia
256 1951 359 1990 ratio
387 1956 451 1990 est
481 1953 656 1991 l302a6
684 1951 906 1993 ἀδύνατον
932 1950 1019 1992 ἀπὸ
1047 1955 1127 2000 τοῦ
1154 1953 1330 2005 πρώτου
1349 1951 1423 1995 καὶ
1451 1957 1533 1995 τοῦ
1561 1951 1610 1994 έν

139 2015 250 2068 ἀρχῇ
279 2013 585 2068 ἡμαρτημένου
605 2015 664 2070 μὴ
683 2016 880 2058 ἀπαντᾶν
908 2015 967 2064 εἰς
993 2015 1043 2057 τὸ
1069 2015 1190 2066 τέλος
1215 2018 1352 2059 κακόν
1377 2032 1430 2066 τι,
1451 2020 1491 2058 in
1520 2018 1609 2070 qui-

141 2084 217 2122 bus
246 2080 344 2119 nihil
372 2085 481 2120 esset
508 2082 614 2132 quod
644 2083 885 2132 offenderet,
916 2082 949 2121 si
978 2082 1100 2122 verba
1128 2083 1188 2122 sie
1217 2083 1522 2123 collocem-isset:
1559 2080 1609 2123 τὸ

136 2143 256 2192 τέλος
283 2142 342 2190 εἰς
369 2142 505 2184 κακόν
531 2158 584 2185 τι.

86 2211 205 2249 1³25
234 2205 363 2260 χωρὶς
391 2202 512 2248 εἶναι.
541 2207 670 2260 χωρὶς
696 2211 911 2262 opponitur
938 2213 997 2262 τῷ
1024 2207 1126 2262 ἅμα,
1155 2223 1191 2249 v.
1219 2223 1321 2261 quae
1348 2211 1529 2250 dicemus
1557 2210 1610 2249 ad

140 2275 192 2312 14
205 2274 305 2320 1224,
331 2275 390 2324 τῷ
418 2276 546 2325 κοινῇ
574 2275 782 2313 ⁷63b21:
811 2273 974 2327 εἴρηται
1002 2272 1075 2315 καὶ
1101 2278 1229 2327 κοινῇ
1257 2271 1331 2314 καὶ
1356 2270 1486 2326 χωρὶς
1510 2272 1607 2324 περὶ

138 2335 327 2386 πάντων,
356 2335 410 2376 cf.
442 2339 628 2378 wsall.
666 2337 724 2377 De
753 2350 851 2378 voce
877 2335 1089 2391 χωριστὸν
1116 2351 1154 2379 ν.
1182 2338 1349 2390 Trdlbg.
1379 2338 1431 2376 ad
1458 2337 1528 2377 Ar.
1556 2338 1609 2378 de

138 2414 200 2441 an.
230 2415 270 2453 p.
300 2402 380 2440 324
407 2415 483 2453 sq„
512 2403 567 2442 ib.
598 2415 636 2454 p.
667 2403 746 2440 527
779 2415 853 2454 sq„
883 2404 1001 2443 Biese
1029 2403 1059 2441 Ι.
1088 2417 1128 2455 p.
1160 2405 1213 2442 57
1240 2406 1347 2450 not„
1375 2402 1428 2441 ib.
1457 2414 1499 2453 p.
1527 2403 1608 2441 424

139 2470 220 2506 not.
249 2467 289 2516 2,
319 2466 483 2505 Aristot.
507 2468 709 2506 1028a33
737 2465 824 2505 τῶν
850 2465 930 2518 μὲν
956 2467 1039 2520 γὰρ
1066 2469 1209 2507 ἄλλων
1235 2465 1606 2518 κατηγορημάτων

139 2527 268 2570 οὐδὲν
295 2529 527 2582 χωριστόν,
557 2527 665 2582 αὕτη
694 2526 740 2569 δὲ
766 2529 878 2584 μόνη
908 2531 956 2585 (ἦ
975 2530 1136 2576 οὐσία).
1168 2533 1337 2570 185331
1369 2527 1505 2571 οὐθὲν
1522 2528 1607 2583 γὰρ

138 2594 226 2635 τῶν
247 2596 390 2635 ἄλλων
415 2594 627 2648 χωριστόν
655 2591 742 2635 ἐστι
769 2594 887 2647 παρὰ
914 2595 994 2649 τὴν
1023 2594 1195 2637 οὐσίαν·
1224 2594 1366 2634 πάντα
1391 2592 1476 2647 γὰρ
1502 2596 1604 2636 καθ’

139 2657 426 2713 ὑποκειμένου
459 2661 535 2713 τῆς
564 2657 714 2706 οὐσίας
740 2657 917 2712 λέγεται.
961 2661 1024 2700 Cf.
1053 2661 1236 2699 317h28
1267 2665 1310 2699 et
1339 2662 1405 2701 33.
1435 2662 1611 2700 103921‘1

141 2720 171 2775 ἡ·
196 2721 278 2775 γὰρ
315 2722 544 2777 ἐντελέχεια
580 2723 758 2777 χωρίζει.
797 2727 1003 2766 1048b15
1030 2723 1079 2764 τὸ
1109 2722 1148 2764 δ’
1175 2723 1355 2776 ἄπειρον
1383 2722 1463 2778 οὐχ
1491 2722 1605 2766 οὕτω

140 2786 322 2841 δυνάμει
356 2787 471 2831 ἐστὶν
497 2788 554 2838 ὡς
581 2786 772 2843 ἐνεργείᾳ
798 2785 1004 2842 ἐσόμενον
1029 2787 1261 2843 χωριστόν,
1287 2786 1396 2832 ἀλλὰ
1425 2788 1609 2842 γνώσεις

1263 2852 1337 2888 18*
