1884 3100
633 183 1005 219 KATHI'OPIAJ.
1537 182 1593 222 95

147 282 371 367 πολλούς,
404 282 450 330 ἐν
476 283 524 330 δὲ
553 286 616 349 τῷ
643 282 817 349 θεάτρῳ
843 281 1024 345 ὀλίγους
1053 284 1206 347 πολλῷ
1232 279 1472 339 πλείους”
1443 299 1587 339 οντας.
1604 304 1640 332 25

147 351 208 398 ἔτι
235 349 289 398 τὸ
322 352 401 412 μὲν
429 350 595 415 δίπηχυ
620 352 696 398 καὶ
720 353 910 414 τρίπηχυ
940 352 1016 397 καὶ
1046 350 1230 396 ἕκαστον
1256 352 1344 396 τῶν
1372 348 1591 396 τοιούτων

147 417 294 466 ποσὸν
323 419 545 482 σημαίνει,
586 417 638 466 τὸ
668 420 717 466 δὲ
744 419 854 481 μέγα
883 415 913 481 ἢ
940 416 1101 479 μικρὸν
1118 436 1179 466 ου
1209 418 1409 481 σημαίνει
1442 415 1592 464 ποσὸν

149 484 262 533 αλλὰ
278 490 448 547 μᾶλλον
464 486 577 548 πρός
597 503 660 533 τι·
704 485 817 548 πρὸς
853 484 938 547 γὰρ
972 486 1118 546 ἕτερον
1147 490 1378 547 θεωρεῖται
1407 483 1458 531 τὸ
1483 484 1592 546 μέγα

149 556 224 601 καὶ
244 552 295 601 τὸ
315 554 485 615 μικρόν.
555 549 662 600 ωστε
696 551 892 615 φανερὸν
922 550 988 600 ὅτι
1006 557 1146 600 ταῦτα
1165 557 1251 600 τῶν
1269 552 1382 614 πρός
1401 552 1444 599 τί
1464 553 1591 600 ἐστιν.

149 621 210 667 ἔτι
240 620 315 668 ἐάν
339 640 383 667 τε
412 624 519 681 τιθῇ
545 639 610 678 τις
643 625 784 668 ταῦτα
815 618 934 668 ποσιὶ
965 618 1073 668 εἶναι
1095 621 1172 668 ἐινῖν
1190 639 1235 667 τε
1254 619 1316 684 μὴ
1337 623 1468 681 τιθῇ,
1503 618 1591 668 οὐκ
1607 639 1643 668 30

148 689 262 735 ἔστιν
284 687 438 745 αὐτοῖς
456 689 652 735 ἐναντίον
670 686 828 736 οὐδέν·
865 686 892 736 ὃ
909 686 992 750 γὰρ
1012 688 1074 752 μή
1094 689 1211 736 ἐστιν
1228 686 1342 735 αὐτὸ
1362 686 1468 735 καθ’
1480 685 1593 735 αὐτὰ

147 758 296 816 λαβεῖν
335 753 447 802 ἄλλα
477 753 590 816 πρὸς
629 756 777 817 ἕτερον
815 754 1101 817 ἀναφέρεται,
1144 759 1239 813 πῶς
1280 753 1336 802 ἂν
1375 756 1489 818 φαίη
1526 773 1595 813 τις

147 822 291 889 τούτῳ
319 842 360 870 τι
398 823 616 878 ἐναντίους
658 824 718 870 ἔτι,
749 825 796 871 δὲ
827 826 866 871 εἰ
893 825 1013 871 ἔσται
1029 822 1081 871 τὸ
1111 824 1219 885 μέγα
1249 824 1324 869 καὶ
1355 821 1407 870 τὸ
1435 820 1595 883 μικρὸν

148 890 343 949 ἐναντία,
387 890 657 954 συμβήσεται
685 889 738 938 τὸ
772 890 884 939 αὐτὸ
915 889 1005 953 ἅμα
1030 889 1083 938 τὰ
1113 891 1285 938 ἐναντία
1315 891 1594 951 ἐπιδέχεσθαι

148 959 223 1004 καὶ
256 956 372 1005 αὐτὰ
402 958 575 1016 ἑαυτοῖς
602 956 712 1006 εἶναι
741 959 924 1006 ἐναντιά.
994 960 1225 1020 συμβαίνει
1253 959 1337 1020 γάρ
1368 973 1472 1005 ποτε
1502 955 1644 1018 ἅμαεε

147 1023 199 1072 τὸ
220 1023 333 1072 αὐτὸ
351 1026 459 1087 μέγα
481 1044 526 1073 τε
545 1028 621 1072 καὶ
641 1025 800 1087 μικρὸν
820 1024 929 1074 εἶναι
942 1045 952 1054 ·
998 1027 1086 1074 ἔστι
1116 1024 1199 1088 γὰρ
1222 1024 1340 1087 πρὸς
1358 1026 1437 1086 μὲν
1457 1030 1593 1073 τοῦτο

148 1092 326 1154 μικρόν,
360 1091 478 1153 πρὸς
499 1094 646 1154 ἕτερον
669 1095 716 1140 δὲ
735 1093 786 1141 τὰ
806 1092 919 1141 αὐτὸ
941 1098 1077 1141 τοῦτο
1098 1094 1219 1155 μέγα.
1273 1090 1382 1139 ὥστε
1401 1091 1453 1140 τὸ
1477 1091 1593 1140 αὐτὸ

147 1161 223 1207 καὶ
258 1161 365 1223 μέγα
401 1162 474 1207 καὶ
522 1158 680 1222 μικρὸν
719 1159 831 1207 κατὰ
861 1159 940 1208 τὸν
973 1159 1114 1208 αὐτὸν
1140 1159 1300 1222 χρόνον
1335 1157 1444 1207 εἶναι
1476 1172 1594 1221 συμ-

147 1228 307 1289 βαίνει·
345 1226 457 1275 ὥστε
480 1225 570 1289 ἅμα
590 1227 643 1275 τὰ
662 1229 833 1276 ἐναντία
853 1227 1142 1289 ἐπιδέχεσθαι.
1203 1225 1299 1273 ἄλλ’
1318 1226 1454 1274 οὐδὲν
1475 1231 1600 1274 δοκεῖ

150 1293 240 1356 ἅμα
257 1294 312 1342 τὰ
331 1296 501 1343 ἐναντία
519 1297 816 1358 ἐπιδέχεσθαι,
854 1294 950 1343 οἷον
977 1297 1047 1343 ἐπὶ
1076 1298 1156 1359 τῆς
1191 1293 1373 1353 οὐσίας·
1420 1293 1595 1358 δεκτικὴ
1611 1307 1680 1350 p.6

149 1365 230 1425 μὲν
249 1368 336 1411 τῶν
361 1364 566 1411 ἐναντίων
595 1367 720 1411 δοκεῖ
748 1361 879 1421 εἶναι,
915 1362 1011 1410 ἄλλ’
1042 1362 1143 1411 οὔτι
1170 1382 1218 1425 γε
1249 1361 1340 1424 ἅμα
1372 1368 1498 1410 νοσεῖ
1520 1364 1597 1410 καὶ

151 1429 350 1493 ὑγιαίνει.
400 1429 496 1478 ἄλλ’
514 1430 624 1479 ου’δὲ
644 1430 810 1479 λευκὸν
829 1432 903 1478 καὶ
921 1432 1058 1492 μέλαν
1078 1432 1194 1478 ἐστὶν
1216 1428 1320 1492 ἅμα.
1369 1429 1464 1477 ἄλλ’
1485 1429 1596 1478 ου’δὲ

149 1503 239 1546 τῶν
266 1497 412 1546 ἄλλων
443 1497 583 1547 οὐδέν
613 1500 728 1547 ἐστιν
759 1498 786 1547 ὃ
815 1497 906 1560 ἅμα
933 1498 987 1546 τὰ
1013 1499 1185 1547 ἐναντία
1215 1497 1466 1559 ἐπιδέχεται.
1520 1500 1598 1545 καὶ

152 1564 266 1614 αὐτὰ
295 1565 335 1614 δ’
367 1566 540 1625 ἑαυτοῖς
570 1568 801 1629 συμβαίνει
842 1567 1014 1615 ἐναντία
1053 1565 1177 1615 εἶναι.
1249 1567 1288 1613 εἰ
1313 1584 1397 1628 γαρ
1426 1566 1516 1613 ἐστι
1545 1564 1597 1613 τὸ
1612 1586 1631 1614 5

150 1634 260 1697 μέγα
288 1637 351 1701 τῷ
385 1639 527 1719 μικρῷ
565 1635 784 1693 ἐναντίον,
829 1633 881 1682 τὸ
911 1634 951 1682 δ’
985 1633 1100 1683 αὐτό
1135 1635 1251 1682 ἐστιν
1283 1653 1373 1694 αμα
1391 1634 1501 1696 μέγα
1522 1635 1598 1680 καὶ

151 1682 330 1763 μικρόν,
366 1700 481 1749 αὐτὸ
499 1703 642 1769 ἐαυτῷ
666 1705 734 1766 εἴη
756 1720 812 1749 αν
829 1703 1039 1750 ἐναντίον.
1105 1700 1216 1748 αλλὰ
1247 1705 1338 1748 τῶν
1366 1700 1600 1749 αδυνάτων

153 1770 271 1816 ἐστὶν
303 1766 416 1817 αὐτὸ
446 1769 588 1835 ἑαυτῷ
619 1767 728 1817 εἶναι
757 1770 964 1817 ἐναντίον.
1035 1767 1125 1817 οὐκ
1152 1770 1268 1816 εστιν
1306 1787 1393 1826 αρα
1413 1766 1467 1815 τὸ
1489 1769 1599 1831 μέγα

153 1840 216 1920 τῷ
233 1840 375 1902 μικρῷ
392 1837 610 1894 ἐναντίον,
646 1835 754 1884 ου’δὲ
784 1835 837 1883 τὸ
856 1835 978 1884 πολυ
1003 1855 1063 1882 τω
1100 1834 1248 1901 ὀλίγῳ.
1319 1833 1430 1882 ωστε
1459 1837 1498 1882 εἰ
1522 1836 1598 1882 καὶ

152 1902 214 1968 μὴ
247 1907 335 1950 τῶν
368 1903 499 2027 ιὲρός
521 1923 563 1952 τι
598 1904 742 1952 ταῦτά
768 1922 834 1963 τις
873 1904 962 1967 ἐοεῖ
985 1884 1099 1950 αλλὰ
1136 1907 1222 1951 τοῦ
1243 1907 1417 1962 ποσοῦ,
1464 1900 1600 1951 ουδεν
1613 1915 1648 1943 1⁰

152 1971 382 2019 ἐναντίον
364 1989 383 2018 ε
409 1989 445 2018 ει

228 2116 504 2176 Ἆῖδτόοωιι.
538 2138 583 2144 -—
632 2114 897 2174 29καὶ]ἢιι,
925 2119 1183 2173 omprC.—
1237 2115 1439 2161 τόοῐιιρι-
1471 2118 1531 2151 Cu.
1558 2138 1600 2144 —

154 2166 198 2200 30
223 2178 271 2200 αν
297 2178 340 2210 pr
364 2178 398 2199 ιι.
422 2183 468 2191 ——
499 2164 624 2209 τιθείη
643 2176 677 2199 ιι.
702 2185 748 2191 -
780 2161 878 2199 αὐτὰ
893 2176 968 2199 erm.
992 2183 1039 2190 —
1070 2165 1113 2197 32
1134 2161 1373 2220 ἀναφέροντα
1389 2165 1425 2203 Ιι,
1450 2175 1492 2206 pr
1513 2163 1600 2206 Cnd,

154 2206 409 2256 ἀναφέρονται
435 2223 478 2255 pl
506 2211 549 2244 Β.
582 2228 630 2236 ——
674 2210 769 2254 φαίη
793 2210 863 2254 τις]
893 2211 950 2255 εἴη
973 2210 1121 2252 nubesE.
1154 2227 1199 2235 —
1244 2211 1288 2244 33
1313 2208 1354 2244 δε
1385 2220 1441 2241 om
1468 2220 1520 2243 eu.
1555 2227 1600 2234 --

154 2256 232 2291 ἐστι
247 2267 299 2290 ne.
325 2274 367 2281 —
394 2257 438 2290 34
454 2253 637 2290 τοῖναντία
652 2266 688 2299 ιι,
703 2254 873 2290 ἐναντίον
891 2268 924 2288 ιι.
948 2275 996 2280 -
1029 2254 1205 2300 δέχεσθαι
1221 2266 1248 2289 e.
1272 2273 1320 2280 -
1351 2255 1394 2287 35
1410 2265 1501 2288 ποτε
1517 2260 1601 2297 post

154 2302 198 2337 36
217 2297 310 2337 αὐτὸ
332 2301 396 2334 sed
414 2301 472 2334 del
488 2313 522 2345 ιι,
541 2313 596 2334 om
616 2302 662 2344 ef.
689 2319 731 2326 —
757 2301 800 2334 36
821 2313 861 2335 τε
890 2313 945 2333 om
966 2313 1018 2334 eu.
1047 2321 1085 2325 -
1115 2298 1211 2334 εἶναι
1225 2312 1280 2332 om
1301 2312 1344 2354 ρι·
1365 2300 1407 2332 Β.
1433 2318 1476 2324 -
1502 2299 1546 2332 37
1558 2310 1601 2342 pr

153 2346 215 2427 gg]
235 2359 277 2402 γε
296 2359 330 2383 ιι.
345 2365 392 2373 —
414 2347 459 2381 38
479 2359 519 2391 pr
534 2346 633 2382 καὶ..
646 2343 778 2390 .εἶναι]
793 2344 927 2393 μικρὸν
941 2345 1039 2382 εἶναι
1054 2345 1118 2381 καὶ
1134 2346 1229 2391 μέγα
1243 2342 1339 2379 κατὰ
1352 2358 1383 2379 τ.
1399 2357 1432 2378 α.
1444 2356 1498 2388 χρ.
1511 2355 1545 2378 u.
1558 2362 1602 2368 —

218 2405 269 2432 ως
289 2404 318 2427 ε.

243 2437 311 2472 632
328 2434 424 2472 εἶναι
444 2436 548 2471 δοκεῖ
565 2447 618 2470 ae.
643 2455 687 2461 —
720 2433 804 2491 ου’χὶ
823 2449 902 2470 corr
917 2448 951 2468 ιι.
979 2455 1023 2461 -
1055 2432 1142 2470 οὔτε
1161 2431 1239 2490 ἅμα
1257 2447 1291 2467 ιι.
1318 2452 1363 2459 ——
1394 2433 1509 2477 νοσεῖ]
1534 2446 1602 2467 νο-

155 2483 264 2519 σείων
287 2484 323 2527 h,
345 2485 450 2518 νοσεῖ
460 2495 516 2522 τις
537 2494 571 2514 ιι.
597 2500 644 2507 -
682 2478 795 2516 3οἷλλ’
866 2479 965 2516 ,ἀλλ’
993 2492 1049 2513 om
1076 2493 1109 2514 α.
1135 2499 1181 2506 -
1213 2478 1289 2514 ἀλλ’
1309 2480 1360 2511 bis
1381 2491 1436 2512 om
1455 2491 1531 2512 nne.
1555 2497 1602 2505 —

154 2510 366 2564 4οιῖιθὲνιι.
390 2548 436 2555 —
469 2522 603 2563 ἐστινὸ
618 2539 674 2560 om
692 2538 778 2571 πέζα.
803 2546 843 2554 -
880 2525 1112 2560 τοὶναντίαιι.
1135 2545 1182 2552 —
1214 2527 1235 2559 5
1257 2521 1442 2564 αυτοῖςΒ.
1468 2543 1514 2550 -
1548 2521 1602 2558 εἶ-

155 2585 220 2610 ναι
236 2573 388 2610 ἐναντία
407 2574 440 2608 ἆ.
467 2594 510 2600 --
550 2571 625 2608 ἔστι
643 2575 745 2615 oms.
769 2591 815 2598 —-
845 2570 913 2607 ὅδ’
937 2584 993 2605 um
998 2574 1066 2626 fg.
1090 2589 1137 2597 -
1169 2567 1260 2613 αμα]
1292 2566 1371 2610 ἅμα
1398 2569 1462 2604 καὶ
1479 2571 1600 2614 Buag,

155 2616 268 2675 uulf.
293 2639 339 2646 —
369 2619 433 2654 καὶ
460 2631 517 2652 om
547 2619 581 2652 d.
605 2637 651 2644 —
683 2619 704 2651 7
731 2615 839 2662 αὐτὸ]
867 2617 931 2652 καὶ
957 2616 1051 2651 αὐτο
1078 2616 1212 2660 cdegh.
1237 2632 1280 2638 —
1312 2627 1361 2649 αν
1381 2615 1439 2660 εἴη
1455 2625 1521 2660 ng,
1543 2615 1601 2658 εἴη

157 2676 205 2698 αν
231 2663 327 2702 εἶναι
342 2666 445 2700 1ι.-
470 2662 583 2699 ἀλλὰ.
621 2662 808 2698 .ἐναντίον
827 2675 885 2697 om
910 2674 942 2696 α.
968 2681 1014 2686 —-
1036 2663 1060 2696 8
1075 2673 1112 2695 τι
1133 2667 1213 2693 ante
1237 2657 1334 2695 εἶναι
1355 2661 1415 2695 adi
1432 2671 1494 2707 ng,
1522 2668 1602 2706 post

159 2705 255 2746 εἶναι
270 2712 332 2755 Af.
355 2730 402 2737 —
426 2711 448 2746 9
466 2710 503 2747 εἰ
515 2709 597 2752 καὶ]
617 2705 688 2744 κᾶν
703 2721 739 2742 ιι.
762 2726 809 2735 —-
833 2710 877 2743 10
897 2720 972 2742 των
991 2718 1047 2746 om
1065 2717 1094 2741 e.
1118 2724 1164 2732 —-
1186 2703 1332 2749 αὐτὰῙ.
