1780 3100
205 193 286 232 850
764 192 1143 227 Hermeneutica.

207 292 351 330 20813
380 289 598 329 Verborum
636 289 845 327 collocatio
884 289 1011 327 locum
1041 289 1246 327 difficilem
1275 289 1466 329 reddidit:
1507 291 1685 331 dicturus

260 351 389 393 οὐδὲν
415 354 515 392 ἄλλο
541 350 848 401 προσσημαίνει
871 350 898 404 ἢ
925 350 990 391 ὅτι
1017 353 1115 391 καθ’
1133 350 1235 390 ὅλου
1253 353 1331 391 τοῦ
1351 350 1559 403 ὀνόματός
1578 350 1687 393 ἐστιν

259 415 287 469 ἥ
313 416 547 466 κατάφασις
573 414 599 466 ἢ
627 415 655 467 ἦ
682 414 894 466 ἀπόφασις
921 416 1081 466 scripsit
1109 412 1235 454 οὐδὲν
1261 416 1361 456 ἄλλο
1382 416 1689 468 προσσημαίνει

257 479 284 532 ἢ
312 479 552 530 κατάφασιν
577 477 604 530 ἢ
632 478 860 530 ἀπόφασιν,
889 476 952 518 ὅτι
979 478 1173 518 καθόλου
1206 477 1322 517 εἰσίν.
1380 480 1569 530 Reliquae
1595 492 1687 519 vero

258 544 534 582 enuntiationis
564 548 695 593 partes
724 544 875 581 adiecto
904 542 966 581 vel
993 545 1074 588 πᾶς
1092 542 1152 580 vel
1173 539 1316 594 μηδεὶς
1336 543 1498 581 eaedem
1516 547 1687 589 manent,

260 606 364 644 uude
392 610 503 656 patet
530 606 633 655 quod
661 608 827 657 probare
855 605 989 653 voluit,
1018 618 1072 643 vs.
1099 609 1123 643 8
1151 618 1227 644 non
1255 607 1462 645 dicendum
1493 605 1616 644 fuisse
1636 603 1687 644 οὐ

256 672 338 715 πᾶς
363 669 606 718 ἄνθρωπος,
636 669 706 706 sed
734 672 816 715 πᾶς
843 667 922 708 οὐκ
948 669 1189 719 ἄνθρωπος.

206 735 355 772 20320
383 732 583 782 Exemplis
613 733 785 770 ostendit
812 733 1119 770 enuntiationem
1140 734 1345 782 negantem
1369 735 1408 769 et
1428 731 1686 769 universalem

260 801 302 835 et
327 796 598 847 particularem
638 800 942 846 consequentem
979 807 1069 832 esse
1107 786 1225 844 posse
1261 794 1538 831 enuntiationis
1575 793 1686 832 affir-

257 859 412 898 mantis.

205 923 352 961 ⁶20a24
379 920 523 959 Veram
552 921 758 958 lectionem
788 932 811 957 e
838 919 926 957 cod.
955 918 996 956 B
1022 918 1314 962 revocavimus,
1358 930 1445 955 cum
1475 931 1552 968 quo
1579 918 1686 957 Boe-

256 984 364 1022 thius
386 984 602 1020 consentit:
632 983 777 1020 etenim
803 986 844 1018 ut
865 981 1059 1018 scribatur
1078 978 1142 1019 ὅτι
1161 979 1244 1027 καί,
1273 993 1347 1018 non
1362 978 1432 1019 καὶ
1446 978 1522 1031 ὅτι,
1550 986 1686 1032 aperte

255 1046 429 1097 postulat
447 1044 552 1094 quod
568 1057 623 1082 vs.
635 1046 685 1081 25
708 1045 875 1082 habetur
899 1041 962 1082 ὅτι
982 1041 1073 1082 uoci:
1093 1045 1250 1083 iteravit
1261 1044 1492 1082 Aristoteles
1513 1049 1558 1082 ut
1574 1044 1685 1082 nobis

256 1110 294 1146 in
316 1112 487 1146 mentem
511 1112 714 1144 revocaret
736 1107 904 1145 alterum
920 1104 981 1145 ὅτι
1003 1104 1072 1145 καὶ
1093 1107 1194 1157 quod
1219 1107 1448 1157 praecessit,
1469 1119 1582 1156 quam
1601 1107 1685 1156 qui-

257 1171 350 1209 dem
377 1171 417 1208 in
444 1169 652 1207 scribendo
681 1170 865 1207 usitatam
892 1170 1110 1208 Aristotelis
1129 1169 1400 1220 negligentiam
1429 1182 1565 1219 parum
1594 1181 1685 1219 per-

256 1234 428 1284 spiciens
456 1232 584 1270 Buhle
610 1233 760 1271 uncinis
790 1233 946 1272 inclusit
972 1230 1037 1272 ὅτι
1063 1244 1119 1270 vs.
1146 1233 1210 1271 25.
1239 1253 1292 1259 —-
1336 1231 1447 1279 Quae
1475 1231 1525 1269 de
1552 1232 1685 1281 singu-

256 1296 305 1335 lis
326 1300 530 1346 negantur,
553 1307 601 1332 ea
627 1296 743 1332 etiam
772 1296 1004 1334 affirmando
1033 1296 1087 1332 ita
1115 1294 1339 1345 exprimere
1367 1294 1474 1341 licet,
1501 1298 1544 1332 ut
1566 1307 1685 1344 nega-

255 1360 310 1399 tio
339 1371 414 1397 non
442 1358 637 1396 referatur
664 1358 712 1395 ad
740 1360 900 1396 verbum
929 1358 1068 1407 ,‚est”‚
1106 1358 1176 1395 sed
1204 1357 1252 1394 ad
1280 1357 1319 1394 id
1349 1356 1451 1407 quod
1480 1357 1684 1407 praedica-

254 1427 334 1461 tur.
389 1421 476 1459 Non
503 1419 557 1459 ita
585 1421 623 1458 in
651 1422 960 1460 universalibus:
994 1434 1084 1459 nam
1120 1421 1153 1458 si
1182 1420 1376 1471 sapientia
1402 1432 1479 1458 non
1506 1420 1685 1459 omnibus

255 1484 453 1531 tribuitur,
476 1488 606 1521 tamen
625 1496 761 1522 omnes
783 1497 859 1522 non
888 1485 1081 1534 sapientes
1109 1495 1198 1520 esse
1225 1483 1383 1521 minime
1411 1483 1683 1533 consequitur:

253 1559 375 1598 quare
414 1547 451 1584 in
491 1546 822 1584 enuntiationibus
851 1548 1031 1584 universe
1062 1546 1288 1595 negantibus
1317 1546 1562 1595 negationem
1591 1557 1684 1583 con-

252 1610 416 1658 iungere
434 1621 509 1647 non
534 1608 626 1647 licet
653 1622 741 1647 cum
762 1621 809 1646 eo
828 1609 931 1658 quod
950 1608 1218 1658 praedicatur:
1247 1608 1351 1654 quod
1382 1608 1415 1646 si
1438 1611 1569 1645 autem
1591 1619 1684 1645 con-

252 1672 429 1723 iungitur
456 1684 544 1709 cum
573 1671 663 1719 hoc,
691 1671 905 1709 enuntiatio
934 1669 1057 1706 exibit
1083 1668 1404 1712 contrariatnam
1432 1667 1686 1706 enuntiationi

253 1746 418 1782 „omnes
457 1733 653 1783 sapientes
681 1732 796 1770 sunt’'
837 1732 1027 1774 contraria
1064 1733 1125 1768 est
1163 1741 1306 1777 „nemo
1348 1733 1409 1767 est
1438 1727 1621 1780 sapiens’'
1650 1742 1681 1770 s.

252 1797 358 1848 quod
386 1796 491 1834 idem
522 1799 585 1833 est
613 1807 776 1843 „omnes
805 1799 896 1833 sunt
921 1806 997 1833 non
1026 1789 1296 1844 sapientes’'),
1334 1804 1411 1831 non
1439 1804 1539 1843 quae
1564 1803 1683 1842 repu-

251 1863 344 1912 gnat
372 1861 496 1907 (‚‚n0n
524 1871 660 1896 omnes
689 1859 885 1909 sapientes
915 1856 1068 1904 sunt'').
1261 1889 1267 1893 .

197 1923 347 1963 20:131
376 1919 421 1960 αἱ
447 1918 526 1960 δὲ.
547 1949 557 1958 .
576 1948 586 1958 .
618 1921 847 1959 Ammonius
891 1920 1036 1964 (schol.
1066 1919 1260 1963 125b34)
1297 1921 1429 1955 mente
1463 1917 1682 1967 intelligen-

252 1985 347 2024 dum
368 1989 480 2035 putat
500 1981 653 2034 φωναί,
681 1983 785 2033 quod
814 1982 919 2021 unde
949 1982 1035 2019 elici
1062 1981 1190 2032 possit
1217 1992 1292 2018 non
1320 1979 1449 2017 video.
1493 1980 1683 2019 Constru-

251 2048 332 2087 ctio
370 2048 508 2085 eadem
538 2047 690 2084 ratione
717 2044 948 2096 explicanda
974 2048 1036 2082 est
1063 2057 1139 2094 qna
1165 2045 1215 2080 67
1228 2045 1307 2081 2135
1336 2041 1384 2079 ad
1413 2054 1529 2091 quem
1556 2042 1684 2081 locum

254 2110 392 2149 similia
420 2109 660 2159 colligemus.
724 2108 765 2146 [n
793 2113 925 2145 mente
953 2107 1185 2145 Aristoteles
1212 2106 1346 2143 habuit
1375 2105 1479 2154 quod
1507 2105 1685 2155 sequitur

254 2171 502 2223 ἀποφάσεις,
526 2172 634 2222 quasi
656 2171 830 2209 dicturus
859 2168 903 2208 αἱ
929 2167 974 2208 δὲ
995 2167 1100 2208 κατὰ
1127 2166 1178 2207 τὰ
1205 2166 1378 2218 ἀόριστα
1406 2165 1684 2218 ἀντικείμεναι

251 2234 484 2287 ἀποφάσεις
502 2233 580 2274 οὐκ
606 2232 710 2273 εἰσὶν
736 2232 971 2284 ἀποφάσεις
1002 2230 1057 2278 ὡς
1084 2230 1278 2284 ἀληθῶςε
1305 2243 1536 2282 quamquam
1564 2231 1683 2281 igitur

252 2313 319 2340 res
346 2300 434 2350 ipsa
462 2311 541 2337 non
566 2299 734 2348 patitur,
763 2302 806 2335 ut
833 2294 1113 2346 ἀνακείμεναι
1151 2295 1349 2334 referatur
1376 2294 1424 2331 ad
1453 2291 1682 2343 ἀποφάσεις

251 2362 376 2413 (quod
398 2361 708 2412 insequentibus
737 2350 1024 2399 ab'Aristotele
1051 2358 1306 2403 ostenditur),
1332 2360 1463 2395 tamen
1491 2357 1608 2395 verba
1627 2357 1684 2395 ita

250 2428 475 2476 comparata
511 2428 623 2470 sunt,
662 2426 725 2471 ut,
763 2423 838 2461 nisi
876 2436 923 2461 ex
951 2421 1183 2473 ἀποφάσεις
1209 2419 1356 2471 φάσεις
1383 2418 1528 2457 elicere
1555 2419 1681 2468 malis,

251 2489 300 2527 ad
328 2487 425 2527 nihil
452 2487 556 2525 aliud
583 2486 711 2536 possit
737 2485 891 2524 referri.
935 2486 1089 2525 Clarius
1118 2486 1280 2523 dixisset
1306 2482 1333 2521 ἃ
1360 2480 1583 2521 ἀντίκειται
1609 2495 1681 2534 pro

251 2550 297 2591 αἱ
322 2549 612 2601 ἀντικείμεναι.
674 2548 878 2587 Sententia
904 2549 1003 2587 haec
1031 2553 1106 2586 est.
1161 2547 1204 2586 Si
1231 2547 1316 2596 quis
1343 2546 1405 2583 vel
1431 2546 1593 2584 verbum
1621 2546 1682 2584 vel

251 2627 393 2654 nomen
420 2615 565 2653 nudum
594 2612 816 2664 pronuntiat
843 2625 931 2650 cum
958 2612 1178 2663 negatione,
1204 2621 1332 2659 neque
1357 2621 1492 2647 verum
1522 2615 1584 2647 est
1610 2621 1681 2647 ne-

251 2690 327 2728 que
349 2678 491 2716 falsum
509 2676 612 2727 quod
634 2676 730 2714 dicit
750 2679 804 2722 (v.
831 2677 974 2713 16a12
993 2679 1121 2726 sqq.);
1150 2672 1451 2712 enuntiationem
1468 2671 1570 2710 enim
1598 2683 1676 2709 non

249 2740 427 2791 protulit,
453 2741 532 2780 imo
559 2739 665 2791 quod
691 2739 788 2778 dicit
813 2738 886 2778 vel'
901 2739 1030 2778 minus
1056 2736 1203 2789 poterit
1227 2747 1364 2775 verum
1384 2734 1582 2786 appellari
1609 2737 1678 2774 aut
