1780 3100
180 180 259 220 888
365 186 375 194 ‘
696 183 942 228 Analytica
976 183 1142 227 priora.
1192 186 1196 188 ’

235 277 284 319 τὸ
312 277 364 318 Ν
384 280 442 332 τῷ
471 278 518 325 Ξ.
587 278 771 318 Nostram
800 279 1008 318 lectionem
1037 285 1077 319 et
1105 283 1268 332 propter
1294 279 1573 320 emendationis
1598 281 1664 321 sa-

215 342 421 382 'cilitatem
451 347 490 380 et
517 344 680 392 propter
705 342 883 380 codicum
905 344 1082 393 vestigia,
1111 356 1209 394 quae
1227 344 1354 382 secuti
1375 355 1523 392 sumus,
1551 355 1664 394 prae-

237 405 423 443 tulimus:
480 404 679 442 Bekkerus
708 405 748 442 in
776 405 840 445 ed.
877 406 1029 444 minore
1057 407 1184 444 Berol.
1217 408 1316 444 1843
1345 406 1664 445 Trendeleubur-

236 468 290 517 gii
319 468 628 506 emendationem
657 467 822 518 recepit.

185 531 330 568 2¹1a14
359 530 470 568 Haec
492 529 609 573 (dicit
628 529 660 566 11
682 524 719 568 α’
738 536 777 568 et
795 530 830 568 II
852 525 908 582 β’)
939 531 1058 569 etiam
1087 531 1406 570 demonstrantur
1431 530 1667 569 deductione

237 592 343 630 facta
370 592 419 629 ad
448 591 674 639 absurdum,
703 605 777 642 qua
806 595 910 644 quod
938 594 1178 632 conclusioni
1206 598 1406 645 repugnat
1420 593 1667 644 coniungitur

239 667 326 692 cum
354 655 622 704 propositione
651 656 812 704 maiore,
851 661 896 695 ut
932 657 1186 695 concludatur
1223 657 1326 707 quod
1355 660 1546 706 repugnet
1574 668 1666 705 pro-

237 717 437 767 positioni
452 717 615 755 minori.
655 717 701 755 fit
736 723 867 756 autem
896 718 1082 757 deductio
1110 720 1325 771 syllogismi
1351 719 1383 756 ll
1411 712 1448 757 α’
1475 730 1547 769 per
1573 718 1589 756 1
1616 711 1665 767 δ’,

238 779 422 819 deductio
451 780 668 830 syllogismi
698 780 729 817 ΙΙ
759 775 797 831 β’
826 795 896 832 per
924 782 939 819 1
965 775 1014 831 γ’.

185 842 310 881 2⁸1b2
351 841 408 879 De
435 843 572 879 eadem
602 841 780 901 συζυγίᾳ
819 843 988 893 loquitur
1015 844 1065 882 de
1092 855 1168 893 qua
1196 855 1217 881 a
1234 845 1297 892 3⁷,
1334 820 1429 881 licet
1455 842 1569 881 aliter
1595 855 1666 881 ex-

238 917 377 956 pressa
405 906 677 954 propositione
703 906 868 945 minore.

185 968 334 1006 27b17
370 967 473 1014 Quid
504 968 554 1004 sit
582 968 688 1016 quod
728 968 859 1005 vitiosi
897 971 963 1005 aut
1000 972 1109 1007 certe
1147 967 1371 1019 imperfecti
1397 967 1541 1005 habeat
1568 967 1667 1006 haec

242 1028 535 1067 demonstrandi
574 1030 687 1078 ratio,
726 1042 801 1079 qua
837 1031 1026 1080 exemplis
1056 1032 1244 1081 expositis
1272 1043 1346 1069 non
1383 1031 1470 1069 fieri
1508 1030 1668 1080 syllogi-

241 1104 370 1130 smum
396 1092 599 1140 probatur,
626 1092 702 1130 hoc
729 1092 815 1129 loco
842 1098 1018 1142 apparet.
1064 1094 1163 1132 Nam
1185 1098 1229 1132 ut
1257 1094 1414 1143 colligat
1441 1093 1544 1142 quod
1573 1093 1669 1142 vult,

239 1153 474 1193 Aristoteles
502 1158 662 1192 coactus
691 1159 755 1193 est
781 1154 828 1192 ad
858 1156 971 1194 aliam
991 1156 1180 1194 rationem
1203 1156 1429 1207 confugere,
1457 1169 1533 1206 qua
1549 1155 1669 1193 fidem

240 1216 360 1255 faciat
389 1216 426 1254 ei
453 1217 556 1266 quod
585 1218 784 1256 contendit
812 1221 889 1265 (vs.
906 1220 990 1262 ⁶20).
1045 1219 1159 1266 Quod
1189 1219 1345 1269 quidem
1373 1223 1578 1268 antequam
1602 1231 1669 1269 ag-

241 1280 432 1330 greditur,
472 1278 712 1318 deductione
739 1280 846 1318 facta
881 1281 928 1318 ad
956 1281 1166 1319 absurdum
1197 1285 1271 1327 (vs.
1295 1283 1363 1327 18)
1393 1281 1564 1319 ostendit
1591 1284 1670 1318 ter-

241 1342 369 1380 minos
395 1343 475 1380 τοΰ
503 1340 630 1381 παντὶ
655 1341 858 1393 ὑπάρχειν
885 1343 1047 1382 inveniri
1074 1356 1150 1381 non
1179 1356 1309 1394 posse.

188 1405 339 1444 2⁸1b20
365 1401 412 1444 ἐκ
439 1403 485 1444 δὲ
512 1408 590 1444 τοῦ
617 1404 862 1457 ἄδιορίστου
890 1403 1086 1445 δεικτέον.
1141 1406 1246 1444 Male
1274 1406 1359 1444 Zell
1388 1406 1470 1452 „Es
1498 1406 1549 1444 ist
1579 1404 1669 1443 das-

243 1468 353 1506 selbe
380 1481 458 1507 nun
495 1469 598 1506 noch
637 1482 711 1507 von
749 1470 1001 1508 nnbestimmt
1037 1469 1350 1518 ausgedriickten
1378 1469 1671 1508 Vordersiitzen

241 1531 591 1579 nachzuweisen”,
630 1545 865 1581 quamquam
903 1537 1015 1570 recte
1050 1533 1195 1569 29a26
1260 1531 1390 1579 „Man
1428 1531 1531 1570 muss
1568 1529 1671 1568 diel's

241 1605 312 1631 aus
341 1592 412 1630 der
439 1594 564 1632 Natur
601 1595 672 1632 des
699 1594 1015 1632 Unbestimmten
1054 1593 1231 1644 zeigen''.
1297 1594 1474 1644 Namque
1512 1590 1558 1632 ἐκ
1593 1593 1671 1631 τοῦ

244 1654 490 1704 ἄδιορίστου
509 1661 578 1697 ,est
605 1654 650 1695 ἐκ
676 1658 754 1695 τοῦ
781 1655 1023 1705 ἄδιόριστον
1049 1651 1157 1694 εἶναι
1182 1653 1260 1707 τὴν
1284 1654 1390 1694 κατὰ
1416 1653 1541 1706 μέρος
1566 1653 1669 1705 πρά·

240 1726 374 1757 τοισιν.
439 1719 568 1767 Quum
597 1720 772 1756 terminis
800 1719 988 1769 expositis
1016 1719 1175 1769 probari
1203 1731 1280 1756 non
1315 1707 1550 1768 possitfnon
1587 1718 1673 1756 fieri

243 1781 528 1832 syllogismum,
558 1781 632 1819 alia
660 1782 995 1819 demonstratione
1022 1792 1122 1831 opus
1150 1784 1226 1820 est.
1292 1781 1468 1820 Eandem
1496 1782 1573 1820 iam
1600 1781 1672 1819 ha-

243 1845 398 1883 buimus
425 1845 573 1882 26b14
601 1856 687 1894 sqq.

191 1908 343 1946 2⁷b27
370 1909 462 1946 τοῦ.
481 1904 531 1946 δὲ
558 1904 684 1945 παντὶ
711 1905 791 1946 οὐκ
817 1902 932 1946 ἔσται
958 1906 1113 1956 λαβεῖν.
1169 1907 1422 1958 Explicemus
1450 1905 1554 1956 quod
1583 1905 1672 1945 Ari-

244 1969 409 2008 stoteles
446 1970 584 2016 innuit,
623 1974 666 2008 ut
702 1969 892 2020 patefiant
929 1971 1048 2007 etiam
1076 1982 1122 2007 ea
1157 1982 1256 2019 quae
1284 1972 1597 2019 praecesserunt,
1639 1969 1674 2006 si

245 2032 308 2071 cui
336 2033 462 2070 minus
492 2033 598 2070 clare
618 2034 666 2071 ab
685 2032 902 2070 Aristotele
928 2020 1221 2083 exposita-esse
1241 2032 1458 2074 videantur,
1497 2030 1674 2080 Namque

245 2095 279 2133 si
317 2095 498 2146 ponimus
527 2095 562 2133 N
602 2096 819 2145 praedicari
857 2095 907 2132 de
943 2095 1046 2132 omni
1075 2094 1123 2142 X,
1161 2093 1207 2131 M
1246 2099 1375 2132 autem
1412 2093 1462 2131 de
1497 2094 1601 2131 omni
1638 2092 1672 2132 N

244 2158 465 2208 praedicari
491 2170 721 2195 concessum
751 2161 860 2205 erat,
888 2158 1069 2206 sequitur
1096 2156 1138 2194 M
1167 2156 1382 2207 praedicari
1411 2157 1461 2194 de
1488 2157 1594 2209 omni
1622 2155 1673 2200 X,

246 2220 351 2270 quod
377 2221 592 2271 hypothesi
619 2225 824 2272 repugnat,
853 2232 929 2269 qua
957 2219 1000 2257 M
1029 2233 1103 2257 non
1131 2219 1207 2257 nisi
1236 2220 1291 2257 de‘
1314 2223 1425 2269 parte
1455 2219 1611 2256 termini
1637 2218 1673 2256 X

245 2282 467 2334 praedicari
495 2283 677 2323 diximus.
696 2304 744 2311 -
790 2283 966 2333 Apparet
993 2282 1085 2320 inde
1113 2282 1360 2333 ambiguitas,
1389 2282 1425 2318 in
1449 2294 1564 2331 qnam
1585 2282 1673 2319 Ari-

247 2346 411 2384 stoteles
449 2345 598 2391 incidit,
636 2357 755 2395 quum
790 2345 1094 2395 propositionem
1131 2345 1404 2395 particularem
1433 2342 1674 2381 indefinitam

247 2408 477 2459 appellaret.
542 2409 698 2447 Etenim
736 2409 769 2446 si
807 2412 847 2445 et
873 2407 912 2445 in
940 2408 988 2445 iis
1016 2421 1116 2458 quae
1144 2406 1423 2445 demonstravit
1451 2418 1506 2444 vs.
1537 2407 1593 2443 18*
1614 2418 1673 2455 sq.

250 2474 290 2509 et
316 2471 355 2509 in
382 2472 429 2509 iis
457 2483 557 2521 quae
583 2483 654 2509 nos
681 2470 797 2509 modo
832 2460 1001 2509 diximus
1040 2470 1284 2521 particularis
1321 2481 1395 2507 non
1431 2469 1675 2518 acciperetur

249 2546 367 2573 sensu
395 2534 568 2585 proprio,
597 2537 643 2572 ut
670 2537 777 2571 esset
803 2546 850 2571 ea
868 2545 967 2582 quae
988 2534 1039 2571 de
1060 2533 1179 2572 altera
1202 2535 1314 2582 parte
1332 2531 1549 2569 affirmaret
1569 2530 1675 2580 quod

250 2597 301 2634 de
329 2597 451 2635 altera
479 2597 698 2647 negandum
734 2598 854 2642 esset,
891 2597 962 2634 sed
1000 2597 1105 2634 idem
1142 2595 1290 2633 valeret
1327 2594 1429 2643 quod
1458 2593 1673 2640 indefinita,

249 2662 295 2696 ut
321 2658 371 2697 de
398 2659 520 2697 altera
548 2659 705 2710 quidem
733 2663 843 2709 parte
870 2658 1089 2696 affirmaret
1115 2657 1218 2708 quod
1248 2656 1426 2712 ⁶fortasse
1453 2668 1528 2694 non
1556 2668 1675 2705 nega-

250 2725 314 2759 ret
347 2721 397 2760 de
431 2722 567 2772 altera,
604 2722 730 2762 omnis
765 2721 865 2761 haec
903 2719 1193 2760 demonstrandi
1230 2719 1331 2758 ratio
1367 2732 1465 2759 vana
1502 2723 1608 2758 esset
1634 2721 1674 2756 et
