1826 3112
276 181 356 220 282
877 185 1171 231 categoriae.
1221 166 1225 171 ⁴

328 279 529 319 10171123
567 279 790 331 συμβαίνει
827 278 879 332 δὴ
906 280 1011 322 κατὰ
1047 281 1127 322 δύο
1154 281 1339 332 τρόπους
1361 282 1441 336 τὴν
1468 282 1618 324 οὐσίαν
1642 285 1757 338 λέγε-

326 343 443 389 σθαι,
469 342 517 382 τό
544 342 587 383 θ’
614 342 892 395 ὑποκείμενον
918 343 1117 396 ἔσχατον,
1147 341 1170 385 ὃ
1198 343 1342 397 μηκέτι
1367 346 1459 388 κατ’
1486 349 1618 387 ἄλλου
1646 346 1754 400 λέγε-

325 418 407 456 ται,
433 405 504 446 καὶ
531 403 554 446 ὃ
583 405 636 446 ἂν
662 406 758 446 τόδε
783 421 823 447 τι
851 402 902 447 ὂν
925 407 997 448 καὶ
1022 408 1226 460 χωριστὸν
1264 404 1315 460 ἦ·
1350 413 1551 451 τοιοῦτον
1587 410 1632 451 δὲ
1665 408 1755 452 ἑκά-

329 477 434 509 στου
454 468 483 522 η’
502 467 647 521 μορφὴ
668 469 741 510 καὶ
759 468 807 511 τὸ
828 466 961 517 eidos:
989 485 1111 522 quare
1138 473 1262 525 iungit
1288 475 1476 522 379δ26,
1507 477 1674 513 105085
1703 470 1755 515 εἶ-

327 531 402 579 δος
428 531 498 572 καὶ
526 532 688 573 οὐσίαν.
746 536 941 573 1028829
977 533 1109 586 δῆλον
1137 530 1216 575 οὖν
1244 533 1308 575 ὅτι
1335 535 1405 576 διὰ
1431 537 1590 589 ταύτην
1617 536 1754 578 κάκεί-

324 609 415 635 νων
426 596 536 642 (τῶν
555 597 694 636 ἄλλων
707 598 990 649 κατηγοριῶν)
1002 594 1180 638 ἕκαστόν
1200 596 1325 645 ἐστιν,
1356 601 1405 638 cf.
1429 603 1607 649 185831,
1637 614 1753 650 quem

322 659 450 697 locum
465 660 743 710 adscripsimus
765 661 813 698 ad
834 662 963 699 1825.
991 663 1183 700 1042826
1210 658 1294 701 ἔστι
1321 661 1361 701 δ’
1388 661 1416 715 ἦ
1434 662 1556 703 οὐσία
1578 662 1625 704 τὸ
1644 662 1749 703 ὑπο-

323 720 538 773 κείμενον,
577 723 713 769 ἄλλως
740 720 819 773 μὲν
843 721 872 775 ἦ
897 721 975 774 ῧλη
1015 729 1155 773 (quare
1184 726 1279 763 dicit
1311 728 1503 765 1044815
1530 725 1652 778 ὑλικὴ
1680 726 1752 766 ού-

325 783 409 833 σία,
441 787 635 824 1049836
662 784 742 836 ὕλη
770 784 842 825 καὶ
869 785 992 825 οὐσία
1018 784 1159 837 ὑλική)
1177 814 1211 825 ..
1227 817 1235 826 .
1263 787 1399 834 ἄλλως
1427 788 1462 827 δ’
1490 788 1514 829 ὁ
1538 789 1665 841 λόγος
1682 789 1754 830 καὶ

323 846 353 900 ἦ
369 847 530 900 μορφή,
578 844 602 887 ὃ
639 848 735 888 τόδε
761 861 801 888 τι
834 847 885 888 ὂν
911 853 968 900 τῷ
995 848 1106 900 λόγῳ
1133 849 1338 899 χωριστόν
1366 849 1476 890 ἐστιν
1515 856 1654 902 (quare
1679 866 1751 904 op-

322 918 519 962 ponuntur
546 910 671 951 οὐσία
698 918 739 950 et
753 910 832 963 ὕλη
847 914 1010 949 390863
1037 910 1066 963 ἦ
1093 911 1131 951 δ’
1159 911 1282 952 οὐσία
1309 912 1441 952 οὐθὲν
1466 915 1567 954 α”λλο
1591 913 1618 966 ἢ
1638 914 1661 954 ὁ
1680 915 1753 955 λό-

322 986 411 1025 γος,
441 974 493 1012 of.
514 975 564 1012 ib.
589 975 612 1011 b
629 977 676 1012 17
686 996 738 1001 -
751 977 812 1011 19.
843 975 992 1012 Eodem
1012 987 1130 1013 sensu
1151 974 1276 1015 οὐσία
1293 977 1482 1027 capienda
1500 984 1560 1016 est
1581 979 1690 1016 6931)
1703 980 1752 1017 13

322 1036 382 1091 τῷ
410 1035 446 1076 δ’
474 1037 617 1086 ὄρνιθι
645 1033 691 1076 έν
720 1039 772 1088 τῇ
802 1035 926 1089 οὐσίᾳ
964 1035 1012 1076 τὸ
1038 1038 1238 1089 πτητικόν
1265 1035 1408 1087 ἐστιν).
1463 1039 1604 1089 τρίτον
1632 1039 1677 1080 δὲ
1703 1040 1751 1081 τὸ

323 1096 371 1140 ἐκ
396 1099 584 1147 τούτων,
613 1100 665 1138 cf.
692 1101 872 1139 414815.
927 1100 1133 1149 Quomodo
1159 1102 1297 1153 triplex
1325 1116 1463 1141 sensus
1489 1105 1563 1156 τῆς
1590 1103 1749 1152 οὐσίας,

322 1176 438 1215 quem
467 1164 584 1202 modo
612 1163 805 1214 exposuit,
834 1164 1041 1202 conveniat
1062 1177 1148 1202 cum
1171 1165 1294 1202 altero
1316 1165 1401 1204 loco
1422 1169 1475 1211 (v.
1499 1172 1651 1218 supra),
1674 1181 1750 1218 quo

321 1240 398 1267 non
426 1227 501 1265 nisi
531 1226 727 1277 duplicem
757 1226 926 1276 agnovit,
953 1226 1071 1264 facile
1099 1231 1162 1265 est
1189 1227 1237 1264 ad
1267 1228 1572 1278 intelligendum.
1614 1231 1751 1269 Adda-

322 1302 412 1329 mus
441 1291 609 1328 101089
636 1287 776 1329 οὐσίαι
803 1287 848 1328 δὲ
876 1291 998 1338 τρεῖς,
1024 1287 1053 1341 ἦ
1079 1287 1157 1340 μὲν
1183 1288 1262 1341 ὕλη
1282 1289 1376 1329 τόδε
1394 1304 1434 1330 τι
1449 1286 1558 1331 οὖσα
1576 1297 1633 1344 τῷ
1653 1292 1749 1343 φαί-

319 1354 473 1394 νεσθαι
510 1351 611 1398 (ὅσα
636 1352 718 1404 γάρ
745 1350 857 1392 ἐστιν
883 1350 974 1403 ἁφῇ
1001 1350 1072 1392 καὶ
1098 1351 1156 1405 μὴ
1184 1353 1415 1404 συμφύσει,
1441 1352 1521 1406 ὕλη
1549 1353 1620 1395 καὶ
1645 1355 1749 1396 ὑπο-

318 1415 548 1467 κείμενον),
575 1414 603 1467 ἦ
631 1414 676 1456 δὲ
704 1415 830 1466 φύσις
857 1415 953 1455 τόδε
979 1429 1031 1465 τι,
1068 1415 1125 1463 εἰς
1150 1416 1205 1468 ἣν
1231 1415 1302 1457 καὶ
1328 1414 1408 1466 ἕξις
1433 1428 1519 1465 τις·
1548 1417 1607 1459 ἔτι
1633 1419 1749 1472 τρίτη

321 1478 350 1533 ἦ
388 1476 434 1520 ἐκ
469 1478 634 1519 τούτων
669 1478 698 1532 ἦ
734 1480 832 1519 καθ’
867 1478 1044 1525 ἕκαστα,
1092 1474 1186 1519 οἷον
1222 1480 1452 1532 Σωκράτης
1488 1480 1514 1533 ἢ
1553 1482 1749 1530 Καλλίας.

322 1544 519 1582 10391)21
558 1539 665 1593 λέγω
704 1541 742 1582 δ’
782 1540 847 1582 ὅτι
872 1541 901 1595 ἦ
927 1541 1003 1593 μὲν
1033 1540 1167 1590 οὕτως
1195 1539 1306 1582 ἐστὶν
1332 1543 1456 1588 οὐσία
1484 1539 1565 1584 σὺν
1590 1549 1642 1597 τῇ
1669 1544 1749 1598 ὕλῃ

320 1604 650 1658 συνειλημμένος
677 1605 701 1646 ὁ
727 1605 853 1658 λόγος
882 1607 1005 1657 (quod
1028 1619 1168 1644 vocare
1186 1607 1285 1645 solet
1306 1606 1354 1646 τὸ
1376 1607 1573 1656 σύνολον,
1600 1622 1633 1647 v.
1649 1623 1749 1659 quae

322 1670 498 1708 dicemus
526 1670 575 1707 nd
605 1672 785 1716 17839),
813 1669 842 1722 ή
869 1668 906 1709 δ’
935 1668 959 1708 ὁ
986 1668 1112 1720 λόγος
1139 1667 1256 1716 ὅλως.
1288 1672 1455 1709 10321)2
1483 1667 1594 1718 εἶδος
1622 1671 1667 1711 δὲ
1685 1671 1747 1712 λέ-

317 1745 381 1785 γω
408 1731 456 1772 τὸ
482 1730 523 1771 τί
547 1725 602 1783 ἦν
630 1727 739 1773 εἶναι
766 1729 946 1772 ἑκάστου
973 1730 1045 1772 καὶ
1070 1730 1148 1784 τὴν
1166 1731 1338 1783 πρώτην
1356 1732 1516 1774 οὐσίαν.
1554 1737 1748 1775 1037829

316 1794 345 1848 ἦ
372 1794 497 1836 οὐσία
522 1794 602 1846 γάρ
631 1793 717 1835 ἐστι
743 1795 791 1836 τὸ
819 1792 930 1844 εἶδος
955 1794 1003 1836 τὸ
1031 1792 1142 1843 ἐνόν,
1170 1793 1210 1844 ἐξ
1228 1788 1280 1835 οὗ
1301 1794 1370 1835 καὶ
1391 1798 1464 1848 τῆς
1483 1795 1584 1849 ὕλης
1603 1797 1631 1851 ἦ
1650 1798 1747 1839 σύν-

317 1859 418 1907 οδος
453 1857 614 1910 λέγεται
651 1858 797 1898 οὐσίας
835 1873 956 1911 quare
992 1860 1206 1910 iunguntur
1232 1861 1354 1898 91b8
1389 1858 1437 1899 τὸ
1472 1859 1512 1900 τί
1548 1856 1602 1913 ἦν
1640 1857 1749 1903 εἶναι

315 1920 388 1963 καὶ
414 1921 442 1974 ἦ
469 1921 605 1961 οὐσία.
644 1924 821 1962 10501)2
850 1919 952 1961 ὥστε
973 1919 1163 1971 φανερὸν
1189 1920 1254 1960 ὅτι
1279 1921 1308 1973 η’
1335 1921 1459 1962 οὐσία
1485 1921 1556 1963 καὶ
1569 1924 1615 1964 τὸ
1635 1921 1748 1974 εἶδος

316 1982 503 2036 ἐνέργειά
529 1981 651 2024 ἐστιν.
710 1986 768 2023 De
796 1985 1068 2023 coniunctione
1106 1985 1179 2035 τῆς
1206 1983 1353 2030 οὐσίας
1389 1993 1427 2024 et
1461 1989 1540 2026 τοῦ
1567 1986 1607 2026 τί
1633 1985 1746 2028 ἐστιν

314 2062 348 2089 v.
375 2047 537 2097 Trdlbg.
568 2047 617 2085 de
642 2060 702 2084 an.
723 2061 760 2098 p.
787 2049 873 2085 192.
915 2046 992 2084 lam
1023 2046 1168 2084 clarum
1198 2048 1284 2092 erit,
1311 2050 1508 2097 quomodo
1535 2050 1622 2088 fieri
1650 2065 1747 2102 pos-

319 2112 384 2158 sit,
413 2115 455 2149 ut
485 2108 609 2149 οὐσία
636 2110 737 2148 idem
768 2110 973 2162 sffgnificess
1003 2109 1106 2159 quod
1137 2110 1335 2153 definitio:
1362 2112 1511 2149 96b‘10
1537 2111 1572 2151 εἰ
1596 2114 1747 2155 τοίνυν

316 2171 466 2226 μηδενὶ
491 2171 668 2224 ὑπάρχει
694 2172 805 2224 ἄλλῳ
832 2170 858 2224 ἢ
885 2174 976 2218 ταῖς
1003 2170 1184 2220 άτόμοις
1200 2171 1358 2221 τριάσι,
1385 2175 1500 2213 τοῦτ’
1529 2173 1582 2214 ἂν
1608 2176 1670 2228 εἴη
1698 2178 1745 2219 τὸ

315 2236 455 2288 τριάδι
483 2231 602 2276 εἶναι.
645 2233 887 2275 ὑποκείσθω
917 2234 996 2286 γὰρ
1025 2233 1096 2275 καὶ
1122 2237 1271 2283 τοῦτο,
1307 2235 1336 2288 ἦ
1362 2236 1485 2277 οὐσία
1511 2237 1540 2291 ἦ
1566 2236 1744 2281 ἑκάστου

317 2296 427 2341 εἶναι
450 2299 479 2353 ἦ
506 2297 574 2340 ἐπὶ
598 2301 689 2346 ταῖς
716 2298 886 2348 α’τόμοις
914 2297 1083 2350 ἔσχατος
1109 2297 1282 2351 τοιαύτη
1309 2301 1550 2351 κατηγορία.
1589 2304 1643 2342 lb.
1659 2308 1743 2343 833

315 2363 367 2405 τὰ
395 2362 447 2416 δὴ
475 2365 652 2404 τοιαῦτα
682 2360 751 2408 (τὰ
776 2359 842 2402 ἐπὶ
863 2361 990 2402 πλέον
1010 2362 1272 2415 ὑπάρχοντα)
1302 2362 1480 2413 ληπτέον
1505 2363 1624 2416 μέχρι
1649 2366 1743 2406 τού-

317 2441 411 2476 του,
441 2426 519 2474 ἕως
544 2429 732 2466 τοσαῦτα
758 2427 907 2478 ληφθῇ
929 2427 1112 2476 πρῶτον,
1141 2417 1203 2466 ὧν
1218 2423 1394 2466 ἕκαστον
1413 2423 1491 2477 μὲν
1515 2425 1580 2467 ἐπὶ
1600 2431 1744 2470 πλεῖον

315 2490 500 2542 ὑπάρξει,
528 2489 696 2530 ἅπαντα
725 2488 769 2530 δὲ
796 2488 852 2541 μὴ
879 2487 945 2529 ἐπὶ
962 2487 1101 2529 πλέον.
1137 2489 1296 2540 ταύτην
1314 2488 1393 2540 γὰρ
1413 2489 1574 2543 α’νάγκη
1593 2492 1743 2533 οὐσίαν

318 2550 427 2594 εἶναι
453 2557 531 2594 τοῦ
557 2553 814 2605 πράγματος.
847 2555 899 2591 92
912 2554 934 2590 1)
949 2556 997 2591 12
1017 2552 1070 2592 δι’
1087 2551 1334 2601 άποδείξεώς
1355 2566 1493 2604 φαμεν
1510 2554 1743 2605 άυαγκαῖον

318 2613 428 2657 εἶναι
455 2617 705 2658 δείκνυσθαι
732 2615 847 2657 ἅπαν
873 2614 938 2655 ὅτι
964 2614 1094 2665 ἔστιν,
1123 2616 1158 2656 εἰ
1183 2614 1240 2667 μὴ
1269 2615 1391 2655 οὐσία
1419 2616 1495 2669 εἴη.
1544 2618 1591 2658 τὸ
1620 2619 1657 2658 δ’
1686 2615 1740 2660 εἶ-

316 2693 389 2720 ναι
415 2680 494 2721 οὐκ
522 2680 646 2721 οὐσία
674 2679 834 2721 οὐδενί·
865 2678 917 2719 οὐ
943 2677 1024 2731 γὰρ
1050 2677 1173 2731 γένος
1198 2678 1245 2719 τὸ
1272 2679 1335 2719 ὄν.
1375 2681 1431 2719 De
1451 2682 1550 2721 coel.
1570 2685 1742 2721 298829

316 2744 368 2784 de
394 2744 442 2784 iis
469 2757 570 2795 quae
597 2746 649 2785 ib.
680 2745 740 2784 b3
775 2748 961 2784 vocantur
995 2740 1172 2794 φυσικαὶ
1208 2741 1347 2782 οὐσίαι
1381 2744 1480 2784 haec
1525 2745 1739 2785 habemus:
