1780 3100
210 206 289 246 876
739 209 991 254 Analytica
1023 208 1186 254 priora.

265 307 371 345 sunt.
407 305 466 344 Ac
494 304 545 345 de
567 305 809 356 simplicibus
833 305 991 355 quidem
1008 306 1092 351 (die
1114 306 1445 354 assertorischen)
1461 307 1542 357 egit
1557 319 1638 358 cap.
1652 309 1692 353 2,

266 366 318 406 de
346 367 392 405 iis
421 368 459 406 in
488 369 628 418 quibus
654 368 820 406 alterum
849 368 900 406 de
927 369 1052 407 altero
1080 370 1303 407 necessario
1331 370 1582 420 praedicatur
1611 369 1695 414 (die

264 430 583 481 apodiktischen)
612 431 723 468 initio
752 443 834 481 cap.
855 433 879 468 3
908 433 1110 482 exposuit,
1138 437 1262 471 restat
1289 432 1427 482 igitur,
1455 437 1497 470 ut
1523 432 1695 483 explicet

267 493 543 530 conversiones
568 506 727 538 earum,
756 493 795 530 in
822 493 963 543 quibus
991 507 1083 532 num
1113 494 1278 533 alterum
1308 496 1358 533 de
1385 496 1508 533 altero
1536 493 1694 545 praedi-

267 555 435 592 candum
475 555 525 592 sit
551 555 743 593 incertum
773 559 835 594 est
863 556 947 599 (die
975 557 1374 607 problematischen):
1416 570 1510 607 quas
1539 557 1695 606 quidem

266 617 556 667 propositiones
585 618 618 655 si
645 617 733 667 quis
761 618 960 669 appellare
986 620 1082 658 velit
1109 620 1391 669 contingentes,
1419 620 1598 669 equidem
1621 631 1696 657 non

267 679 517 727 contradico,
555 680 734 730 quoniam
771 693 870 719 nova
905 693 980 720 non
1009 682 1086 719 dici
1115 688 1281 733 possunt
1307 683 1382 720 nisi
1409 682 1607 719 vocabulis
1637 681 1695 718 in-

267 741 442 778 usitatis:
470 741 531 781 sin
550 748 682 781 autem
707 755 886 782 sermone
905 744 1030 794 patrio
1054 749 1167 782 vocet
1189 743 1444 793 ‚,zuf‘allige'',
1476 744 1513 781 id
1535 756 1694 794 prorsus

265 802 565 852 improbandum
595 804 683 843 erit.
737 804 835 852 Quis
863 810 924 843 est
952 807 1052 843 enim
1082 807 1147 855 qui
1172 807 1325 855 ignoret
1356 807 1457 854 quod
1488 818 1556 843 nos
1584 818 1696 842 voca-

267 877 355 902 mus
384 865 599 916 „znfiillig”
627 866 667 904 id
695 879 838 916 graece
864 867 943 904 dici
969 866 1099 918 τυχόν
1125 868 1184 905 vel
1214 866 1485 918 αὐτόματονῖ
1510 866 1557 906 τὸ
1586 864 1696 914 ἑνδε-

267 925 449 978 χόμενον
483 934 615 966 autem
654 927 712 978 τῷ
749 927 922 983 δυνατῷ
959 930 1121 981 propius
1158 935 1220 968 est
1257 943 1371 980 quam
1418 931 1478 985 τῷ
1512 929 1696 981 τυχόντι,

267 989 370 1039 quod
409 984 453 1026 ‘ut
488 990 651 1040 probem
690 992 879 1041 exemplis
915 991 979 1029 vix
1018 1004 1118 1043 opus
1148 998 1233 1042 est,
1274 993 1325 1030 cf.
1366 996 1496 1032 tamen
1524 994 1696 1033 658b31

264 1049 371 1091 κατὰ
397 1049 776 1104 τὸυένδεχόμενον
813 1052 985 1104 τρόπον.
1041 1055 1189 1093 25b10
1225 1051 1400 1106 ἐγχωρεῖ
1431 1051 1589 1106 scripsit
1624 1068 1696 1106 pro

267 1110 476 1166 ἐνδέχεται
487 1117 716 1164 quibuscum
732 1117 781 1155 cf.
800 1130 901 1167 quae
910 1118 1006 1156 dixit
1026 1120 1077 1155 29
1090 1117 1308 1158 b30—32.
1340 1119 1546 1167 Quomodo
1565 1123 1697 1156 autem

266 1178 453 1217 differant
479 1176 527 1217 τὸ
555 1177 768 1218 δύνασθαι
796 1186 836 1219 et
862 1173 910 1219 τὸ
937 1177 1189 1231 ἐνδέχεσθαι,
1218 1180 1334 1219 facile
1362 1184 1525 1232 apparet
1551 1193 1598 1218 ex
1621 1192 1697 1231 op-

264 1242 419 1292 positis,
473 1241 534 1280 llli
573 1242 675 1280 enim
713 1244 925 1293 opponitur
957 1241 1006 1282 τὸ
1035 1239 1231 1294 ἐνεργεῖν,
1269 1243 1359 1281 huic
1398 1241 1445 1282 τὸ
1473 1241 1695 1293 ὑπάρχειυε

266 1316 388 1353 quare
417 1305 522 1355 quod
552 1303 740 1343 δυνατὸν
768 1305 910 1343 dicitur
938 1307 991 1343 ita
1020 1310 1288 1356 comparatum
1317 1319 1406 1344 esse
1435 1306 1565 1354 debet,
1596 1306 1697 1343 utin

265 1364 397 1406 terum
425 1372 561 1406 natura
589 1368 685 1406 nihil
714 1369 844 1406 obstet
872 1370 964 1418 quin
992 1369 1057 1415 sit,
1085 1369 1154 1406 sed
1177 1368 1430 1419 suppeditent
1449 1369 1578 1406 omnia
1597 1380 1697 1418 quae

267 1428 363 1466 illud
393 1422 561 1468 evenire'
579 1431 789 1481 patiantur,
819 1427 866 1470 τὸ
895 1427 1168 1482 ἐνδεχόμενον
1184 1443 1277 1469 vero
1297 1435 1358 1469 est
1376 1431 1430 1479 id,
1453 1431 1557 1481 quod
1578 1431 1611 1469 si
1634 1443 1696 1468 as-

268 1492 450 1540 serimus,
478 1493 676 1531 nobismet
713 1493 788 1543 ipsi
823 1506 900 1532 non
931 1495 1254 1540 contradicimus,
1294 1494 1397 1543 quod
1426 1507 1513 1531 cum
1542 1506 1585 1531 se
1611 1494 1696 1544 ipso

266 1554 319 1591 ita
347 1554 545 1604 conspirat
573 1560 612 1592 et
641 1557 704 1601 (ut
731 1556 783 1593 ita
811 1556 957 1605 dicam)
988 1556 1212 1602 concordat,
1239 1558 1285 1593 'ut
1308 1568 1394 1592 cum
1425 1556 1508 1592 eius
1538 1556 1698 1594 notione

266 1616 364 1654 nihil
403 1617 650 1655 coniunctum
689 1618 740 1655 sit
774 1619 878 1668 quod
914 1619 1209 1670 repugnantiam
1248 1617 1416 1667 aliquam
1445 1618 1610 1657 habeat:
1649 1616 1697 1656 τὸ

267 1676 455 1718 δυνατὸν
482 1680 630 1730 pendet
657 1692 706 1717 ex
735 1681 862 1718 causis
891 1680 1087 1726 externis,
1115 1678 1163 1719 τὸ
1192 1677 1464 1730 ἐνδεχόμενον
1491 1693 1540 1718 ex
1568 1681 1696 1718 causis

266 1742 453 1780 internis:
497 1742 667 1795 alterum
704 1747 764 1780 est
801 1745 904 1793 quod
944 1757 1014 1782 nos
1043 1744 1208 1782 dicimus
1237 1743 1305 1780 das
1334 1742 1520 1793 physisch
1548 1742 1698 1792 Mbgli-

266 1804 357 1849 che,
384 1805 551 1843 alterum
580 1805 650 1843 das
679 1805 828 1855 logisch
857 1805 1071 1856 Mogliehe‚
1101 1806 1452 1845 Problematische.
1507 1805 1593 1844 Non
1622 1805 1698 1843 mi-

265 1880 354 1906 rum
383 1871 456 1916 est,
485 1867 587 1917 quod
613 1868 851 1906 Aristoteles
881 1870 1039 1920 saepius
1068 1869 1231 1906 alterum
1267 1881 1353 1907 cum
1382 1869 1505 1906 altero
1535 1867 1698 1906 consun-

265 1930 344 1976 dit,
383 1943 501 1979 quum
528 1942 577 1967 ne
605 1942 627 1966 a
654 1931 797 1967 nostris
826 1932 983 1980 quidem
1013 1932 1260 1982 philosophis
1289 1932 1383 1969 satis
1412 1931 1698 1979 distinguantur

262 1991 537 2041 (Realgriinde
562 2012 615 2018 —-
642 1991 1071 2043 Erkenntnil'sgriinde‚
1111 1993 1289 2031 Ursache
1315 2015 1368 2021 —-
1395 1993 1554 2037 Grund,
1592 1992 1697 2030 Wit-

264 2055 370 2104 kung
395 2074 447 2083 —-
472 2053 629 2102 Fulge).
682 2053 771 2091 Hoc
810 2060 972 2104 apparet
1009 2068 1046 2093 e.
1074 2069 1111 2107 g.
1142 2057 1340 2105 1047224
1379 2053 1462 2095 ἔστι
1489 2053 1541 2094 δὲ,
1562 2052 1698 2094 δυνα-

263 2115 341 2156 τὸν
366 2118 508 2162 τοῦτο,
538 2106 571 2167 ᾧ
599 2111 673 2154 ἐὰν
700 2113 864 2168 ὑπάρξῃ
891 2115 918 2168 ἦ
945 2115 1131 2169 ἐνέργεια
1158 2110 1211 2157 οὗ
1229 2116 1388 2168 λέγεται
1408 2116 1512 2169 ἔχειν
1530 2113 1607 2168 τὴν
1627 2116 1697 2156 δύ·
1768 2114 1770 2116 ’

265 2193 397 2230 ναμιν
425 2176 558 2219 οὐθὲν
586 2177 700 2218 ἔσται
726 2177 965 2219 ἀδύνατουε
994 2194 1114 2231 quare
1143 2182 1259 2220 etiam
1288 2183 1391 2220 iniis
1411 2194 1509 2232 quae
1529 2175 1610 2230 seq.
1625 2179 1697 2220 δυ-

263 2243 395 2284 ’νοιτὸν
423 2249 464 2281 et
491 2239 766 2293 ἐνδεχόμενον
793 2244 879 2281 sine
906 2245 1133 2282 discrimine
1159 2241 1366 2295 ponuntur.
1405 2244 1605 2281 1019b32
1623 2239 1698 2283 ἕνα

267 2305 313 2347 δὲ
334 2305 515 2357 (τρόπον
541 2303 589 2345 τὸ
613 2305 798 2345 δυνατὸν
818 2305 1028 2357 σημαίνει)
1053 2306 1101 2346 τὸ
1118 2304 1390 2358 ἐνδεχόμενον
1406 2303 1560 2357 ἀληθὲς
1576 2300 1696 2345 εἶναι.

266 2370 333 2409 Sic
364 2372 529 2416 19:210,
561 2372 633 2416 13,
665 2371 736 2416 15,
765 2371 835 2415 17,
873 2371 923 2406 21
961 2370 1059 2407 nihil
1095 2371 1262 2409 interest
1297 2372 1398 2409 inter
1434 2368 1620 2409 δυνατὸν
1658 2374 1697 2408 et

265 2431 561 2484 ἐνδεχόμενοντ
590 2432 693 2470 unde
721 2432 866 2470 factum
895 2437 969 2480 est,
998 2438 1041 2471 ut
1069 2434 1233 2471 eandem
1263 2434 1348 2471 fere
1377 2438 1570 2484 proponat
1592 2432 1696 2479 defi·
1720 2428 1723 2430 ’

264 2497 451 2536 nitionem
488 2497 567 2535 τοῦ
596 2492 872 2547 ἐνδεχομένου
901 2498 1047 2534 32318
1084 2509 1200 2546 quam
1226 2497 1415 2534 habemus
1450 2498 1529 2534 τοῦ
1566 2493 1695 2533 δυνα-

264 2561 345 2599 τοῦ
374 2560 581 2597 10412124.
637 2558 771 2597 lulium
801 2558 960 2597 Pacium
997 2559 1074 2597 hoc
1108 2558 1319 2597 discrimen
1347 2571 1422 2596 non
1451 2559 1597 2596 vidisse
1624 2570 1698 2608 ap-

263 2624 382 2675 paret·
414 2634 464 2659 ex
498 2622 548 2660 iis
583 2634 683 2672 quae
720 2622 902 2673 leguntur
941 2622 979 2660 in
993 2622 1091 2659 'eius
1120 2621 1398 2660 commentario
1426 2634 1465 2671 p.
1490 2621 1590 2657 1216
1613 2619 1695 2665 (ed.

263 2683 446 2724 Francof.
473 2687 593 2730 1597)
632 2697 751 2740 „curn
779 2683 963 2723 Socrates
991 2697 1068 2723 non
1096 2685 1240 2732 currit,
1276 2687 1386 2723 recte
1413 2684 1556 2722 dicitur
1583 2695 1694 2721 con-

263 2746 417 2799 tingit
445 2747 649 2788 Socratem
677 2760 860 2797 currere,
899 2751 1015 2799 atque
1055 2748 1133 2788 hoc
1168 2750 1318 2788 tantum
1355 2746 1516 2798 proprie
1551 2744 1696 2785 dicitur
