1838 3086
678 231 978 277 Cutegoriae.
1503 232 1584 271 309

118 330 219 371 Aliis
247 329 348 370 locis
375 329 584 380 distinguit
619 334 664 370 ut
690 331 837 370 227118
864 327 917 370 τὰ
944 328 982 370 δ’
1011 327 1279 382 ἀντικείμενα
1305 328 1360 371 τά
1385 342 1430 370 τε
1457 326 1581 372 ἐναν-

118 392 188 435 τία
215 393 288 436 καὶ
313 392 366 435 τὰ
403 392 511 436 κατὰ
550 393 802 447 ἀντίφασινε
840 409 964 447 quare
992 396 1139 435 63b24
1167 395 1217 434 iis
1243 396 1583 448 propositionibus

118 474 216 512 quas
251 457 542 512 ἀντικειμένας
578 466 692 499 vocat
729 460 976 499 continentur
1014 461 1134 499 etiam
1173 457 1220 499 αἱ
1244 456 1455 508 ἐναντίαι,
1483 472 1582 512 quas

117 538 175 564 vs,
202 528 255 565 28
294 525 373 563 illis
420 524 609 576 opponit:
658 537 746 563 nam
784 536 842 562 vs.
881 526 934 562 30
971 521 1262 576 ἀντικειμένας
1293 525 1480 577 iutelligit
1505 522 1582 571 τὰς

116 589 207 630 κατ’
236 587 476 640 ἀντίφασιν.

63 655 214 694 11b34
239 651 292 693 τὰ
329 649 514 692 ἐναντία.
555 642 734 690 226b³2
761 647 962 691 ἐναντίον
999 650 1046 692 δὲ
1085 651 1192 694 κατὰ
1227 653 1364 695 τόπον
1402 654 1473 702 (ab
1500 654 1580 693 hoc

115 719 218 756 euim
248 718 368 756 etiam
399 716 549 766 reliqua
587 712 760 754 ἐναντία
788 717 896 755 dictu
924 730 1018 755 esse
1047 718 1212 756 tradidit
1239 722 1381 766 6a16)
1409 717 1459 759 τὸ
1485 718 1578 758 κατ’

114 780 290 822 εὐθεῖαν
318 779 476 832 ἀπέχον
501 781 713 820 πλεῖστον.
754 783 934 820 363330
961 778 1208 822 ὑποκείσθω
1238 780 1285 823 δὲ
1310 783 1485 833 πρῶτον
1512 779 1578 822 ἐν·

114 845 239 887 αντία
268 844 377 886 κατὰ
403 844 538 885 τόπον
586 839 697 885 εἶναι
732 843 783 885 τὰ
826 846 1024 885 πλεῖστον
1051 845 1265 899 ἀπέχοντα
1291 846 1401 888 κατὰ
1427 846 1577 896 τόπον,

114 908 256 962 ὥσπερ
293 910 385 951 κατ’
423 905 537 957 εἶδος
573 906 746 949 ἐναντία
782 908 835 950 τὰ
861 911 1062 951 πλεῖστον
1089 909 1302 964 ἀπέχοντα
1329 911 1421 954 κατ’
1449 907 1577 960 εἶδος.

112 978 313 1017 πλεῖστον
337 975 375 1016 δ’
400 971 543 1027 ἀπέχει
569 972 679 1015 κατὰ
706 973 842 1015 τόπον
868 975 921 1015 τὰ
948 975 1121 1027 κείμενα
1146 976 1254 1028 πρὸς
1281 979 1443 1031 ἄλληλα
1468 974 1579 1018 κατὰ

112 1040 353 1093 διάμετρον,
418 1040 509 1078 Hoc
546 1053 668 1078 seusu
706 1040 827 1090 igitur
862 1041 981 1080 etiam
1019 1043 1286 1093 comparativo
1323 1044 1380 1081 uti
1415 1045 1574 1095 potest:

111 1107 292 1145 855024
319 1103 391 1145 καὶ
428 1098 516 1156 ὅσῳ
544 1101 599 1143 ἂν
623 1101 869 1155 ἀμβλυτέρα
895 1102 925 1157 ἤ
952 1103 1090 1155 γωνία
1116 1100 1165 1157 ᾗ,
1206 1102 1507 1156 ἐναντιώτεραι
1533 1103 1581 1146 αἱ

110 1168 248 1222 φοραὶ
287 1168 499 1221 γίνονται·
539 1166 753 1219 εὐθυτέρα
791 1166 875 1220 γὰρ
915 1167 944 1221 ἦ
978 1168 1153 1222 γραμμὴ
1188 1169 1372 1221 γίνεταιε
1408 1184 1498 1210 nam
1524 1168 1578 1211 τὰ

109 1235 310 1274 πλεῖστον
349 1231 560 1285 ἀπέχοντα
589 1234 708 1272 latius
737 1238 875 1284 patent
904 1247 1020 1284 quam
1049 1232 1102 1274 τὰ
1130 1231 1323 1274 ἐναντίαι
1363 1248 1487 1286 quare
1514 1235 1575 1273 di-

111 1300 167 1338 cit
195 1302 372 1339 1055a9
401 1296 449 1338 τὸ
480 1296 525 1337 δὲ
553 1298 640 1337 τῶν
668 1294 854 1348 ἐσχάτων
884 1295 1096 1349 διάστημα
1124 1297 1340 1350 μέγιστον,
1370 1295 1477 1338 ὥστε
1503 1295 1578 1339 καὶ

111 1362 160 1403 τὸ
188 1364 275 1403 τῶν
302 1361 524 1403 ἐναντίων.
555 1365 759 1400 1018325
782 1358 954 1402 ἐναντία
982 1360 1146 1415 λέγεται
1173 1363 1226 1403 τά
1252 1377 1295 1404 τε
1323 1361 1381 1416 μὴ
1409 1360 1577 1403 δυνατὰ

113 1426 202 1478 ἅμα
229 1428 288 1482 τῷ
319 1427 435 1478 αὐτῷ
462 1429 662 1476 παρεῖναι
690 1426 777 1465 τῶν
805 1425 1104 1478 διαφερόντων
1125 1427 1234 1469 κατὰ
1260 1429 1309 1469 τὸ
1336 1426 1476 1480 γένος,
1504 1425 1577 1467 καὶ

109 1491 163 1532 τὰ
189 1494 389 1533 πλεῖστον
418 1490 681 1543 διαφέροντα
717 1491 806 1530 τῶν
834 1490 881 1531 ἐν
906 1495 964 1544 τῷ
994 1492 1109 1545 αὐτῷ
1136 1492 1248 1545 γένει
1277 1494 1442 1544 (quibus
1468 1492 1574 1531 adii-

114 1557 170 1596 cit
188 1546 402 1595 '1055a25
440 1557 528 1596 τῶν
567 1569 612 1595 τε
642 1554 725 1606 γὰρ
752 1554 866 1607 γένει
894 1555 1195 1609 διαφερόντων
1223 1557 1305 1598 οὐκ
1333 1555 1446 1596 ἔστιν
1475 1554 1575 1606 ἐξω-

110 1618 218 1674 τέρω
242 1620 390 1672 λαβεῖν
411 1618 484 1661 καὶ
511 1621 598 1660 τῶν
626 1619 764 1670 εἴδει),
791 1619 864 1660 καὶ
891 1620 943 1663 τὰ
971 1623 1169 1663 πλεῖστον
1197 1619 1461 1674 διαφέροντα
1487 1621 1576 1661 τῶν

42 1678 49 1685 ’
111 1682 159 1727 ἐν
186 1685 326 1739 ταύτῷ
355 1684 532 1740 δεκτικῷ
563 1690 745 1731 (causam
774 1686 883 1723 addit
911 1688 1110 1726 1055330
1137 1686 1166 1740 ἦ
1190 1685 1381 1741 γὰρῦῧλη
1409 1685 1438 1739 ἦ
1466 1683 1575 1738 αὐτὴ

110 1752 203 1798 τοῖς
240 1747 494 1797 ἐναντίοις),
523 1746 596 1789 καὶ
631 1746 683 1788 τὰ
721 1749 919 1788 πλεῖστον
948 1749 1213 1802 διαφέροντα
1247 1753 1334 1792 τῶν
1372 1750 1458 1791 ὑπὸ
1495 1749 1576 1803 τὴν

112 1813 250 1868 αὐτὴν
279 1814 465 1867 δύναμιν
495 1815 720 1861 (10551132
748 1811 822 1852 καὶ
850 1812 931 1865 γὰρ
959 1813 987 1867 ἦ
1015 1813 1222 1893 ἐπιστήμη
1251 1814 1347 1868 περὶ
1371 1814 1421 1855 ἓν
1448 1813 1575 1866 γένος

109 1880 138 1934 ἦ
165 1879 265 1932 μία,
304 1876 350 1919 ἐν
379 1873 442 1926 οἷς
470 1877 498 1931 ἦ
525 1876 660 1918 τελεία
688 1875 881 1929 διαφορὰ
909 1878 1105 1932 μεγίστη)
1135 1879 1207 1920 καὶ
1235 1879 1298 1920 ὡν
1324 1879 1353 1933 ἦ
1381 1876 1575 1931 διαφορὰ

108 1944 281 1998 μεγίστη
319 1942 345 1997 ἢ
384 1942 527 1990 ἁπλῶς
562 1941 588 1995 ἢ
627 1940 734 1981 κατὰ
770 1941 896 1994 γένος
923 1942 950 1996 ἢ
978 1946 1070 1985 κατ’
1101 1940 1224 1992 εἶδος.
1255 1946 1458 1983 1011616
1485 1940 1574 1983 ἐπεὶ

109 2009 149 2051 δ’
178 2008 396 2050 ἀδύνατον
434 2004 514 2060 τὴν
553 2006 785 2058 ἀντίφασιν
820 2001 1111 2060 ἀληθεύεσθαι
1138 2008 1227 2061 ἅμα
1254 2007 1362 2049 κατὰ
1387 2010 1466 2048 τοῦ
1495 2007 1572 2048 αὐ-

106 2073 211 2125 τοῦ,
241 2072 434 2127 φανερὸν
471 2071 542 2113 ὅτι
564 2070 667 2112 οὐδὲ
694 2071 901 2112 τάναντία
928 2072 1017 2126 ἅμα
1044 2073 1252 2126 ὑπάρχειν
1278 2069 1487 2126 ἐνδέχεται
1513 2075 1573 2126 τῷ

108 2139 248 2191 αὐτῷι
285 2152 378 2191 nam
416 2138 630 2176 affirmatio
670 2143 712 2176 et
739 2139 919 2188 negatio,
961 2141 1052 2189 quia
1081 2141 1207 2179 altera
1236 2140 1404 2177 atteram
1432 2139 1572 2189 utique

109 2203 310 2250 excludit,
359 2202 474 2239 latius
520 2205 658 2252 patent
702 2214 820 2252 quam
873 2204 1088 2245 contraria.
1162 2204 1262 2243 Aliis
1299 2202 1422 2249 locis,
1469 2202 1572 2240 sicut

107 2269 195 2308 661)
208 2269 260 2305 10
287 2262 386 2305 ὥστ’
415 2264 451 2304 εἰ
487 2261 536 2304 τὸ
573 2264 771 2315 κείμενον
807 2264 871 2318 ε’ίη
907 2263 1106 2307 ἐναντίον
1143 2268 1202 2322 τῷ
1232 2263 1570 2316 συμπεράσματι,

110 2330 276 2383 ἀνάγκη
315 2329 513 2383 γίνεσθαι
550 2326 720 2382 ἔλεγχον
749 2337 790 2370 et
814 2334 958 2378 67³5,
987 2329 1036 2372 τὸ
1066 2329 1265 2372 ἐναντίον
1291 2330 1390 2369 nihil
1417 2329 1570 2379 signifi-

107 2401 174 2436 cat
200 2396 276 2435 nisi
304 2395 344 2433 id
374 2396 478 2447 quod
507 2401 702 2446 repugnat
729 2397 765 2434 ei
794 2397 897 2447 quod
928 2398 1103 2448 positum
1131 2402 1215 2446 cst,
1255 2397 1339 2434 sive
1366 2394 1459 2433 κατ’
1494 2391 1570 2434 ἀν·-

108 2459 285 2513 τίφασιν
323 2461 559 2512 opponitur,
604 2461 689 2498 sive
725 2462 967 2499 contrarium
1007 2465 1083 2502 est.
1149 2461 1328 2498 894a22
1366 2456 1570 2507 ἐναντίως

111 2524 152 2566 δ’
182 2524 226 2566 οἷ
261 2527 416 2574 ταῦροι
454 2522 526 2563 καὶ
563 2521 606 2563 οἱ
643 2521 759 2572 κριοὶ
791 2522 843 2563 τὰ
871 2523 1027 2575 κέρατα
1054 2524 1222 2576 ἴσχουσι
1233 2555 1244 2574 ,
1283 2522 1392 2563 διότι
1418 2521 1491 2562 καὶ
1515 2522 1569 2564 τὰ

108 2589 244 2642 θήλεα
277 2587 480 2636 ἐναντίως
502 2587 647 2627 αὐτῶν
667 2585 759 2640 ἔχει.
781 2609 846 2635 ·-,
861 2585 1056 2636 ἐναντίος
1078 2586 1363 2639 συλλογισμὸς
1381 2592 1440 2640 τῷ
1459 2588 1568 2639 πρά-

112 2668 240 2705 γματι
269 2656 376 2702 (641)
394 2653 442 2691 1'6
470 2654 536 2693 ubi
562 2657 620 2706 τῷ
647 2651 865 2704 πράγματι
892 2654 1013 2692 facite
1040 2654 1272 2703 intelligitur
1298 2666 1322 2691 e
1349 2666 1405 2693 ve.
1433 2655 1480 2699 9)
1508 2654 1568 2693 di-

110 2718 217 2758 citur
243 2719 293 2765 is,
325 2731 403 2768 quo
433 2718 683 2757 concluditur
713 2718 817 2769 quod
844 2719 1003 2757 veritati
1028 2722 1237 2769 repugnat,
1265 2718 1348 2756 sive
1373 2715 1462 2757 κατ’
1487 2716 1568 2758 ἀν-

116 2780 292 2833 τίφασιν
319 2789 380 2821 est
408 2784 635 2835 oppositum
672 2783 756 2822 sive
784 2783 890 2832 quod
919 2783 1083 2834 proprie
1109 2782 1256 2822 dicitur
1277 2778 1486 2823 ἐναντίον.
1514 2803 1567 2813 --

112 2845 412 2899 propositiones
447 2853 581 2887 autem
604 2860 706 2900 quae
727 2847 776 2886 ab
797 2847 1084 2898 interpretibus
1103 2851 1292 2887 vocantur
1315 2845 1567 2889 ὑπεναντίαι
