1884 3100
651 184 981 219 ΠΡΟΤΕΡΩΝ
1011 187 1049 218 A.
1494 184 1575 223 179

121 283 419 347 συλλογισμός
430 300 439 310 ·
461 284 626 346 εἴρηται
642 281 726 345 γάρ
740 280 807 330 ὅτι
818 281 907 330 οὐκ
920 282 1192 344 ἀντιστρέφει
1211 280 1241 347 ἡ
1257 281 1443 347 τοιαύτη
1455 284 1571 346 πρό-

120 365 258 410 τασις.
280 350 374 399 ἄλλ’
389 350 498 399 οὐδὲ
517 348 590 398 διὰ
609 355 693 398 τοῦ
713 349 963 398 ἀδυνάτου·
986 351 1190 408 τεθέντος
1206 349 1289 413 γὰρ
1298 353 1430 398 τουΒ
1441 353 1571 398 παντὶ
1585 371 1622 400 35

120 424 182 486 τῷ
219 423 265 466 Γ
289 420 540 481 ἐνδέχεσθαι
569 416 786 489 ὑπάρχειν
819 416 953 464 οὐδὲν
975 419 1206 480 συμβαίνει
1224 422 1418 476 ψεῦδος·
1449 418 1571 467 ἐνδέ-

121 505 245 549 χοιτο
273 485 356 549 γάρ
395 505 450 533 αν
477 485 528 533 τό
558 491 596 532 Α
624 490 687 552 τῷ
720 489 767 531 Γ
786 486 859 531 καὶ
894 487 1022 532 παντὶ
1054 488 1130 533 καὶ
1155 488 1309 550 μηδενὶ
1340 484 1569 548 ὑπάρχειν.

124 552 241 612 ὅλως
271 553 310 600 δ’
341 556 379 600 εἰ
409 555 495 600 ἔστι
529 534 837 614 συλλογισμός,
871 551 1066 616 δῆλον”
1039 572 1105 601 οτι
1135 559 1222 601 τοῦ
1243 551 1545 616 ἐνδέχεσθαι’“
1517 572 1573 602 αν

122 623 189 684 εἴη
217 619 291 667 διὰ
317 619 369 667 τὸ
379 620 630 688 μηδετέραν
647 624 734 666 τῶν
762 620 1018 679 προτάσεων
1039 623 1258 684 εἰλῆφθαι
1279 622 1324 669 ἐν
1342 626 1404 688 τῷ
1422 620 1570 684 ὑπάρ-

119 705 222 749 χειν,
242 688 316 733 καὶ
337 689 472 744 οὑτος
485 684 517 750 ἢ
528 685 828 747 καταφατικός
841 684 868 750 ἢ
879 688 1156 751 στερητικός·
1178 670 1422 750 οὐδετέρως
1441 688 1480 737 δ’
1500 690 1622 771 ἔχ’-40

119 759 282 838 χωρεῖ.
295 758 603 815 καταφατικοῦ
629 773 708 814 μεν
738 752 821 817 γάρ
851 756 1054 812 τεθέντος
1079 755 1360 819 δειχθήσεται
1386 756 1461 803 διὰ
1481 761 1572 804 τοῖν
1588 769 1613 802 b

118 820 235 884 ὅρων
257 819 321 868 ὅτι
345 821 432 869 οὐκ
455 820 708 882 ἐνδέχεται
679 823 908 884 ὑπάρχειν,
929 827 1193 885 στερητικοῦ
1214 822 1317 881 δέ,
1291 842 1358 870 οτι
1378 822 1430 870 τὸ
1452 836 1571 886 συμ-

120 890 323 950 πέρασμα
346 907 404 936 ου
407 908 434 935 κ
454 889 733 971 ἐνδεχόμενον
753 889 848 936 αλλ’
873 889 1112 952 ἀναγκαῖόν
1134 891 1261 938 ἐστιν.
1284 891 1393 938 ε’στω
1414 890 1498 953 γὰρ
1519 890 1572 939 τὸ

99 958 199 1018 ,μεν
228 960 268 1003 Α
291 955 561 1014 λευκόν,τὸ
593 958 641 1003 δὲ
671 961 709 1003 Β
742 955 994 1018 ανθρωπος,
1023 957 1094 1019 ἐφ’
1126 951 1164 1003 οἷ
1193 960 1239 1005 δὲ
1268 961 1476 1016 Γῖππος.
1516 957 1570 1006 τὸ

119 1022 178 1087 δὴ
219 1028 279 1080 Α,
321 1022 372 1070 τὰ
402 993 586 1079 λεὺκόν,
629 1025 840 1084 ἐνδέχεται
876 1029 941 1070 τοῖ
980 1043 1059 1085 μεν
1086 1027 1214 1071 παντὶ
1247 1029 1313 1090 τῷ
1344 1027 1392 1072 δὲ
1419 1027 1605 1089 μηδενὶ5

118 1089 347 1151 ὑπάρχειν.
382 1089 496 1136 αλλὰ
515 1089 568 1136 τὸ
591 1094 629 1136 Β
647 1096 712 1137 τῶ
733 1095 779 1136 Γ
792 1090 895 1138 οὔτε
908 1072 1132 1153 ὑπάρχειν
1154 1093 1368 1153 ἐνδέχεται
1387 1092 1489 1140 οὔτε
1508 1091 1571 1157 μὴ

117 1156 342 1242 ὑπάρχειν.
365 1156 433 1204 ὅτι
451 1176 530 1218 μεν
542 1150 629 1204 οὖν
639 1157 855 1218 ὑπάρχειν
868 1157 957 1205 οὐκ
978 1160 1165 1220 ἐγχωρεῖ,
1184 1159 1402 1221 φανερόν·
1424 1159 1576 1218 οὐδεὶς

118 1223 203 1288 γὰρ
234 1228 367 1282 ιππος
396 1223 647 1286 ἄνθρωπος.
707 1224 803 1271 ἄλλ’
829 1223 929 1272 οὐδ’
957 1226 1210 1287 ἐνδέχεσθαι
1241 1225 1314 1310 μὴ
1332 1225 1572 1289 ὑπάρχειν·

120 1291 289 1374 ἀνάγκη
320 1291 404 1354 γὰρ
437 1293 604 1356 μηδένα
635 1295 792 1376 ἴππονκ
801 1290 1043 1352 ἄνθρωπον
1061 1298 1184 1350 εἰναι,
1204 1292 1255 1340 τὸ
1274 1292 1314 1340 δ’
1336 1293 1576 1356 αναγκαῖον

118 1358 206 1408 οὐκ
230 1352 288 1424 ἦν
322 1359 611 1421 ἐνδεχόμενον.
648 1359 735 1407 οὐκ
763 1358 851 1421 ἄρα
878 1361 1038 1423 γίνεται
1069 1359 1380 1423 συλλογισμός.
1411 1360 1576 1422 ὁμοίως
1591 1380 1627 1409 10

119 1429 168 1474 δε
186 1426 467 1490 δειχθήσεται
485 1429 560 1474 καὶ
582 1446 637 1474 αν
656 1427 876 1475 α’νάπαλιν
895 1432 1005 1489 τεθῆ
1021 1426 1073 1475 τὸ
1092 1428 1363 1492 στερητικόν,
1380 1447 1467 1476 καν
1489 1428 1575 1513 άμ-

119 1494 303 1557 φότεραι
350 1496 643 1556 καταφατικαὶ
695 1499 940 1558 ληφθωσιν
987 1493 1021 1558 ἢ
1059 1497 1328 1560 στερητικαί·
1373 1496 1447 1544 διὰ
1490 1515 1577 1559 γαρ

117 1566 205 1610 τῶν
227 1560 376 1609 αὐτῶν
399 1561 518 1623 ὅρων
537 1563 658 1609 ἔσται
680 1561 709 1627 ἡ
733 1561 971 1620 α’πόδειξις.
995 1564 1069 1610 καὶ
1091 1561 1198 1610 ὅταν
1217 1562 1246 1627 ἡ
1269 1582 1348 1625 μεν
1367 1563 1579 1612 καθόλου

117 1627 149 1693 ἡ
171 1627 210 1676 δ’
234 1629 321 1676 ἐν
299 1630 441 1689 μέρει,
472 1627 505 1692 ἢ
524 1627 772 1691 άμφότεραι
790 1649 899 1677 κατα
926 1631 1058 1692 μέρος
1077 1628 1107 1694 ἢ
1131 1629 1434 1692 a6t6916vot,'²
1413 1651 1443 1696 η
1462 1631 1576 1679 ὁσα-

118 1701 206 1758 χῶς
245 1694 391 1754 αλλως
434 1698 645 1758 ἐνδέχεται
685 1702 941 1758 μεταλαβεῖν
981 1696 1061 1755 τὰς
1092 1699 1352 1767 προτάσεις·
1393 1698 1460 1746 οἷεὶ
1489 1697 1576 1762 γὰρ
1595 1717 1629 1745 15

116 1764 234 1811 ἔσται
254 1762 328 1810 διὰ
347 1769 438 1811 τῶν
458 1762 606 1811 αὐτῶν
626 1762 743 1824 ὅρων
763 1764 793 1827 ἡ
818 1763 1054 1822 ἀπόδειξις.
1077 1764 1275 1825 φανερὸν
1293 1767 1378 1813 οὐν
1402 1764 1471 1813 ὅτι
1490 1786 1576 1827 αμ-

119 1831 320 1893 φοτέρων
330 1850 422 1878 των
432 1831 688 1891 προτάσεων
706 1851 817 1878 κατα
829 1830 881 1878 τὸ
895 1832 1150 1893 ἐνδέχεσθαι
1167 1834 1408 1894 τιθεμένων
1425 1852 1485 1881 01
1475 1831 1579 1891 ’δεὶς

117 1900 279 1961 γίνεται
303 1898 614 1960 συλλογισμός.

252 1966 315 2011 Εἰ
344 1964 384 2012 δ’
414 1964 444 2029 ἡ
475 1967 554 2026 μὲν
583 1963 799 2026 ὑπάρχειν
835 1963 923 2028 ἡδ’
955 1965 1209 2027 ἐνδέχεσθαι
1244 1967 1468 2030 σημαίνει,
1496 1971 1579 2031 τῆς
1598 1978 1663 2023 18

116 2033 195 2094 μὲν
222 2037 516 2096 κατηγορικῆς
543 2031 758 2093 ὑπάρχειν
787 2034 992 2097 τεθείσης
1012 2038 1095 2095 τῆς
1115 2035 1162 2080 δὲ
1184 2038 1441 2098 στερητικῆς
1459 2035 1578 2082 ἐνδέ-
1593 2053 1630 2080 20

120 2105 278 2161 χεσθαι
296 2099 505 2148 οὐδέποτ’
524 2101 641 2147 ἔσται
663 2100 976 2161 συλλογισμός,
991 2099 1095 2148 οὔτε
1117 2101 1332 2148 καθόλου
1349 2107 1441 2149 τῶν
1462 2101 1581 2164 ὅρων

117 2165 213 2214 οὔτ’
245 2168 291 2214 ἐν
322 2168 442 2228 μέρει
469 2168 822 2229 λαμβανομένων.
862 2167 1088 2226 άπόδειξις
1115 2167 1154 2215 δ’
1182 2167 1212 2232 ἡ
1250 2168 1366 2232 αὕτη
1395 2171 1470 2216 καὶ
1502 2169 1579 2217 διὰ

117 2238 207 2281 τῶν
238 2233 392 2281 αὐτῶν
425 2233 556 2294 ὅρων.
602 2233 710 2282 ὅταν
739 2233 778 2282 δ’
812 2234 842 2299 ἡ
866 2237 945 2297 μὲν
963 2235 1244 2299 καταφατικὴ
1272 2237 1525 2298 ἐνδέχεσθαι
1546 2236 1577 2300 ἡ

119 2302 166 2349 δὲ
186 2300 418 2365 στερητική
449 2300 677 2363 ὑπάρχειν,
710 2303 830 2349 ἔσται
850 2304 1162 2366 συλλογισμός.
1193 2304 1401 2390 εἰλήφθω
1422 2302 1506 2366 γὰρ
1525 2303 1577 2350 τὸ

118 2372 158 2415 Α
185 2374 247 2435 τῷ
279 2388 359 2430 μεν
391 2374 429 2416 Β
459 2371 612 2438 μηδενὶ
646 2367 887 2431 ὑπάρχειν,
918 2390 980 2418 τω
1013 2373 1060 2418 δε
1094 2375 1140 2417 Γ
1158 2373 1288 2418 παντὶ
1310 2372 1630 2432 ἐνδέχεσθαι.ει5

120 2418 488 2499 άντιστραφέντος
501 2439 589 2485 οὐν
601 2441 686 2484 τοῦ
697 2443 958 2501 στερητικοῦ
968 2437 1069 2486 τὸΒ
1080 2443 1143 2504 τῷ
1159 2444 1192 2485 Α
1202 2458 1261 2486 οι
1251 2437 1356 2486 ’δενὶ
1366 2436 1576 2501 ὑπάρξει·

210 2599 254 2632 36
273 2595 400 2633 ου’δενὶ
418 2610 460 2642 pr
474 2611 509 2632 n.
538 2618 580 2624 —-
608 2599 651 2632 38
671 2595 750 2632 ἐπεὶ
766 2610 802 2631 n.

209 2643 302 2678 37118
321 2640 474 2690 vestig-‘⁹
455 2657 568 2684 ιππος
581 2644 614 2677 d.
632 2663 671 2668 —
701 2641 887 2688 ἐνδέχεται
903 2656 938 2677 π.
954 2661 1000 2669 —-·
1022 2640 1147 2677 11καν
1162 2655 1196 2682 τι,
1214 2656 1261 2677 αν
1278 2655 1333 2676 om
1353 2643 1386 2676 d.
1402 2663 1446 2669 —
1462 2642 1578 2677 καὶΑ.

120 2705 166 2714 -
184 2689 227 2723 13
246 2687 344 2724 ἐστὶν
361 2691 396 2723 d.
423 2711 464 2717 —
493 2692 534 2725 15
550 2687 794 2745 μεταβάλλειν
813 2690 883 2733 Ad,
905 2689 1126 2743 μεταβαλεῖν
1149 2689 1184 2722 C.
1209 2707 1255 2714 -
1283 2684 1359 2722 16⁶
1336 2701 1396 2724 οτι
1414 2700 1471 2723 om
1490 2689 1524 2722 d.
1535 2707 1581 2713 —

122 2730 169 2767 19
185 2736 358 2823 62Ἇέἳὶοι
382 2736 419 2769 C.
443 2754 490 2762 —-
513 2737 558 2769 90
578 2733 779 2778 τιθεμένης
802 2736 841 2768 C.
865 2753 910 2759 —-
935 2735 980 2768 26
1002 2730 1313 2780 ἄντιστρέφοντος
1331 2734 1365 2770 d.
1393 2753 1433 2760 —
1460 2731 1582 2780 ὑπάρ-

123 2789 179 2823 χει

1203 2834 1286 2868 12*
