1826 3112
258 206 337 246 128
689 210 836 244 ΠΕΡΙ
866 210 1234 246 ΕΡΜΗΝΕΙΑΣ.

207 324 243 353 2⁵
258 322 329 351 ται
343 304 425 351 ἐπὶ
450 307 536 351 τοῦ
563 303 719 361 αυτοῦ,
749 303 844 353 οἷον
873 305 932 354 οὐ
949 312 1037 365 πᾶς
1053 306 1292 389 ἄνθρωπος
1310 309 1474 367 λευκός
1497 312 1571 357 καὶ
1590 312 1677 359 ἔστι

257 389 322 428 τις
339 369 574 430 ἄνθρωπος
591 370 760 428 λευκός.
796 370 898 419 ὅσαι
913 375 990 432 μὲν
1010 367 1096 421 οὖν
1109 373 1360 435 οἷντιφάσεις
1377 380 1463 423 τῶν
1473 376 1678 425 καθόλου

257 438 340 484 εἰσὶ
358 437 573 492 καθόλου,
597 435 761 522 ἀνάγκη
780 437 860 502 τὴν
878 439 1024 499 ἑτέραν
1046 439 1199 503 ἀληθῆ
1219 439 1329 488 εἶναι
1356 439 1389 504 ἢ
1406 446 1569 506 ψευδῆ,
1603 445 1679 490 καὶ

256 501 359 550 ὅσαι
391 504 458 549 ἐπὶ
487 507 572 548 τῶν
603 503 706 549 καθ’
724 506 893 588 ἕκαστα,
913 504 1006 553 οἷον
1028 508 1114 553 ἔστι
1134 506 1374 570 Σωκράτης
1393 509 1584 566 λευκός-
1594 508 1680 556 οὐκ

255 570 344 616 ἔστι
360 569 599 631 Σωκράτης
614 571 794 628 λευκός·
815 570 914 619 ὅσαι
933 574 979 619 δὲ
998 574 1063 619 ἐπὶ
1083 578 1168 619 τῶν
1185 575 1391 621 καθόλου
1406 576 1497 635 μέν,
1519 574 1579 638 μὴ
1597 594 1679 622 κα-

205 653 240 681 ω
255 634 405 681 θόλου
420 635 480 690 δέ,
501 634 585 681 οὐκ
604 633 712 681 άεὶ
687 656 716 699 η
737 638 814 696 μὲν
835 637 1049 701 ἀληθὴς
1024 658 1050 701 η
1073 641 1119 685 δε
1138 639 1323 702 ψευδής.
1360 638 1449 699 ἅμα
1463 640 1548 703 γὰρ
1569 640 1678 705 άλη-

254 701 335 757 θές
353 701 466 746 ἐστιν
486 702 619 747 εἰπεῖν
637 699 702 749 ὅτι
721 704 834 750 ἔστιν
852 703 1088 764 ἄνθρωπος
1106 704 1262 762 λευκὸς
1286 705 1402 752 καὶ”
1376 725 1440 753 οτι
1460 706 1547 754 οὐκ
1567 709 1679 755 ε’στιν

255 765 490 826 ανθρωπος
519 768 688 825 λευκός,
717 771 790 815 καὶ
821 771 935 816 ἔστιν
966 769 1200 830 ἄνθρωπος
1216 771 1354 829 καλὸς
1371 775 1443 819 καὶ
1463 792 1548 820 ουκ
1565 775 1679 821 ἔστιν

255 831 491 893 ανθρωπος
501 834 646 891 καλός.
671 837 708 882 εἰ
724 854 805 896 γαρ
817 836 1006 896 αἰσχρός,
1024 839 1096 882 καὶ
1109 855 1168 883 ου
1186 837 1341 894 καλός·
1374 840 1446 884 καὶ
1466 841 1503 884 εἰ
1521 840 1681 900 γίνεταί

254 917 309 955 τι,
335 902 408 946 καὶ
430 898 517 945 οὐκ
538 901 663 946 ἓ’.στιν
707 901 840 956 δόξειε
862 901 901 948 6'
920 921 974 948 αν
996 901 1249 965 ἐξαίφνης”
1221 918 1386 950 ατοπον
1407 901 1514 950 εἶναι
1533 903 1606 951 διὰ
1627 903 1678 952 τὸ

203 967 504 1024 εεφαίνεσθαι
512 967 738 1027 σημαίνειν
757 966 809 1012 τό
832 985 919 1014 ουκ
937 969 1051 1014 ἔστιν
1068 967 1304 1028 ἄνθρωπος
1324 969 1525 1027 λευκός
1498 990 1585 1031 αμα
1605 973 1679 1018 καὶ

256 1029 321 1078 ὅτι
336 1030 483 1086 οὐδεὶς
503 1030 740 1092 ἄνθρωπος
751 1033 1008 1092 λευκός·τό
1019 1036 1065 1081 δε
1079 1033 1179 1082 οὔτε
1191 1034 1350 1083 ταύτὸν
1363 1038 1561 1100 σημαίνει
1573 1036 1679 1085 οὔθ’

255 1117 344 1158 αμα
367 1095 459 1152 ἐξ’
430 1097 632 1160 ανάγκης.

389 1163 588 1222 Φανερὸν
619 1166 665 1211 δε
697 1163 765 1211 ὅτι
793 1167 867 1212 καὶ
893 1168 970 1227 μία
994 1166 1222 1227 απόφασις
1248 1172 1348 1228 μιᾶς
1367 1167 1676 1229 καταφάσεως·

254 1227 304 1275 τὸ
331 1228 413 1312 γὰρ
441 1229 551 1276 αὐτὰ
583 1234 650 1277 δεῖ
678 1230 908 1294 ἄποφησαι
935 1232 1016 1296 τὴν
1042 1232 1328 1294 ἄπόφασιν”
1302 1250 1408 1295 οπερ
1431 1235 1678 1297 κατέφησεν

203 1317 239 1345 40
255 1292 284 1358 ἡ
303 1295 561 1356 κατάφασις,
580 1299 653 1342 καὶ
671 1296 758 1344 απὸ
779 1303 862 1345 τοῦ
882 1298 1036 1355 αὐτοῦ,
1057 1297 1087 1362 ἢ
1106 1304 1195 1346 τοῖν
1212 1299 1316 1346 καθ’
1337 1301 1493 1346 ε’καστά
1511 1319 1628 1357 τινος
1647 1298 1678 1363 ἢ

146 1387 181 1419 p.
192 1375 237 1409 18
253 1360 341 1408 απὸ
365 1365 451 1407 τῶν
471 1362 674 1409 καθόλου
699 1363 830 1420 τινός,
852 1363 885 1427 ἢ
912 1364 971 1422 ὥς
1002 1365 1207 1412 καθόλου
1232 1364 1263 1428 ἢ
1294 1385 1352 1423 ως
1381 1365 1442 1429 μὴ
1460 1366 1674 1413 καθόλου.

250 1428 360 1489 λέγω
372 1429 419 1474 δὲ
441 1422 537 1475 οἷον
556 1430 645 1474 εστι
657 1430 915 1513 Σωκράτης
918 1430 1204 1513 251m69-o‘6u
1224 1433 1310 1478 ἔστι
1323 1432 1562 1494 Σωκράτης
1573 1437 1675 1479 λευ-

250 1493 342 1550 κός.
388 1492 462 1540 ἐὰν
489 1496 535 1541 δε
568 1493 677 1540 ἄλλο
707 1514 748 1542 τι
784 1495 813 1556 ἢ
841 1495 915 1542 ἀπ’
943 1495 1084 1543 ἄλλου
1113 1496 1163 1544 τὸ
1195 1497 1316 1552 αὐτό,
1337 1497 1421 1558 οὐχ
1439 1497 1468 1560 ἡ
1493 1498 1675 1545 ἀντικει-

248 1560 357 1643 μένη
387 1558 481 1606 αλλ’
510 1561 624 1606 εσται
657 1561 863 1624 ἐκείνης
849 1563 981 1621 ετέρα.
1015 1567 1068 1622 τῇ
1088 1564 1134 1609 ὁε
1152 1567 1239 1620 πᾶς
1263 1562 1498 1624 ανθρωπος
1515 1564 1676 1622 λευκός

216 1647 233 1675 ⁵
248 1624 278 1688 ἡ
297 1645 355 1673 ου
373 1630 460 1683 πᾶς
473 1624 711 1686 ανθρωπος
719 1628 889 1684 λευκός,
908 1633 961 1688 τῇ
980 1630 1026 1674 δε
1046 1630 1110 1685 τὶς
1129 1627 1364 1690 ἄνθρωπος
1375 1630 1574 1689 λευκός
1546 1650 1574 1693 η
1591 1649 1674 1677 ov-

248 1694 337 1749 δεὶς
349 1690 583 1750 ανθρωπος
602 1693 782 1749 λευκός·
807 1698 860 1754 τῇ
882 1696 928 1740 δε
950 1695 1062 1741 ε’στιν
1093 1692 1330 1756 ανθρωπος
1349 1696 1507 1754 λευκός
1535 1695 1565 1759 ἡ
1586 1695 1674 1743 οὐκ

248 1758 362 1805 εστιν
380 1756 615 1817 ανθρωπος
635 1758 805 1816 λευκός.
980 1778 982 1780 ’

369 1822 469 1870 ’Ότι
495 1826 572 1883 μὲν
603 1825 687 1871 οὐν
715 1826 793 1884 μία
817 1824 1064 1906 κατάφασις
1092 1830 1170 1890 μιᾷ
1201 1824 1424 1887 αποφάσει
1443 1825 1673 1874 ἀντίκειται

249 1887 552 1950 άντιφατικως,
572 1892 644 1936 καὶ
663 1892 774 1948 τίνες
793 1893 901 1937 εἰσὶν
922 1885 1064 1946 αὗται,
1086 1894 1269 1954 ειρηται·
1304 1895 1378 1938 καὶ
1397 1890 1463 1939 ὅτι
1482 1895 1525 1939 αὶ
1546 1894 1671 1940 ἐναν-

199 1973 234 2001 10
247 1956 334 2002 τίαι
384 1954 512 2003 αλλαι
524 1990 537 2014 ,
589 1958 665 2004 καὶ
708 1958 819 2014 τίνες
861 1957 972 2003 εἰσὶν
1019 1950 1171 2003 αὗται·
1225 1959 1298 2003 καὶ
1344 1956 1411 2005 ὅτι
1452 1977 1512 2005 ov
1554 1964 1676 2006 πᾶσα

334 2174 379 2208 25
397 2172 595 2218 ἐνδέχεται]
617 2172 800 2229 ἐνδέχεταί
819 2185 908 2208 ποτε
924 2176 1141 2218 AC'efmt,1-c
1155 2176 1219 2216 Ba,
1244 2183 1326 2219 post
1344 2174 1460 2211 αὐτοῦ
1475 2184 1609 2220 ponunt
1620 2178 1674 2220 gi.

245 2237 290 2243 —
306 2217 447 2253 mmo&
466 2231 499 2252 π.
526 2239 566 2245 --
603 2216 734 2263 οἷον]’
718 2231 794 2263 αμα
813 2217 965 2260 ἀληθεῖς
986 2220 1103 2261 εἶναι,
1127 2218 1206 2254 οἷον
1226 2222 1267 2254 Α.
1295 2241 1336 2247 -
1367 2219 1435 2265 ἄλη
1439 2221 1577 2262 θεύειν,
1591 2221 1675 2256 οἷον

250 2263 303 2305 Ge,
328 2275 366 2295 rc
383 2263 418 2304 d,
442 2264 727 2303 συναληθεύειν,
749 2262 829 2298 οἷον
849 2265 917 2308 Eg,
942 2267 1062 2319 corrf.
1087 2283 1132 2289 —
1155 2265 1218 2299 καὶ
1237 2278 1291 2298 om
1309 2267 1360 2311 gi.
1383 2285 1429 2292 —-
1452 2268 1495 2299 27
1516 2247 1607 2301 εἰσὶν
1625 2279 1675 2306 ως

245 2306 412 2341 καθόλου
424 2309 467 2341 ei.
493 2326 536 2332 —
563 2307 586 2350 ἢ
596 2309 724 2364 ψευδῆ
741 2306 834 2343 εἶναι
852 2309 885 2341 d.
913 2329 954 2334 —-
977 2311 1022 2343 98
1038 2305 1106 2343 ὅσα
1125 2311 1166 2342 G.
1191 2327 1234 2336 -
1265 2312 1308 2343 28
1327 2318 1361 2342 et
1379 2312 1422 2343 29
1437 2309 1565 2349 λευκὸς
1592 2313 1673 2345 Σω-

245 2351 486 2435 ἕὲῗῗέἰὲθῑς
495 2351 610 2441 ἒοῗζῗ
629 2366 682 2432 ΞΨ
699 2364 736 2397 g
744 2373 787 2451 ἐξ
807 2355 858 2452 ξιῗ
872 2351 937 2431 ‘5223
949 2353 1180 2432 ’ἔῗέῗῖἶῗξῖἓ
1198 2350 1544 2453 ’ὂψενδὲῗδῧοζξ
1552 2358 1562 2389 ¹
1577 2354 1675 2435 Ψῖἒῖ

246 2453 302 2474 om
321 2442 346 2474 i.
356 2415 466 2475 -135
485 2442 686 2483 φαίνεσθαι
706 2439 845 2475 ταύτὸν
864 2445 1052 2486 σημαίνειν
1066 2454 1127 2498 fg·-
1149 2460 1189 2467 -
1214 2439 1297 2476 36”
1275 2456 1330 2477 οτι
1320 2444 1344 2486 ι]
1364 2440 1404 2478 τὸ
1423 2456 1451 2487 e,
1475 2445 1517 2479 τὸ
1529 2443 1674 2499 αὐτὸς.

246 2505 290 2511 --
313 2484 355 2519 τὸ
373 2482 464 2520 αὐτὸ
483 2486 524 2518 ei.
550 2506 592 2512 -
616 2488 660 2521 39
678 2485 738 2530 τὸ]
763 2485 857 2520 ἐστί·
881 2488 922 2522 τὸ
947 2489 1037 2532 Aeg,
1063 2487 1182 2522 ἔσται·
1205 2485 1247 2521 τὸ
1270 2490 1320 2532 us,
1346 2500 1387 2531 pr
1408 2490 1444 2522 G.
1469 2508 1515 2514 —
1545 2491 1588 2523 40
1606 2490 1674 2524 τοῦ

247 2525 377 2570 αυτοῦ,
399 2543 422 2571 η
443 2542 497 2562 om
517 2531 540 2563 i.

335 2574 419 2608 18a1
444 2575 494 2607 alt
518 2572 541 2618 ἢ
567 2586 622 2608 om
639 2577 681 2617 f,
707 2576 765 2608 del
790 2575 865 2608 BG.
891 2594 933 2600 —
957 2588 980 2619 η
1000 2588 1049 2615 ως
1066 2572 1114 2630 μὴ
1135 2573 1300 2610 καθόλου
1323 2587 1378 2608 om
1409 2576 1445 2608 G.
1469 2595 1514 2601 —-
1545 2575 1596 2631 μὴ
1623 2589 1674 2616 ως

245 2629 287 2661 pr
300 2630 334 2651 π.
351 2637 392 2644 -
415 2621 436 2651 2
452 2618 579 2659 λευκὸς
599 2619 798 2676 Σωκράτης
820 2620 870 2651 bis
884 2631 922 2665 g.
942 2640 983 2645 —
1007 2622 1027 2654 3
1053 2618 1142 2654 αὐτό
1160 2617 1209 2664 μὴ
1228 2618 1303 2654 oin&
1328 2620 1397 2654 τοῦ
1413 2618 1533 2655 αὐτοῦ
1546 2620 1618 2665 οὐχ
1632 2623 1670 2656 C·

245 2680 290 2686 —-
307 2663 328 2695 4
343 2659 417 2696 ἀλλ’
431 2662 542 2708 ἔσται]
563 2663 670 2706 ἐστιν,
686 2663 762 2699 ἀλλ’
784 2663 922 2721 ἔστινῙ.
937 2684 979 2690 -
1004 2663 1059 2708 δε]
1073 2663 1168 2707 μενί.
1185 2683 1228 2690 -
1251 2665 1273 2698 8
1290 2665 1358 2710 μιᾷ
1374 2663 1579 2709 καταφάσει
1604 2667 1672 2709 μία

245 2704 433 2763 ἀπόφασις
443 2710 530 2742 Anu.
540 2729 582 2734 —
594 2710 614 2742 9
629 2710 691 2744 καὶ
708 2707 783 2744 ὅτι
819 2704 994 2744 unfit-atro
1012 2721 1114 2754 supra
1136 2722 1174 2742 vs
1192 2719 1229 2753 g.
1245 2699 1348 2743 -αἱ
1349 2721 1404 2742 om
1425 2721 1453 2743 e.
1465 2728 1510 2737 -
1535 2713 1577 2745 10
1592 2711 1668 2755 καὶ]

246 2751 309 2786 καὶ
324 2749 542 2790 υπεναντίαι
559 2754 622 2789 καὶ
641 2766 680 2799 g.
704 2773 747 2780 -
772 2767 886 2789 αυται
902 2754 1064 2801 εἴρηται·
1087 2753 1150 2790 καὶ
1170 2754 1429 2798 ABCdefnubg.
