1734 3100
151 205 230 245 506
666 206 914 251 Analytlca
944 206 1116 250 priora.

151 302 243 342 dem
269 303 378 344 ratio
406 309 467 343 est
489 304 780 357 propositionis
807 301 859 342 de
891 309 1014 356 parte
1046 304 1315 356 affirmantis,
1352 306 1403 343 37
1430 306 1621 357 negantis

151 365 204 404 de
228 370 339 424 toto,
364 368 420 405 ,40
445 366 637 417 negantis
664 365 716 404 de
739 370 875 417 parte.

148 431 294 469 62:137
320 426 387 469 ἐπὶ
411 431 490 468 τοῦ
516 427 685 478 πρώτου
713 427 920 479 σχήματος
945 431 986 467 et
1011 429 1098 468 b24
1124 426 1191 468 ἐπὶ
1205 427 1293 469 τῶν
1307 427 1622 481 προειρημένων

201 491 250 530 ad
279 505 325 531 ea
350 492 563 542 respiciunt
588 504 686 542 quae
714 492 938 531 dictasunt
963 492 1308 532 61b39—-62a8,

148 555 236 593 628
250 557 301 592 39
325 552 430 593 ἀλλὰ
456 551 579 593 παντὶ
604 552 790 607 ὑπῆρχεν
816 559 855 594 et
880 556 965 594 bn
992 553 1080 594 ἄλλ’
1109 553 1250 596 οὐδενὶ
1275 554 1472 609 ὑπῆρχεν.
1509 556 1621 595 Haec

199 618 302 655 enim
330 629 515 655 concessa
543 623 666 665 erant,
695 619 797 657 unde
824 622 930 668 patet
956 618 1099 668 aliquid
1128 620 1286 658 absurdi
1313 625 1488 659 coactum
1517 631 1619 658 esse.

198 679 346 718 Locum
373 684 508 719 tenent
533 681 632 719 haec
660 682 777 719 verba
805 693 939 719 eorum
967 693 1066 731 quae
1091 682 1197 721 facto
1224 683 1452 734 syllogismo
1473 682 1620 721 addere

199 742 299 781 solet
323 745 450 783 τοῦτο
480 741 520 782 δ’
547 741 772 783 ἀδύνατον.

253 845 352 899 Gap.
387 847 451 888 13.
517 847 569 887 In
607 847 738 887 tertia
762 849 908 900 figura
947 851 987 885 et
1022 848 1321 899 propositiones
1359 849 1619 901 affirmantes

146 910 197 947 14
226 914 267 948 et
294 914 497 962 negantes
530 923 610 962 per
649 909 869 949 absurdum
897 908 1251 959 demonstrantur,
1291 912 1342 950 25
1375 910 1617 964 Gomplecti-

145 978 216 1010 tur
243 986 349 1025 quae
378 974 573 1025 colligere
599 973 726 1011 liceat
755 984 807 1010 ex
834 985 951 1024 capp.
979 974 1147 1012 11—13.

143 1058 288 1096 62b11
316 1055 421 1107 πρὸς
446 1056 494 1096 τὸ
521 1054 603 1095 τινὶ
630 1060 670 1094 et
695 1054 802 1105 πρὸς
826 1053 874 1096 τὸ
902 1053 959 1109 μὴ
984 1055 1122 1096 παντί.
1175 1057 1232 1096 Ut
1257 1057 1512 1097 concludatur
1525 1068 1617 1108 pro-

195 1119 339 1170 positio
365 1120 415 1158 de
443 1124 554 1171 parte
582 1120 803 1170 affirmans,
831 1121 908 1159 AB
935 1122 1034 1160 sumi
1061 1121 1178 1161 debet
1204 1120 1431 1159 universalis
1458 1132 1618 1170 negans,

194 1187 239 1221 ut
265 1182 520 1222 concludatur
546 1195 691 1235 negans
719 1185 770 1223 de
796 1189 929 1235 parte,
967 1184 1066 1222 sumi
1103 1184 1222 1223 debet
1249 1183 1476 1222 universalis
1503 1182 1618 1222 affir-

194 1258 315 1284 mans.

139 1309 292 1348 62b27
320 1307 531 1348 δείκνυταί
556 1321 656 1356 πως.
711 1309 788 1348 Per
813 1310 1023 1348 absurdum
1060 1309 1346 1348 demonstratur
1381 1309 1418 1347 in
1447 1307 1616 1346 secunda

193 1371 317 1422 figura
342 1373 559 1424 propositio
595 1373 821 1423 affirmans,
858 1385 957 1423 quae
994 1385 1066 1424 per
1099 1372 1317 1422 simplicem
1346 1371 1614 1422 syllogismum

192 1435 389 1474 secundae
415 1436 564 1486 figurae
590 1436 747 1487 probari
774 1449 849 1474 non
878 1440 1054 1487 poterat:
1087 1435 1179 1474 item
1207 1435 1246 1474 in
1274 1435 1390 1475 tertia
1416 1435 1615 1474 universa-

192 1498 260 1547 lis,
300 1511 414 1548 quam
444 1511 517 1550 per
542 1499 760 1549 simplicem
787 1499 926 1538 tertiae
950 1498 1100 1549 figurae
1134 1499 1404 1550 syllogismum
1431 1497 1616 1549 colligere

191 1574 268 1601 non
295 1560 447 1602 licebat.

257 1663 357 1717 Gap.
391 1663 450 1702 14.
504 1665 740 1703 Discrimen
768 1663 1130 1702 demonstrationis
1163 1669 1306 1703 rectae
1333 1669 1373 1703 et
1401 1662 1613 1703 deductio-

141 1727 207 1766 nis
235 1726 290 1765 ad
319 1726 552 1765 absurdum.
599 1730 651 1765 38
680 1726 796 1776 Quod
825 1725 880 1764 ad
908 1726 1127 1766 absurdum
1164 1727 1382 1767 deducitur
1409 1728 1453 1766 in
1475 1727 1614 1780 prima

129 1792 301 1843 figura,
341 1789 385 1828 id
421 1796 540 1829 recta
568 1790 873 1829 demonstratur
901 1789 945 1827 in
971 1789 1177 1838 secunda,
1218 1791 1256 1829 si
1286 1791 1514 1844 propositio
1542 1790 1612 1830 de-

138 1853 409 1892 monstranda
438 1859 497 1892 est
524 1866 705 1905 negans,
733 1853 779 1891 in
805 1854 957 1901 tertia,
984 1854 1022 1891 si
1050 1855 1276 1906 affirmans.
1319 1856 1464 1893 63a25
1495 1853 1613 1904 Quod

140 1915 184 1953 in
210 1915 393 1954 secunda
421 1916 477 1955 ad
505 1915 722 1955 absurdum
749 1915 991 1965 deducitur,
1020 1915 1064 1954 id
1090 1922 1210 1955 recta
1237 1916 1541 1956 demonstratur
1567 1918 1613 1956 in

136 1980 305 2032 prima;
345 1981 397 2017 40
425 1979 532 2032 quod
568 1980 614 2018 in
640 1980 793 2027 tertia,
832 1980 877 2017 in
898 1980 1038 2032 prima
1064 1978 1390 2027 demonstratur,
1428 1981 1466 2018 si
1494 1982 1610 2034 affir-

137 2047 225 2081 mat
253 2041 362 2094 quod
390 2042 751 2081 demonstrandum
779 2046 853 2086 est,
883 2042 928 2080 in
955 2043 1098 2088 tertia,
1126 2041 1164 2079 si
1177 2047 1316 2094 negat.
1362 2042 1450 2081 b12
1474 2042 1610 2093 Quod-

139 2118 297 2158 cunque
324 2106 453 2157 igitur
475 2118 554 2157 per
582 2104 799 2144 absurdum
818 2104 1021 2157 probatur
1050 2105 1176 2144 etiam
1210 2111 1329 2146 recta
1357 2105 1610 2146 demonstra-

138 2174 208 2209 tur
237 2174 278 2208 et
304 2171 394 2208 vice
421 2181 550 2224 versa.

137 2254 286 2294 62b32
311 2252 485 2306 ἀληθῶν
508 2257 598 2291 ante
624 2249 913 2302 λαμβάνουσι,
951 2264 1070 2302 quum
1106 2257 1148 2292 et
1174 2254 1443 2306 explicationis
1471 2258 1512 2294 et
1539 2267 1610 2307 op-

188 2317 395 2368 positionis
423 2330 540 2355 causa
568 2314 745 2364 (ψεΰδος
771 2328 826 2355 vs.
843 2317 912 2361 31)
941 2315 1131 2355 intrusum
1166 2317 1365 2366 videatur,
1401 2319 1610 2358 eiecimus:

188 2392 315 2430 neque
342 2381 444 2418 enim
472 2392 606 2418 verum
636 2384 698 2419 est
722 2377 800 2431 τὴν
826 2376 1034 2431 δεικτικὴν
1059 2393 1108 2418 ex
1143 2381 1475 2433 propositionibus
1506 2381 1609 2421 veris

190 2443 326 2493 utique
350 2443 533 2492 colligere
558 2444 662 2493 quod
689 2443 801 2482 velit:
838 2454 924 2481 nam
954 2443 1258 2483 demonstratum
1287 2449 1347 2483 est
1373 2456 1484 2495 capp.
1503 2445 1609 2483 2—4

190 2506 310 2544 etiam
338 2518 361 2544 e
395 2506 507 2544 falsis
542 2506 629 2544 fieri
669 2517 786 2556 posse
814 2518 945 2543 veram
981 2506 1293 2555 conclusionem3
1331 2519 1456 2557 neque
1490 2507 1608 2545 verba

190 2565 232 2616 ἐξ
258 2566 612 2620 ὁμολογουμένων
638 2566 798 2608 θέσεων
822 2567 994 2619 ἀληθῶν
1020 2569 1074 2608 ita
1100 2570 1348 2620 interpretari
1373 2569 1526 2617 licebit,
1563 2574 1608 2610 ut

189 2631 410 2681 significent
436 2632 723 2684 propositiones
752 2644 851 2683 quae
876 2645 949 2684 pro
976 2633 1077 2671 veris
1105 2645 1314 2671 concessae
1350 2632 1451 2680 sint,
1489 2633 1606 2672 etiam

188 2694 223 2734 si
248 2706 326 2733 non
353 2695 439 2734 siut.
457 2707 596 2734 verae:
623 2707 710 2734 nam
737 2695 778 2735 in
803 2697 879 2735 hac
904 2708 949 2734 re
967 2708 1043 2735 uon
1061 2695 1259 2743 differunt,
1287 2694 1357 2734 sed
1377 2696 1608 2736 conveniunt

190 2756 376 2797 deductio
404 2761 447 2796 et
473 2758 767 2799 demonstratio.
818 2759 949 2799 Unum
974 2759 1096 2811 igitur
1121 2758 1302 2799 relictum
1322 2762 1403 2808 est,
1429 2762 1473 2799 ut
1498 2759 1606 2799 dica-
