1734 3100
175 207 253 247 452
690 207 933 252 Anulytlca
968 207 1138 251 priora.

220 303 384 344 diversa
403 307 443 344 et
465 303 680 343 contraria:
708 304 819 343 cuius
841 304 901 343 rei
927 315 1045 342 causa
1064 304 1210 357 duplex
1227 307 1304 355 est,
1331 316 1421 352 una,
1448 302 1553 354 quod
1573 307 1652 342 ter-

229 368 355 406 minus
382 367 535 406 medius
564 367 627 405 eit
653 367 720 417 qui
748 366 966 419 quaeritur,
995 365 1130 415 altera,
1158 368 1288 419 quod,
1306 367 1423 406 etiam
1445 366 1480 405 si
1502 363 1656 404 dirersa

229 432 436 469 sumuntur
463 434 503 467 et
529 429 733 478 contraria,
760 429 1002 469 reducuntur
1026 431 1075 468 ad
1094 431 1257 470 eandem
1283 428 1576 476 demonstrandi
1593 440 1656 466 ra-

231 492 379 531 tionem
406 503 521 540 quam
540 491 658 530 modo
675 492 787 531 nobis
807 488 980 533 tradidit.
1035 493 1151 542 Quod
1172 496 1216 532 ut
1236 494 1494 539 demonstret,
1523 502 1657 529 exem-

230 555 339 606 plum
375 552 491 591 affert
528 555 702 601 (45:14).
770 554 812 593 Si
847 556 892 593 iis
929 567 1031 605 quae
1067 556 1345 607 praedicantur
1373 553 1450 601 (Β)
1489 553 1539 592 de
1576 557 1658 591 ter-

231 617 336 654 mino
362 615 403 653 A
429 627 477 654 ea
502 628 603 666 quae
630 616 904 668 praedicantur
931 618 1010 665 (Z)
1038 617 1089 655 de
1116 618 1282 655 termino
1309 618 1352 655 E
1377 617 1431 653 ita
1458 613 1656 667 contraria

183 689 186 692 ’
232 681 340 724 sunt,
367 680 414 716 ut
436 678 487 716 de
513 679 654 717 eodem
680 680 924 730 pronuntiari
948 683 1156 729 nequeant,
1184 679 1383 718 terminus
1397 678 1433 717 Β
1452 677 1558 715 idem
1581 664 1659 714 erit

182 776 184 778 ,
232 741 299 792 qui
327 741 377 781 Θ.
439 739 539 779 Νιιιιι
568 742 604 780 Ζ
630 741 879 793 praedicatur
906 742 956 780 de
983 743 1036 790 E,
1073 742 1109 780 Β
1149 742 1267 791 igitur
1305 753 1382 779 non
1417 738 1659 791 praedicabi-

231 807 296 842 tur
331 803 470 843 ‹le-E:
494 816 612 854 quae
649 808 778 843 autem
815 816 892 843 non
918 807 1086 854 possunt
1120 803 1224 842 edici
1251 803 1301 842 de
1327 802 1495 841 termino
1523 801 1576 850 Ε,
1613 812 1660 838 ea

230 866 513 918 'appellavimus
543 866 602 905 Θε
630 878 751 916 quare
777 866 852 904 erit
879 865 915 903 Β
931 882 993 897 =
1016 865 1062 904 Θ.
1085 892 1090 895 -

181 930 300 967 4529
326 928 457 967 Locus
485 929 617 966 multis
646 927 947 967 difficultatibus
975 928 1200 969 obstructus
1227 928 1275 967 ab
1297 925 1578 979 interpretibus
1597 922 1660 963 vel

231 991 356 1042 magis
394 990 594 1029 confusus.
664 990 699 1028 Ε
737 990 867 1030 verbis
905 991 1117 1030 Alexandri
1144 991 1295 1038 (schol.
1326 991 1513 1035 nsaw)
1550 990 1662 1039 patet

232 1065 292 1092 vs.
315 1053 366 1091 12
393 1054 483 1091 'eum
511 1052 658 1104 aliquid
694 1065 808 1091 secus
842 1054 1028 1093 habuisse
1065 1058 1183 1104 atque
1216 1054 1412 1104 reperitur
1448 1052 1490 1107 *in
1516 1050 1661 1090 nostris

233 1114 342 1155 libri
355 1115 372 1152 ι’
402 1115 508 1165 quod
547 1115 645 1154 nihil
683 1115 789 1154 aliud
817 1128 908 1155 esse
946 1113 1080 1167 potest
1116 1129 1233 1167 quam
1270 1115 1461 1154 terminus
1490 1107 1548 1162 H,
1587 1124 1662 1165 pro

234 1190 312 1228 quo
339 1177 456 1226 codd.
477 1176 554 1215 Bu·
574 1178 933 1230 priuswhabuerunt
949 1179 992 1217 E
999 1193 1010 1226 ;
1039 1191 1151 1228 quam
1181 1178 1338 1229 quidem
1365 1177 1573 1216 lectionem
1598 1187 1663 1213 re-

236 1240 404 1280 stituere
430 1252 508 1278 non
536 1240 822 1279 dubitavimus:
852 1253 1086 1291 quamquam
1114 1240 1218 1279 enim
1241 1240 1464 1280 Alexander
1490 1251 1575 1277 eam
1600 1249 1664 1276 re-

234 1303 377 1342 iecisse
411 1302 586 1351 videtur,
636 1307 765 1342 tamen
798 1303 1003 1355 pristinam
1046 1316 1133 1342 eam
1168 1303 1294 1342 fuisse
1332 1307 1373 1341 et
1407 1300 1498 1340 inde
1533 1299 1664 1351 colligi

234 1368 381 1418 potest,
422 1365 527 1414 quod
560 1368 654 1415 post
682 1365 948 1404 Alexandrum
986 1366 1053 1416 qui
1080 1366 1165 1404 eius
1193 1355 1423 1404 auctoritati
1441 1364 1562 1403 fidem
1589 1363 1661 1401 ha-

234 1429 377 1467 berent
405 1426 561 1467 codices
588 1427 658 1466 Bu
685 1429 958 1478 corrigendum
995 1428 1257 1467 iudicaverint
1285 1427 1337 1466 H
1355 1439 1428 1478 pro
1455 1427 1507 1475 E,
1546 1429 1587 1465 et
1614 1436 1664 1464 ex

233 1490 284 1529 iis
312 1503 414 1540 quae
443 1491 614 1585 legimus
651 1491 756 1540 apud
783 1490 1071 1532 Alexandrum:
1114 1489 1201 1530 ἀλλ’
1230 1488 1344 1566 ἔσται
1370 1488 1665 1541 συναγόμενον

233 1615 296 1669 τῷ
319 1613 397 1666 μὲν
413 1615 454 1653 Α
479 1611 607 1653 παντὶ
632 1591 852 1665 ὑπάρχειν,
877 1617 935 1665 τῷ
962 1611 1009 1654 δὲ
1035 1615 1077 1654 Ε
1101 1613 1185 1654 τινὶ
1209 1614 1307 1667 μή.
1354 1613 1478 1654 ,ἐπεὶ
1498 1613 1545 1654 δὲ
1564 1612 1664 1664 ἄλη-

233 1676 310 1725 θές
335 1675 420 1717 ἐστι
445 1675 494 1717 τὸ
522 1674 590 1717 ἐπὶ
615 1673 772 1727 μέρὸυς
799 1676 1067 1727 ἀποφατικὸν
1093 1676 1165 1717 καὶ
1191 1676 1263 1717 διὰ
1283 1676 1339 1717 τὸ
1350 1676 1541 1718 καθόλου
1558 1675 1663 1716 ἄπο-

171 1759 174 1762 *
206 1746 208 1748 ’
233 1739 417 1793 φατικόν
443 1769 455 1781 .
475 1769 485 1779 .
506 1769 516 1779 .
544 1737 741 1791 κειμένου
782 1737 835 1791 δὴ
865 1743 950 1779 ’τοῦ
979 1740 1015 1779 Β
1052 1743 1109 1792 τῷ
1135 1738 1213 1790 μὲν
1239 1741 1280 1780 Α
1306 1738 1431 1781 παντὶ
1455 1743 1526 1792 ’τῷ
1553 1737 1599 1780 δὲ
1625 1740 1667 1778 Ε

233 1802 316 1844 τινὶ
343 1802 414 1855 μή,
426 1820 438 1843 ς
449 1800 610 1853 γίνεται
646 1801 826 1854 συζυγία
847 1799 910 1842 ’ἐν
947 1801 1129 1856 δευτέρῳ
1155 1803 1332 1856 σχήματι
1358 1802 1387 1856 ἡ
1414 1802 1484 1844 διὰ
1509 1805 1584 1856 τῆς
1609 1801 1667 1849 εἰς

234 1865 451 1906 ἀδύνατον
487 1864 718 1919 ἀπαγωγῆς
755 1864 1011 1906 δεικνύουσα
1045 1866 1111 1906 τὸ·
1120 1869 1161 1907 Α
1194 1859 1252 1906 ‘reb'
1290 1869 1347 1907 E·
1365 1865 1423 1920 μὴ
1460 1859 1664 1918 ὑπάρχον.

206 1954 209 1956 -
236 1928 365 1976 αὐτὸς
392 1927 438 1968 δὲ
465 1927 560 1968 αντὶ
587 1931 665 1969 τοῦ
692 1927 775 1968 τινὶ
801 1927 858 1980 μὴ
886 1928 933 1969 τὸ
960 1927 1108 1988 μηδενὶ
1135 1928 1255 1980 ἔλαβε
1283 1930 1354 1971 διὰ
1379 1929 1430 1970 τὰ
1457 1928 1666 1982 εἰρημένα.
1685 1946 1687 1948 ·

233 1987 364 2033 Aliam
392 1991 703 2042 explicationem
711 1992 922 2030 Alexandri
941 2003 996 2029 ν.-
1008 1992 1046 2031 ἰη
1069 1984 1193 2031 schol.
1219 1995 1377 2041 17839,
1406 1995 1474 2032 ubi
1492 2006 1564 2044 pro
1582 1990 1668 2032 ’τινὶ

236 2051 315 2105 ὸύχ
341 2054 427 2093 sine
454 2053 575 2093 dubio
602 2053 811 2106 legendum
838 2054 912 2092 erit
939 2053 1094 2106 οὐδενί,
1122 2055 1229 2105 quod
1247 2059 1410 2106 apparet
1430 2068 1479 2094 ex
1498 2055 1547 2093 iis
1564 2048 1667 2104 quae

234 2117 417 2175 proxime
451 2116 695 2166 praecedunt
732 2117 853 2155 verba
888 2129 911 2154 a
948 2116 1155 2156 Brundisio
1183 2118 1388 2167 exscripta
1416 2116 1507 2165 (fol.
1530 2119 1621 2165 129,
1640 2117 1666 2156 b

234 2180 336 2219 lunt.
356 2174 503 2225 1521)·
544 2176 581 2217 εἰ
607 2177 672 2229 εἴη’
697 2177 891 2230 κείμενον
929 2169 962 2232 ᾧ
989 2182 1049 2231 τῷ
1075 2180 1171 2231 (leg.
1200 2176 1269 2228 τὸ)
1300 2180 1352 2219 Η
1370 2176 1453 2219 τινὶ
1478 2177 1668 2232 ὑπάρχει,

237 2241 394 2293 τούτῳ
410 2237 559 2291 μηδενὶ
595 2239 643 2281 τὸ
671 2241 720 2290 Β,
758 2237 871 2280 ἔσται
903 2241 951 2282 τὸ
988 2234 1065 2294 μὲν
1092 2243 1147 2281 Β
1143 2245 1212 2294 τῷ
1243 2234 1279 2282 Θ
1314 2242 1470 2282 ταύτὸν
1495 2240 1567 2282 και
1592 2249 1667 2283 κοί-

224 2303 376 2363 Δθόλόυ
402 2301 643 2357 ἀποφατικὴ
670 2319 697 2357 η
685 2303 792 2345 ΒΕ
810 2303 1019 2356 πρότασις
1043 2303 1116 2346 καὶ
1140 2301 1189 2345 τὸ
1214 2303 1498 2373 συμπέρασμα
1513 2304 1668 2358 ὁμοίως

238 2369 306 2409 τὸ
315 2360 398 2407 ΑΕ
430 2366 624 2407 καθόλου
661 2367 940 2419 αποφατικόν.
998 2369 1182 2427 Namque
1219 2370 1254 2407 si
1291 2369 1491 2414 seriamus
1528 2369 1675 2407 lectio-·

238 2445 332 2479 nem
367 2443 490 2482 quam
508 2431 733 2475 Alexander
767 2432 902 2471 habuit
928 2444 985 2472 vs.
1010 2433 1079 2471 12
1092 2432 1154 2470 Ε
1164 2429 1329 2481 οὐδενί,
1358 2428 1431 2470 aut
1457 2414 1667 2470 dicendum

241 2495 318 2536 erit
342 2490 429 2535 τινὶ,
452 2492 530 2545 οὐχ
557 2507 613 2533 vs.
629 2497 680 2533 10
705 2495 878 2548 positum
905 2507 995 2534 esse
1022 2503 1095 2546 pro
1121 2491 1529 2535 offievi.-a11t·oz36:v2.
1547 2495 1667 2533 vs.-l2

238 2562 312 2609 pro
338 2554 423 2596 τινὶ
449 2557 513 2596 οὔ.
556 2556 772 2597 Sententia
797 2557 1149 2597 Aristotelis·haec
1176 2551 1261 2596 θεῖ’
1311 2557 1505 2596 Ponamus
1531 2556 1666 2595 ter‘mi-
1707 2560 1710 2562 ’

241 2632 313 2660 nos
340 2619 378 2659 Β
406 2622 447 2659 et
473 2619 527 2658 H
541 2621 600 2659 ita
627 2621 878 2675 comparatos
901 2633 1003 2666 esse,
1032 2627 1077 2659 ut
1103 2621 1154 2659 'de
1180 2608 1320 2662 eodem
1346 2618 1569 2670 praedicari
1595 2630 1666 2657 ne-

243 2683 407 2733 queant:
444 2683 697 2733 praedicatur
728 2687 860 2723 autem
887 2684 930 2723 Ε
954 2683 1005 2722 de
1032 2675 1148 2738 οιιιιιί
1157 2682 1221 2731 H
1256 2675 1361 2721 unde
1397 2681 1515 2721 etiam
1544 2680 1593 2720 H
1615 2680 1667 2727 de
1718 2705 1720 2707 -

243 2741 373 2795 aliquo
399 2739 460 2796 Ε,
490 2745 527 2786 Β
562 2745 686 2799 igitur
720 2746 887 2798 (quippe
921 2745 1026 2797 quod
1062 2734 1226 2797 negetur
1260 2743 1312 2785 'de
1339 2745 1478 2786 eodem
1508 2745 1559 2785 de
1586 2755 1664 2796 quo
