1722 3126
207 212 259 250 12
533 214 593 247 De
627 213 871 247 codicibus
901 213 1082 257 graecis
1105 213 1298 259 Organi.

277 308 435 342 *Mara
458 307 545 342 257
576 309 696 342 bomb.
728 308 760 341 4.
792 319 886 342 saec.
911 309 970 343 XV
993 309 1056 342 fol.
1081 308 1150 343 255
1168 326 1214 335 —-
1230 309 1298 343 275
1329 311 1621 344 commentarium

209 363 320 396 habet
341 363 416 396 sine
440 365 595 397 auctoris
618 363 759 396 nomine
782 363 818 396 in
840 363 902 396 lib.
928 364 971 397 de
1002 364 1088 407 intp.
1133 365 1206 398 Inc.
1229 363 1300 410 πρὸ
1324 365 1388 408 τῆς
1410 364 1504 403 κατὰ
1527 363 1621 406 λέξιν

211 416 411 461 ἐξηγήσεως
433 419 501 452 τοῦ
526 418 607 462 περὶ
632 417 819 461 ἑρμηνείας
843 418 982 463 βιβλίου
1008 418 1215 462 ζητήσωμεν
1239 419 1285 453 τὰ
1306 417 1346 460 ἓξ
1367 420 1486 453 ταῦτα
1508 418 1621 462 κεφά-

208 475 308 508 λαια.
355 473 503 506 Acidum
529 473 706 516 quoddam
731 477 925 507 atramento
949 475 1143 507 admixtum
1166 474 1276 507 fuisse
1293 475 1444 516 videtur,
1466 478 1505 508 ut
1527 476 1622 508 bona

209 539 291 572 pars
314 530 364 572 (e.
390 541 419 561 c.
445 528 582 561 scholia
605 528 650 560 ad
675 528 716 560 16
735 529 758 561 b
777 528 822 562 26
838 546 882 554 -
905 528 949 561 19
970 530 992 561 b
1012 529 1051 570 5)
1074 529 1147 574 legi
1170 533 1339 573 nequeat:
1364 530 1503 563 acidum
1528 529 1623 563 enim

208 584 391 617 dimidiam
416 588 553 626 partem
578 584 724 616 chartae
748 584 952 628 denigratae
983 584 1127 617 abstulit
1159 588 1193 617 et
1217 595 1306 627 quae
1328 585 1464 628 reliqua
1486 589 1565 618 sunt
1585 585 1622 618 in

209 639 302 672 diem
338 639 456 682 magis
485 643 766 681 corrumpuntur.
819 639 921 671 Duae
944 638 1138 673 Aristotelis
1160 639 1256 673 vitae
1279 644 1423 673 auctore
1446 644 1621 684 anonymo

208 693 303 726 hunc
319 693 610 726 commentarium
629 697 835 736 sequuntur,
861 705 950 736 quae
974 694 1008 727 in
1030 696 1147 728 lucem
1170 696 1316 728 edentur
1340 705 1362 728 a
1385 695 1544 736 Cobetio‚
1566 695 1621 728 iu·

207 759 297 782 vene
321 748 521 781 doctissimo
545 749 704 791 mihique
728 749 953 782 amicissimo.

296 804 436 836 Marc.
461 803 543 836 524
565 804 686 836 bomb.
711 803 744 836 4.
774 815 868 838 saec.
891 805 972 838 xlv
1002 804 1066 838 fol.
1100 804 1252 838 40—45
1290 805 1505 839 διδασκαλία
1538 803 1623 839 σύν-

207 869 319 900 τομος
341 858 402 892 καὶ
426 858 634 902 σαφεστάτη
658 859 741 903 περί
771 871 808 893 τε
839 860 913 892 τῶν
945 857 1033 893 δέκα
1056 860 1282 904 κατηγοριῶν
1304 860 1366 894 καὶ
1387 861 1461 893 τῶν
1481 857 1623 904 προτά-

208 924 300 948 σεων
317 912 380 947 καὶ
398 914 471 947 τῶν
488 914 734 956 συλλογισμῶν
752 913 835 958 περὶ
850 908 902 947 ὦν
917 927 971 952 τις
988 914 1248 959 προδιδαχθεὶς
1268 915 1318 954 εἰς
1340 915 1462 948 πᾶσαν
1482 914 1548 958 μὲν
1561 913 1623 948 καὶ

208 966 318 1011 ἄλλην
343 967 542 1011 ἐπιστήμην
565 968 626 1002 καὶ
651 967 778 1011 τέχνην
803 967 990 1012 ἐξαιρέτως
1018 968 1057 1003 δὲ
1082 970 1133 1009 εἰς
1157 969 1348 1015 ῥητορείαν
1373 968 1529 1008 εὐκόλως
1557 968 1622 1012 ἒμ-

207 1022 426 1069 πορεύσεται
449 1024 519 1057 τοῦ
541 1020 742 1068 ’ὑπερτίμου
766 1026 895 1068 κυρίου
921 1023 1070 1068 Μιχαὴλ
1093 1025 1159 1058 τοῦ
1192 1026 1342 1059 Ψελλοῦ.
1397 1027 1468 1059 lnc.
1496 1023 1622 1068 ἐπειδή

206 1090 301 1112 τισιν
326 1076 394 1112 ου’·»ι
421 1075 491 1111 οἷδ’
517 1075 609 1112 ὅθεν
634 1078 760 1112 εἰπεῖν.
808 1080 973 1122 Sequitur
996 1077 1151 1122 σύνοψις
1173 1081 1233 1114 καὶ
1263 1079 1490 1124 μετάφρασις
1512 1091 1622 1124 σαφε-

207 1132 320 1177 στάτη
344 1133 411 1172 τῆς
433 1134 669 1172 διδασκαλίας
690 1134 759 1167 τοῦ
782 1134 864 1179 περι
889 1133 1086 1179 ἑρμηνείας,
1109 1146 1199 1178 quae
1222 1135 1361 1180 integra
1384 1137 1473 1170 inest
1489 1137 1524 1169 in
1545 1136 1621 1169 cod.

206 1189 336 1222 Christ.
371 1189 463 1232 Reg.
497 1188 563 1221 116
596 1189 639 1221 de
663 1199 733 1231 quo
759 1190 804 1222 cf.
832 1190 981 1223 Brandis
1006 1190 1040 1223 in
1065 1191 1184 1223 Abhh.
1210 1191 1272 1223 der
1295 1191 1392 1225 Berl.
1416 1192 1528 1225 Akad.
1553 1202 1623 1225 von

208 1243 309 1278 1831.
357 1245 558 1286 Sequuntur
581 1254 698 1286 pauca
724 1246 900 1287 quaedam
924 1246 968 1278 de
991 1245 1220 1290 syllogismis.

297 1299 435 1332 Marc.
467 1300 573 1341 App.
608 1300 676 1342 lv,
710 1299 761 1331 12
804 1305 946 1342 praeter
977 1301 1152 1333 Ammonii
1183 1302 1454 1335 commentarios
1484 1301 1624 1346 singula

208 1355 384 1398 quaedam
408 1354 546 1386 scholia
569 1355 681 1387 habet
706 1354 805 1387 varia
829 1355 875 1388 ad
898 1355 1054 1399 logicam
1077 1357 1286 1399 spectantia.

297 1410 435 1443 Marc.
471 1410 581 1452 App.
615 1410 688 1451 IV,
721 1409 744 1443 8
775 1413 916 1452 praeter
947 1410 1017 1442 duo
1051 1411 1270 1454 exemplaria
1302 1411 1546 1444 commentarii
1576 1411 1622 1444 ab

206 1465 408 1498 Alexandro
431 1464 465 1496 in
489 1465 590 1507 soph.
618 1467 662 1498 el.
687 1464 876 1507 conscripti
904 1466 1015 1498 habet
1045 1467 1183 1499 scholia
1214 1477 1390 1510 anonyma
1415 1466 1451 1499 in
1480 1467 1623 1499 eosdem

209 1520 274 1554 fol.
300 1519 367 1552 135
383 1538 425 1544 —
447 1519 522 1552 157.
568 1521 638 1552 Ine.
670 1518 748 1553 ἐπεὶ
782 1518 820 1552 δὲ
842 1520 903 1554 καὶ
927 1521 999 1554 τῶν
1026 1521 1246 1563 σοφιστικῶν
1269 1520 1471 1555 ἐπακοῦσαι
1491 1523 1625 1561 ποθεῖς

209 1573 431 1618 ἐνοχλήσεων
450 1573 689 1619 πειράσομαι,
715 1576 776 1608 fin.
804 1573 843 1608 τὸ
869 1572 1025 1619 ὄργανον
1049 1571 1077 1621 ᾦ
1100 1578 1262 1619 κλείομεν
1285 1575 1351 1614 τὰς
1374 1575 1496 1622 θύρας
1511 1575 1625 1621 κόραξ

209 1630 316 1665 ἐστίν.
363 1630 448 1662 Post
473 1630 617 1663 brevem
641 1631 861 1674 singulorum
892 1631 1150 1673 sophismatum
1186 1632 1456 1676 expositionem,
1485 1633 1523 1665 in
1555 1643 1625 1675 qua

207 1685 297 1719 nihil
321 1685 405 1717 novi
428 1685 546 1728 reperi
575 1686 643 1718 nisi
679 1686 772 1728 quod
803 1686 847 1718 ad
872 1685 938 1718 166
954 1697 975 1719 a
992 1687 1033 1718 14
1058 1691 1201 1729 quartus
1231 1689 1358 1720 modus
1381 1687 1624 1730 amphiboliae

207 1740 391 1775 adiicitur:
416 1739 585 1784 τέταρτος
611 1738 651 1774 δὲ
675 1738 694 1773 ὁ
721 1738 972 1785 ἀντιστρόφως
995 1741 1114 1786 τούτῳ
1138 1743 1205 1787 (τῷ
1229 1743 1354 1788 τρίτῳ)
1371 1741 1459 1785 ἔχων
1475 1740 1566 1775 ὅταν
1579 1738 1621 1776 τό

206 1795 272 1840 μὲν
297 1794 478 1828 σύνθετον
497 1793 539 1828 ἓν
563 1796 718 1840 σημαίνῃ
749 1794 797 1834 ὥς
829 1794 871 1829 τὸ
903 1792 1103 1841 ἅνθρωπος
1125 1796 1272 1841 νεκρός,
1302 1795 1563 1842 κεχωρισμένον
1585 1795 1625 1831 δὲ

205 1851 394 1892 πολλαχῶς
424 1848 615 1893 λεγόμενον
645 1847 802 1895 ὑπάρχῃ.
848 1851 967 1894 Ipsam
1000 1852 1270 1895 explicationem
1301 1853 1473 1895 interpres
1503 1853 1625 1896 incipit

206 1918 229 1940 a
252 1906 369 1949 capite
394 1905 448 1937 19.
495 1906 690 1949 Catalogus
714 1907 807 1938 haec
829 1906 968 1939 scholia
992 1908 1169 1949 epitomen
1194 1919 1270 1940 esse
1297 1908 1381 1940 dicit
1405 1911 1623 1941 commenta-

206 1961 251 1994 rii
277 1962 323 1994 ab
349 1961 550 1993 Alexandro
575 1960 781 2002 compositi,
812 1971 902 2003 quae
939 1961 1078 2004 quidem
1113 1962 1266 2004 epitome
1289 1963 1339 1995 ita
1361 1962 1458 1995 facta
1482 1966 1553 2006 est,
1584 1966 1624 1996 ut

209 2020 333 2050 auctor
364 2026 608 2058 quaecumque
638 2015 837 2058 placuerint
875 2027 917 2048 ex
950 2017 1149 2050 Alexandro
1184 2017 1408 2060 descripserit
1437 2029 1481 2050 ne
1513 2019 1623 2051 verbo

208 2071 348 2115 quidem
374 2073 520 2103 mutato.

295 2126 334 2158 M
345 2136 393 2157 ar
405 2137 432 2157 c.
447 2125 475 2157 A
487 2137 508 2167 p
522 2137 556 2168 p.
569 2125 635 2166 IV,
650 2125 700 2158 62
722 2127 835 2159 chart.
849 2137 919 2159 rec.
943 2127 1091 2160 brevem
1111 2127 1197 2160 artis
1211 2127 1351 2171 logicae
1370 2128 1623 2171 expositionem

205 2180 317 2221 habet
348 2180 552 2213 scholastici
585 2180 766 2213 cuiusdam
799 2181 1005 2224 philosophi
1037 2182 1202 2225 bipartito
1234 2183 1402 2226 scriptam
1433 2194 1564 2227 graece
1588 2186 1623 2216 et

206 2236 326 2269 latine.
375 2237 447 2268 lnc.
481 2234 503 2277 ἦ
529 2234 652 2278 λογική
677 2230 770 2281 ᾗπερ
796 2236 1042 2280 ἐπιχειροῦμεν
1065 2239 1110 2282 τῇ
1137 2236 1308 2281 ἐξηγήσει.

294 2291 434 2324 Marc.
459 2291 565 2334 App.
590 2292 655 2332 IV,
684 2291 736 2324 37
768 2293 880 2325 chart.
904 2304 974 2325 rec.
1031 2293 1189 2337 Logicae
1220 2293 1373 2336 epitome
1404 2304 1493 2335 quae
1523 2291 1623 2325 initio

206 2349 314 2379 caret.
346 2345 408 2378 fin.
433 2345 495 2378 fol.
515 2344 579 2377 60:
623 2341 795 2385 ‹Bors'dig
820 2345 897 2380 εἶπε
922 2346 962 2380 τὸ
990 2348 1057 2393 ῥίς,
1080 2348 1197 2381 ταῦτα
1221 2346 1259 2381 δὲ
1283 2346 1404 2381 πάντα
1427 2346 1621 2390 σοφιστικοὶ

208 2402 287 2435 εἰσι.
334 2401 415 2433 Alia
439 2400 578 2444 logicae
602 2401 755 2443 epitome
779 2403 923 2436 brevior
945 2403 1007 2436 fol.
1029 2403 1084 2444 81,
1109 2406 1297 2446 sequuntur
1320 2413 1411 2445 quae
1430 2403 1622 2435 habuimus

208 2456 242 2488 in
266 2456 346 2487 cod.
371 2456 484 2488 Marc.
508 2454 576 2487 524
596 2455 837 2489 f01.40-45.
885 2458 1019 2490 Deinde
1043 2458 1114 2491 alia
1137 2459 1312 2500 quaedam
1336 2458 1379 2490 de
1403 2458 1622 2501 syllogismis

207 2511 281 2543 sine
307 2511 428 2543 ordine
450 2506 659 2554 conscripta.
693 2512 754 2544 fol.
770 2511 814 2544 98
834 2513 983 2557 Georgii
996 2513 1174 2546 Scholarii
1193 2512 1312 2556 logica
1329 2513 1505 2545 ed.Oxon.
1519 2512 1619 2545 1666.

306 2566 442 2598 Marc.
466 2565 550 2598 265
573 2567 723 2599 membr.
747 2565 777 2598 4.
804 2568 887 2600 min.
912 2579 1005 2600 saec.
1027 2570 1097 2608 XV,
1121 2567 1165 2600 cf.
1194 2569 1299 2600 catal.
1324 2580 1358 2610 p.
1375 2567 1443 2600 130
1468 2568 1544 2600 cod.
1561 2578 1619 2600 re-

207 2615 368 2662 scriptas·
415 2621 526 2653 Manu
548 2621 735 2654 recentiori
757 2621 792 2654 in
815 2622 930 2655 fronte
954 2623 1037 2655 libri
1059 2623 1234 2656 adiectum
1257 2626 1324 2655 est:
1359 2620 1528 2655 Ἰωάννου
1551 2623 1619 2656 τοῦ

209 2673 416 2718 φιλοσόφου
439 2676 506 2710 τοῦ
529 2672 665 2710 Ἰταλοῦ
689 2673 840 2720 ἀπορίαι
864 2677 926 2711 καὶ
949 2677 1077 2717 λύσεις.
1131 2677 1207 2710 Vici
1236 2677 1391 2712 taedium
1422 2678 1512 2720 quod
1535 2688 1619 2719 per-

208 2730 342 2774 legenti
363 2730 423 2762 hic
447 2731 538 2764 liber
560 2732 658 2766 facit.
705 2733 805 2776 Quae
823 2743 866 2765 ex
884 2744 926 2765 eo
946 2733 1089 2767 enotavi
1104 2732 1163 2765 hic
1186 2733 1339 2768 inserere
1357 2732 1464 2775 volui,
1490 2731 1572 2774 quia
1583 2731 1617 2765 in

208 2786 373 2828 scholiis,
406 2796 497 2829 quae
530 2788 677 2832 collegi,
711 2789 829 2821 locum
852 2788 987 2822 habere
1010 2789 1069 2823 vix
1091 2790 1264 2831 poterant.
1322 2788 1422 2831 Quae
1445 2788 1481 2822 in
1506 2787 1617 2821 schol.
