1780 3100
253 202 334 244 878
779 203 1034 248 Analytica
1055 205 1230 248 priora.

309 299 411 351 (114)
439 313 460 339 a
488 301 598 339 nobis
628 300 801 338 deletum
830 301 881 339 sit
908 300 1156 339 manifestum
1186 305 1269 339 est:
1296 302 1492 340 adiectum
1520 306 1649 342 antem
1676 304 1737 342 vi-

310 362 428 402 detur
455 367 618 413 propter
636 375 682 401 ea
709 376 809 413 quae
838 369 1063 413 sequuntur.
1100 365 1152 401 At
1178 365 1260 415 agit
1285 365 1335 402 de
1363 365 1618 405 conversione
1643 378 1735 416 pro-

309 427 542 478 positionum
573 426 793 474 negantium
811 430 885 470 (vs.
908 429 963 470 3).
1001 425 1150 464 Tamen
1179 424 1237 478 μὴ
1264 440 1338 465 non
1365 428 1571 466 ferendum
1602 432 1674 476 est,
1698 433 1737 466 et

258 522 262 526 .
309 489 399 539 quia
433 500 533 537 quae
562 488 750 526 habemus
781 490 923 538 b4'sq.
964 490 1202 538 respondent
1238 490 1286 527 iis
1325 503 1424 539 quiae
1463 491 1627 541 legimus
1655 493 1736 527 aas

308 555 350 590 et
379 550 492 599 quin,
521 551 555 588 si
582 548 639 601 μὴ
667 551 848 589 adiicitur
874 564 928 589 vs,
950 553 987 594 4,
1017 552 1200 601 quoniam
1231 554 1280 590 de
1308 553 1647 603 propositionibus.
1668 565 1736 590 ne-

308 613 488 663 gantibus
517 625 646 651 sermo
663 615 725 660 sit,
753 614 869 652 etiam
898 627 954 653 vs.
978 618 1002 652 5
1026 615 1232 652 dicendum
1255 617 1326 653 erit
1347 616 1405 669 τῷ
1422 613 1479 666 μὴ
1496 613 1536 663 ἐξ
1552 613 1736 665 ἀνάγκης

303 673 365 727 μὴ
393 673 605 727 ὑπάρχειν.
658 676 727 714 Vs.
754 678 782 713 ‚4
810 680 850 714 et
877 679 899 715 5
928 677 1078 726 priores
1114 677 1210 715 duos
1240 679 1377 716 modos
1407 678 1612 729 proponit,
1650 679 1735 728 qui-

304 740 378 779 bus
420 740 546 789 »accipi
583 740 710 790 possit
745 737 792 778 τὸ
821 736 1081 790 ἐνδέχεσθαι,
1115 740 1188 777 hos
1227 754 1280 778 vs.
1301 743 1327 778 6
1357 742 1546 790 exemplis
1582 753 1735 778 accom-

308 802 443 840 modat
479 803 786 852 propositionum
815 804 1058 850 negantium.
1087 802 1327 851 aequarum
1357 803 1611 839 conversione
1631 803 1734 852 agit:

305 875 428 914 quare
463 866 570 914 prius
609 865 828 914 exemplum
869 865 1015 901 dicitur
1042 860 1282 914 ἐνδέχεσθαι
1308 865 1367 918 τῷ
1398 861 1438 912 ἐξ
1468 863 1652 915 ἀνάγκης
1679 861 1735 914 μὴ

305 924 532 977 ὑπάρχειν,
559 928 725 964 alterum
755 927 814 980 τῷ
841 922 896 977 μὴ
927 924 967 974 ἐξ
994 925 1177 978 ἀνάγκης
1204 926 1259 978 μὴ
1286 926 1506 978 ὑπάρχεινε
1544 940 1629 964 nam
1659 939 1735 965 non

306 991 412 1028 satis*
431 994 610 1027 accurate
638 989 735 1027 dixit
770 1002 824 1029 vs.
854 994 879 1027 8
907 988 987 1028 οὐκ
1013 989 1174 1042 ἀνάγκη
1199 989 1426 1042 ὑπάρχειν,
1461 1003 1576 1041 quum
1602 991 1735 1027 dicen-

310 1053 406 1093 dum
458 1051 600 1090 suisset
649 1051 728 1092 οὐκ
766 1051 928 1103 ἀνάγκη
962 1051 1018 1105 μὴ
1054 1052 1255 1104 ὑπάρχειν
1291 1067 1390 1104 quae
1424 1054 1578 1103 quidem
1615 1052 1736 1103 negli-

306 1115 438 1165 gentia
465 1128 513 1153 eo
541 1121 762 1163 excusatur,
792 1117 893 1165 quod
923 1115 970 1156 τὸ
999 1116 1076 1156 οὐκ
1104 1116 1336 1166 ἀναγκαῖον
1364 1121 1404 1154 et
1431 1129 1520 1153 esse
1547 1120 1678 1164 potest
1697 1117 1737 1151 et

259 1214 261 1216 ,
305 1190 382 1216 non
411 1190 512 1216 esse.
566 1177 655 1215 Erit
682 1179 850 1217 fortasse
879 1182 942 1229 qui
971 1181 1267 1231 praeferendam
1296 1184 1409 1230 putet
1437 1179 1643 1215 lectionem
1668 1189 1735 1214 co-

279 1239 403 1278 dicis
434 1239 469 1278 G
501 1237 549 1279 τὸ
587 1237 631 1280 δὲ
661 1238 924 1288 (τὸλευκὸν)
964 1242 1042 1282 οὐκ
1080 1241 1242 1293 ἀνάγκη
1278 1240 1335 1292 μὴ
1363 1239 1564 1291 ὑπάρχειν
1592 1236 1737 1284 (παντὶ

305 1300 489 1355 ἱματίῳ),
517 1304 587 1341 sed
616 1305 739 1343 altera
769 1311 808 1343 et
836 1307 1100 1358 negligentia
1084 1319 1127 1343 1n
1150 1305 1371 1353 scribendo,
1398 1317 1446 1342 ex
1474 1317 1549 1354 qua
1571 1307 1657 1340 orta
1677 1307 1737 1339 est

307 1367 384 1413 (cf.
411 1379 511 1417 quae
539 1367 715 1438 dicemus
744 1369 793 1406 ad
821 1370 1004 1416 27ὺ2ἵ)
1033 1375 1072 1407 et
1088 1370 1265 1408 codicum
1285 1368 1519 1406 auctoritate
1540 1378 1736 1403 commen-

305 1430 450 1469 datur.

253 1492 404 1532 25b13
432 1490 600 1542 ὁμοίως,
629 1493 811 1531 similiter
837 1498 952 1543 atque
980 1495 1020 1532 in
1046 1495 1092 1532 iis
1115 1495 1166 1532 de
1185 1495 1325 1543 quibus
1345 1493 1473 1531 adhuc
1493 1492 1637 1529 dictum
1661 1493 1736 1537 est,

288 1556 347 1594 .-h.
376 1569 410 1594 e.
438 1555 619 1593 similiter
647 1559 764 1604 atque
791 1556 830 1594 in
858 1557 904 1594 iis
933 1569 1034 1607 quae
1057 1558 1280 1595 necessario
1309 1560 1350 1594 et
1377 1556 1414 1592 in
1443 1556 1489 1592 iis
1518 1566 1617 1604 quae
1644 1553 1735 1591 sim-

258 1638 261 1641 ’
303 1618 461 1670 pliciter
487 1619 771 1667 praedicantur.

252 1682 406 1722 25b14
442 1681 502 1734 τῷ
539 1679 595 1726 ὡς
632 1677 698 1719 ἐπὶ
724 1675 834 1719 πολὺ
856 1711 863 1719 .
886 1709 895 1718 .
917 1711 925 1720 .
953 1683 1128 1719 663b28
1155 1679 1181 1732 ἢ
1207 1679 1288 1731 γὰρ
1318 1676 1363 1719 ἐν
1388 1679 1448 1733 τῷ
1474 1675 1601 1717 παντὶ
1626 1675 1653 1728 ἢ
1681 1675 1737 1722 ὡς

299 1740 375 1783 -ἐπὶ
410 1742 458 1782 τὸ
496 1738 605 1783 πολὺ
643 1743 690 1782 τὸ
717 1741 822 1782 κατὰ
849 1742 982 1792 φύσιν
1010 1740 1132 1782 ἐστίν.
1187 1748 1261 1783 777
1277 1746 1355 1782 2121
1386 1739 1432 1781 ἐν
1457 1740 1538 1792 γὰρ
1565 1742 1653 1785 τοῖς
1681 1737 1737 1790 μὴ

307 1806 537 1853 ἀδυνάτοις
565 1807 699 1852 ἄλλως
726 1804 834 1857 ἔχειν
851 1806 950 1845 ’ἀλλ’
979 1804 1263 1859 ἐνδεχομένοις
1288 1806 1335 1846 τὸ
1363 1803 1468 1844 κατὰ
1487 1804 1619 1855 φύσιν
1641 1801 1738 1850 ἐστί,

307 1870 357 1911 τὸ
385 1869 440 1917 ὡς
468 1867 533 1909 ἐπὶ
562 1867 609 1909 τὸ
636 1868 756 1909 πολύ.
812 1871 943 1919 Quare
980 1871 1103 1920 iungit
1142 1873 1334 1908 13572127
1368 1867 1419 1908 τὰ
1448 1867 1485 1908 δ’
1515 1865 1582 1913 ὡς
1598 1864 1676 1905 ἐπὶ
1690 1862 1737 1905 τὸ

307 1929 417 1975 πολὺ
446 1933 739 1984 συμβαίνοντα
765 1930 837 1973 καὶ
864 1930 1125 1984 ἐνδεχόμενα.
1185 1935 1379 1970 1026ὺ27
1408 1929 1494 1971 ἐπεὶ
1521 1925 1600 1970 οὐν
1626 1927 1739 1980 ἐστιν

305 1995 356 2038 ἐν
383 1999 472 2043 τοῖς
500 1992 596 2036 οὖσι
621 1995 673 2035 τὰ
699 1995 776 2048 μὲν
803 1994 868 2035 ἀει
894 1994 1109 2042 ὡσαύτως
1122 1995 1269 2046 ἔχοντα
1295 2008 1368 2034 και
1394 1992 1434 2042 ἐξ
1456 1993 1655 2044 ἀνάγκης,
1686 1990 1738 2031 οὐ

287 2062 384 2114 τῆς
411 2059 518 2100 κατὰ
544 2058 592 2099 τὸ
621 2059 761 2110 βίαιον
787 2056 1012 2110 λεγομένης
1046 2059 1134 2098 ἀλλ’
1163 2057 1218 2110 ἢν
1244 2057 1419 2108 λέγομεν
1455 2058 1513 2111 τῷ
1541 2054 1597 2107 μὴ
1626 2053 1737 2095 ἐνδέ-
1770 2110 1772 2113 ι

284 2126 458 2177 ’χεσθαι
483 2125 631 2170 ἄλλως,
659 2121 711 2163 τα
728 2122 777 2162 -’δ
806 2121 846 2171 ἐξ
874 2122 1059 2200 ἀνάγκης
1087 2119 1163 2172 μὲν
1190 2121 1269 2161 οὐκ
1298 2120 1407 2160 ἔστιν
1436 2119 1527 2159 οὐδ’
1556 2118 1643 2165 ἀεί,
1682 2118 1738 2164 ὡς

310 2188 349 2229 δ’
379 2185 445 2228 ἐπὶ
471 2186 518 2227 τὸ
546 2186 678 2236 πολύ,
707 2185 811 2237 αὕτη
841 2185 947 2237 ἀρχὴ
973 2183 1044 2225 καὶ
1071 2183 1175 2236 αὕτη
1204 2184 1314 2224 αἰτία
1341 2182 1426 2224 ἐστὶ
1450 2197 1528 2222 του
1557 2178 1665 2222 εἶναι
1690 2181 1738 2221 τὸ

310 2251 599 2303 συμβεβηκός·
641 2247 664 2291 ὃ
699 2249 780 2302 γὰρ
817 2248 871 2288 ἂν
907 2246 935 2301 ᾗ
972 2248 1065 2301 μήτ’
1102 2247 1165 2288 ἀεὶ
1200 2248 1302 2301 μήθ’
1339 2247 1395 2294 ὡς
1431 2244 1496 2286 ἐπι
1529 2244 1576 2285 τὸ
1613 2245 1736 2290 πολύ,

310 2315 439 2356 τοῦτό
477 2327 618 2366 φαμεν
656 2311 920 2390 συμβεβηκὸς
956 2309 1076 2352 εἶναι.
1143 2313 1273 2360 Quare
1310 2313 1431 2361 iungit
1468 2311 1662 2347 10272117
1690 2309 1737 2347 τὸ

313 2377 478 2428 ὁπότερ’
509 2378 623 2430 ἔτυχε
651 2392 723 2418 και
744 2375 848 2418 κατὰ
866 2375 1152 2427 συμβεβηκόςε
1181 2376 1290 2414 mule⁴
1302 2379 1423 2425 patet,
1441 2373 1635 2421 quomodo
1659 2372 1736 2409 dif-

299 2443 416 2482 *ferat
442 2440 490 2482 τὸ
519 2439 794 2493 ἐνδεχόμενον
829 2443 876 2480 ab
911 2453 958 2478 eo
994 2441 1095 2490 quod
1126 2439 1267 2476 dicitur
1295 2437 1531 2486 contingens,
1558 2456 1611 2462 ——
1650 2435 1739 2472 Erit

310 2505 483 2544 fortasse
521 2507 586 2556 qui
624 2511 758 2544 nostro
797 2505 883 2542 loco
920 2503 1168 2542 scribendum
1208 2505 1317 2550 putet
1354 2497 1409 2544 ὡς
1448 2494 1513 2536 ἐπὶ
1540 2495 1587 2536 τὸ
1615 2496 1737 2545 πολύ,

312 2570 460 2620 quippe
497 2570 600 2619 quod
630 2569 803 2618 postulet
830 2579 926 2605 usus
955 2565 1136 2615 loquendi
1166 2565 1230 2614 qui
1258 2563 1360 2613 apud
1388 2561 1640 2599 Aristotelem
1671 2560 1737 2597 ob-

312 2632 456 2679 tineat,
495 2632 565 2670 sed
594 2638 634 2670 et
664 2633 773 2670 1961)
792 2632 838 2668 ll
866 2626 917 2668 τὰ
945 2626 1021 2679 μὲν
1048 2627 1111 2666 ἀεὶ
1138 2624 1335 2670 ὡσαύτως
1359 2622 1581 2675 γινόμενα,
1617 2621 1668 2662 τὰ
1694 2621 1738 2661 δὲ

316 2691 477 2740 ὡς’ἑπὶ
503 2693 613 2734 πολύ
650 2694 739 2733 coli.
780 2705 835 2732 vs.
862 2695 910 2730 13
948 2696 989 2730 et
1015 2694 1067 2730 20
1105 2690 1241 2742 optimi
1265 2689 1421 2726 codices
1449 2688 1661 2738 praebent,
1700 2689 1739 2723 et

287 2803 291 2806 .
313 2758 486 2798 496a13
513 2757 595 2811 ἔχει
616 2757 664 2810 (ἦ
679 2755 854 2808 καρδία)
875 2755 922 2796 τὸ
950 2749 1023 2804 ὀξὺ
1050 2751 1263 2804 σαρκῶδες
1279 2747 1347 2791 ἐπὶ
1359 2749 1482 2799 πολύ,
1510 2755 1552 2789 et
1567 2750 1738 2788 902a10
