1826 3112
297 201 377 240 206
808 204 1201 239 ΑΝΑΔΤΤΙΚΩΝ

298 298 520 364 α’νθρωπῳ
537 299 583 345 δὲ
604 299 730 345 παντὶ
750 298 995 358 ἐνδέχεται
969 300 1190 360 υπάρχειν,
1203 298 1302 348 ὥστ’
1322 300 1470 348 ουδενὶ
1486 300 1708 369 α’νθραίπῳ

296 365 444 414 νόσον.
490 366 534 412 ἐν
564 366 611 410 δὲ
640 368 704 428 τῷ
730 366 857 429 τρίτῳ
883 366 1068 427 σχήματι
1100 365 1208 412 κατὰ
1219 365 1272 414 τὸ
1312 368 1564 428 ἐνδέχεσθαι
1595 380 1709 428 συμ-

296 434 432 493 βαίνει
458 429 509 476 τό
538 434 716 486 ψεῦδος.
757 433 829 476 καὶ
858 429 940 491 γὰρ
968 431 1137 493 ὑγίειαν
1169 435 1242 479 καὶ
1269 433 1404 479 νόσον
1432 436 1505 480 καὶ
1537 434 1706 496 ἐπιστή-

247 517 382 561 ωμην
418 497 491 542 καὶ
528 493 707 555 ἄγνοιαν
742 498 814 542 καὶ
846 494 960 554 ὅλως
988 517 1040 544 τα
1073 500 1239 545 ἐναντία
1267 504 1329 563 1:93
1357 498 1479 562 αὐτῷ
1505 501 1714 560 ἐνδέχεται

295 563 518 622 ὑπάρχειν,
537 560 740 622 ἀλλήλοις
768 561 806 608 δ’
834 562 1064 610 ἀδύνατον.
1088 569 1221 611 τοῦτο
1242 563 1279 610 δ’
1303 564 1713 626 άνομολογούμενον

295 636 386 685 τοῖς
403 628 753 688 προειρημένοις·
777 626 846 675 ὅτε
865 627 947 688 γάρ
966 635 1029 695 τῷ
1049 629 1171 695 αὐτῷ
1189 633 1319 678 πλείω
1341 627 1550 691 ἐνεδέχετο
1567 630 1712 692 ὑπάρ-

295 713 396 756 χειν,
423 695 633 754 ἐνεδέχετο
651 696 722 739 καὶ
746 692 960 756 ἀλληλοις.

431 758 632 819 Φανερόν
650 778 734 806 ουν
755 759 822 806 ὅτι
835 763 881 808 ἐν
900 759 1035 807 ἅπασι
1052 758 1417 823 τούτοιςὴάπάτη
1426 759 1716 822 γίνεταιπαροὶ

246 824 375 889 πετὴν
401 830 487 872 τῶν
517 825 634 884 ὅρων
664 827 854 872 ἔκθεσιν·
891 828 1251 907 yetastqmffe'3vvowv
1281 825 1361 886 γὰρ
1389 832 1474 872 τῶν
1503 826 1611 872 κατὰ
1634 825 1714 883 τὰς

295 891 398 951 ἔξεις
418 890 550 938 οὐδὲν
567 893 724 952 γίνεται
741 897 921 948 ψεῦδος.
941 897 1076 953 δῆλον
1094 885 1177 937 οὖν
1200 890 1265 938 ὅτι
1285 890 1394 936 κατὰ
1414 890 1494 947 τὰς
1508 892 1713 948 τοιαύτας

294 957 525 1016 προτάσεις
563 956 628 1003 dez
668 956 718 1002 τὸ
765 976 873 1003 κατα
913 956 993 1020 τὴν
1023 957 1106 1012 ἕξιν
1141 956 1232 1002 ἀντὶ
1274 961 1353 1018 τῆς
1380 955 1502 1013 ἕξεως
1531 961 1714 1021 μεταλη-

294 1025 424 1070 πτέον
440 1024 511 1067 καὶ
532 1023 686 1068 θετέον
710 1040 830 1078 ορον.

214 1086 278 1132 35
433 1085 502 1133 Οὐ
529 1090 595 1132 δεῖ
623 1089 669 1132 δὲ
695 1086 801 1143 τοὺς
835 1085 970 1145 ὅρους
992 1085 1055 1133 αεὶ
1079 1090 1216 1148 ζητεῖν
1236 1065 1416 1146 ὀνόματι
1437 1087 1711 1133 ἐκτίθεσθαι·

245 1152 503 1208 ωπολλάκις
527 1151 608 1212 γὰρ
639 1153 806 1199 ε’σονται
837 1153 964 1213 λόγοι
998 1150 1064 1210 οἷς
1093 1171 1150 1198 ου
1178 1159 1310 1199 κεῖται
1341 1151 1491 1211 ὄνομα.
1537 1151 1607 1198 διὸ
1632 1170 1713 1212 χα-

294 1217 465 1265 λεπόν’
437 1216 721 1278 ανάγειντούς
731 1218 962 1275 τοιούτους
972 1218 1308 1277 συλλογισμούς.
1322 1218 1451 1263 ἐνίοτε
1462 1219 1507 1263 δε
1516 1220 1585 1263 καὶ
1599 1217 1712 1263 απα-

293 1289 456 1331 dmm
484 1283 751 1345 συμβήσεται
777 1283 848 1330 δια
869 1282 950 1345 τὴν
972 1283 1178 1345 τοιαύτην
1200 1283 1398 1345 ζήτησιν,
1425 1280 1518 1329 οἷον
1539 1282 1607 1329 ὅτι
1629 1288 1715 1330 τῶν

296 1349 468 1410 αμὲσων
495 1350 582 1395 ἐστὶ
611 1352 914 1431 συλλογισιιός.
948 1351 1053 1395 ε’στω
1082 1347 1134 1395 τὸ
1156 1354 1193 1394 Α
1224 1348 1309 1395 δυο
1341 1348 1490 1415 ὀρθαί,
1518 1347 1568 1395 τὰ
1587 1348 1656 1408 ἐφ’
1677 1368 1713 1414 ῳ

294 1393 335 1462 Β
359 1417 590 1476 τρίγωνον,
621 1413 688 1474 ἐφ’
718 1435 752 1481 ῳ
781 1419 826 1462 δὲ
862 1416 1150 1471 Γίσοσκελές.
1185 1420 1248 1478 τῷ
1267 1433 1344 1474 μεν
1362 1415 1445 1460 οὐν
1473 1418 1518 1459 Γ
1528 1413 1716 1475 υπινοχει

244 1480 344 1529 55τό
373 1487 410 1528 Α
439 1480 512 1528 διὰ
538 1480 589 1527 τὸ
623 1485 684 1536 Β,
711 1486 775 1545 τῷ
807 1483 851 1528 δὲ
881 1485 918 1526 Β
950 1480 1096 1528 ουκέτι
1128 1479 1182 1526 δι’
1209 1480 1338 1526 ἄλλο·
1369 1479 1471 1526 καθ’
1501 1479 1612 1527 αὐτὸ
1631 1480 1714 1542 γὰρ

293 1546 345 1594 τὸ
373 1549 581 1608 τρίγωνον
607 1566 686 1607 εχει
719 1547 802 1594 δύο
832 1546 985 1605 ὀρθάς,
1008 1545 1215 1628 926v'013n
1235 1547 1350 1592 ἔσται
1375 1546 1507 1605 μέσον
1526 1550 1609 1592 τοῦ
1636 1549 1712 1592 ΑΒ

295 1611 602 1661 ἄποδεικτοῦ”
575 1631 714 1669 οντος.
758 1612 950 1673 φανερὸν
968 1611 1050 1673 γὰρ
1072 1630 1137 1658 οτι
1161 1610 1213 1658 τὰ
1235 1613 1367 1671 μέσον
1385 1610 1469 1671 οὐχ
1484 1610 1625 1669 οὕτως
1644 1611 1712 1658 ιῖεὶ

293 1680 482 1743 ληπτέον
508 1677 568 1735 ὡς
595 1678 696 1725 τόδε
715 1697 768 1735 τι,
801 1677 893 1757 αλλ’
913 1680 1042 1725 ἐνίοτε
1061 1674 1205 1739 λόγον,
1225 1676 1332 1738 ὅπερ
1353 1679 1577 1737 συμβαίνει
1597 1677 1708 1724 κάπὶ

293 1750 379 1793 τοῦ
395 1746 636 1804 λεχθέντος.

214 1819 279 1862 36
432 1809 499 1857 {ld
528 1812 581 1856 δε
618 1807 828 1869 ὑπάρχειν
865 1807 916 1855 τὸ
946 1812 1117 1867 πρῶτον
1142 1812 1205 1872 τῷ
1237 1809 1354 1872 μέσῳ
1382 1809 1457 1853 καὶ
1488 1812 1621 1854 τοῦτο
1655 1812 1716 1872 τῷ

243 1896 278 1923 41
296 1875 443 1959 ἄκρῳ
445 1875 503 1923 οὔ
531 1880 598 1922 δεῖ
626 1875 859 1935 λαυβάνειν
889 1873 948 1931 ὥς
969 1876 1048 1920 αἰεὶ
1071 1875 1550 1936 κατηγορηθησομένων
1577 1854 1716 1935 άλλή-

254 1956 277 1989 b
294 1946 381 1988 λων
410 1941 443 2004 ἢ
472 1941 634 2001 ὃιιοίως
653 1941 705 1987 τό
729 1961 772 1987 τε
793 1945 968 1999 πρῶτον
987 1944 1068 1985 τοῦ
1088 1942 1228 1998 μέσου
1247 1941 1319 1984 καὶ
1335 1945 1468 1986 τοῦτο
1488 1944 1570 1986 τοῦ
1592 1939 1715 1999 ἐσχά-

293 2025 387 2054 του.
436 2009 509 2052 καὶ
539 2008 605 2052 ἐπὶ
634 2010 717 2052 τοῦ
746 2005 806 2068 μὴ
833 2005 1044 2064 ὑπάρχειν
1070 2004 1107 2051 6
1138 2003 1359 2086 ὦσαύτῗκς.
1417 2004 1510 2050 ἀλλ’
1541 2003 1716 2064 ὁσαχως

293 2071 343 2120 τὸ
373 2078 482 2120 εἰναι
513 2073 677 2133 λέγεται
704 2074 778 2117 καὶ
815 2070 867 2117 τὸ
889 2070 1053 2133 αληθες
1085 2072 1216 2117 εἰπεῖν
1241 2069 1352 2116 αὐτὸ
1377 2075 1522 2127 τοῦτο,
1551 2082 1716 2116 τοσαυ-

293 2143 432 2199 ταχῶς
463 2139 637 2185 οιεσθαι
673 2136 756 2201 χρὴ
800 2138 1022 2199 σημαίνειν
1057 2139 1128 2182 καὶ
1168 2135 1219 2182 τὸ
1245 2135 1469 2196 ὑπάρχειν.
1527 2134 1620 2182 οἷον
1650 2133 1717 2182 ὅτι

261 2209 378 2252 ετῶν
409 2205 611 2252 ἐναντίων
639 2205 724 2250 ἐστὶ
755 2205 832 2263 μία
861 2203 1083 2265 ἐπιστηιιη.
1128 2204 1234 2249 ἔστω
1263 2201 1344 2263 γὰρ
1376 2201 1429 2248 τὸ
1468 2206 1505 2248 Α
1532 2200 1582 2248 τὸ
1614 2202 1716 2261 μίαν

294 2268 403 2318 εἶναι
429 2270 679 2333 ἐπιστημην,
710 2288 763 2316 τα
798 2271 968 2317 ἐναντία
1000 2268 1208 2332 ἀλλήλοις
1243 2267 1310 2329 ἐφ’
1339 2261 1398 2315 οὗ
1421 2272 1480 2316 Β.
1516 2266 1567 2342 τὸ
1599 2266 1655 2329 δὴ
1676 2271 1715 2314 Α

388 2428 429 2461 18
443 2427 546 2462 νόσοι
563 2429 597 2461 d.
622 2447 665 2452 —
687 2428 739 2471 τῷ
748 2440 801 2459 om
820 2439 861 2481 per
880 2429 917 2461 A.
944 2446 986 2453 —
1017 2429 1063 2461 20
1079 2426 1144 2473 τῷ]
1165 2425 1276 2460 παντὶ
1290 2426 1344 2479 τῷ
1360 2437 1394 2458 n.
1417 2442 1462 2451 -·-
1493 2427 1535 2459 21
1558 2439 1604 2459 αν
1622 2423 1714 2468 ὄμο-

294 2471 514 2516 λογονμενον
533 2475 595 2507 Βη.
626 2491 666 2497 -
705 2474 749 2505 22
768 2471 947 2515 ἐνδέχοιτο
963 2485 997 2505 n.
1029 2491 1072 2497 ———
1103 2462 1144 2504 ‘27
1167 2470 1257 2504 κατὰ
1275 2469 1342 2510 τὴν
1361 2427 1447 2513 ἕξιν]
1470 2469 1544 2512 ἕξιν
1561 2468 1608 2512 μὴ
1633 2470 1713 2513 ἕχον

294 2529 331 2550 rc
350 2529 453 2560 supra
473 2518 514 2549 1it
537 2519 585 2555 A,
618 2517 766 2559 μετέχον
795 2529 831 2548 re
858 2518 911 2549 adi
941 2519 978 2550 Β.
1010 2536 1050 2541 -
1083 2518 1126 2549 30
1150 2515 1222 2558 διὸ]
1254 2513 1311 2548 διὸ
1330 2515 1390 2548 καὶ
1408 2527 1440 2547 η.
1476 2534 1514 2540 --
1551 2517 1594 2548 33
1620 2514 1709 2558 ἐστὶ]

293 2559 443 2595 ἔσταιτι.
467 2580 511 2587 -
537 2561 635 2603 ρττὸ
657 2573 711 2592 om
737 2561 769 2593 d.
796 2580 837 2585 —
864 2559 955 2595 τὸδ’
970 2557 1025 2601 ἐφ’
1049 2562 1083 2594 C.
1101 2579 1139 2585 —
1165 2555 1364 2600 34δὲτὸγ
1387 2561 1422 2592 A.
1445 2577 1487 2585 -—-
1512 2560 1710 2603 35r93³nte

293 2604 334 2640 δὲ
353 2618 431 2638 corr
447 2607 489 2639 A.
515 2624 558 2630 -
583 2607 626 2640 37
643 2602 902 2639 ἀποδεικτικοῦ
919 2607 1051 2645 Adnm,
1081 2617 1122 2647 pr
1138 2605 1209 2637 BG.
1234 2621 1278 2630 —
1306 2602 1395 2649 γὰρ]
1418 2597 1484 2638 οὖν
1505 2615 1583 2636 corr
1605 2604 1639 2637 G.
1664 2621 1710 2629 —·

293 2650 338 2683 40
355 2650 396 2683 τὸ
413 2650 562 2703 μέσονρ
565 2663 582 2682 r
602 2652 643 2683 Β
669 2667 707 2673 -
731 2650 771 2683 41
789 2647 848 2684 ἀεὶ
865 2651 932 2691 dm,
957 2663 1035 2683 corr
1057 2650 1094 2683 C.

382 2693 471 2727 4Sb6
491 2708 536 2728 τοι
543 2663 587 2728 Ρδ’
605 2693 752 2728 ἐναντία
767 2706 843 2734 nm,
868 2707 945 2728 corr
958 2696 1001 2728 A.
1025 2712 1069 2720 —-
1105 2691 1252 2728 ἐναντία
1267 2694 1344 2732 τοῖς
1364 2693 1482 2737 (quod
1497 2691 1555 2725 del
1569 2691 1709 2735 volunt)

293 2735 460 2782 ἀλλήλοις
477 2740 547 2773 AB.
572 2758 618 2766 —
640 2733 687 2774 οὔ
705 2737 748 2774 τὰ
768 2739 791 2784 β
805 2739 840 2772 d.
