1826 3112
298 223 379 262 212
811 225 1218 261 ΑΝΑΛΤΤΙΚΩΝ

300 323 348 369 δὲ
377 319 469 368 ἄλλ’
501 319 654 378 ἐνίους.
683 321 799 368 ἔσται
828 323 876 368 δὲ
904 321 1098 384 φανερὸν
1126 323 1170 370 ἐν
1188 329 1281 381 τοῖς
1303 323 1536 405 ἑπομένοις.
1581 324 1619 370 εἰ
1635 323 1718 385 769

251 404 286 432 10
300 386 352 434 τὸ
377 392 415 434 Α
442 389 590 450 μηδενὶ
619 390 690 467 τῷ
709 391 772 443 Β,
801 386 853 434 τὸ
883 390 929 434 δε
960 393 997 434 Β
1030 391 1157 435 παντὶ
1184 395 1247 454 τῷ
1272 394 1323 444 Γ
1352 388 1402 435 τὸ
1436 394 1473 435 Α
1492 388 1638 436 οὐδενὶ
1654 394 1718 472 τῷ

302 457 353 500 Γ.
384 451 502 500 οὕτω
532 471 608 513 μεν
633 446 717 500 οὖν
745 451 796 499 τὸ
827 459 999 514 πρῶτον
1028 460 1184 536 σχῆμα,
1216 437 1289 502 ἐὰν
1308 454 1346 501 δ’
1372 455 1640 515 ἅντιστραφῇ
1667 454 1719 502 τὸ

302 517 563 581 στερητικὸν,
600 516 650 564 τὸ
680 519 812 579 μέσον
833 521 968 566 εσται·
994 519 1044 567 τὸ
1069 521 1152 605 769
1174 525 1210 566 Β
1232 526 1296 586 τῷ
1317 522 1392 581 ιιεν
1417 525 1453 567 Α
1475 521 1635 574 οὐδενί,
1655 539 1716 585 τ9)

303 587 350 631 δὲ
374 589 420 630 Γ
433 586 559 630 παντὶ
584 582 780 645 ὑπάρχει.
817 584 977 646 ὁμοίως
1009 589 1055 633 δε
1085 589 1155 632 καὶ
1191 589 1228 634 εἰ
1257 586 1317 648 μὴ
1341 586 1542 633 καθόλου
1559 585 1654 632 ἄλλ’
1675 567 1720 632 έν

303 651 420 710 μέρει
454 649 480 696 6
511 651 814 712 συλλογισμος,
851 650 946 698 οἷον
972 653 1010 698 εἰ
1038 651 1089 698 τὸ
1116 654 1192 713 μὲν
1220 657 1257 698 Α
1285 655 1433 714 μηδενὶ
1451 658 1514 717 τ’9)
1537 657 1587 708 Β,
1604 650 1654 698 τὸ
1673 653 1722 698 δὲ

254 736 289 763 15
306 720 343 762 Β
364 717 444 762 τινὶ
462 720 526 780 τῷ
547 719 606 761 Γ·
638 716 998 779 ἄντιστραφέντος
1019 717 1100 780 769
1125 723 1209 765 τοῦ
1235 699 1492 781 στερητικοῦ
1517 717 1567 764 τὸ
1586 718 1721 778 μέσον

306 783 422 829 ἔσται
445 786 598 844 σχῆμα.

446 852 544 894 Τῶν
575 846 613 894 6'
645 849 692 895 ἐν
716 853 780 913 τῷ
814 849 1000 913 δευτέρῳ
1035 853 1340 910 συλλογισμῶν
1359 851 1401 895 οἳ
1421 850 1497 907 μὲν
1519 848 1722 894 καθόλου

307 912 629 975 ἄναχθησονται
657 916 718 969 εἰς
738 914 789 960 τὸ
809 919 994 973 πρῶτον,
1020 933 1109 960 των
1130 915 1168 960 6'
1193 917 1237 961 ἐν
1261 915 1375 973 μέρει
1397 913 1546 971 ἅτερος
1569 913 1718 972 μόνον.

306 980 412 1024 ἕστο)
440 978 525 1039 769
559 977 609 1023 τὸ
636 984 673 1024 Α
698 983 760 1059 τῷ
787 981 863 1037 μὲν
891 983 928 1024 Β
958 982 1107 1040 μηδενὶ
1137 984 1200 1060 τῷ
1225 981 1269 1024 δὲ
1302 983 1347 1025 Γ
1360 982 1487 1025 παντι
1506 978 1720 1039 ὑπάρχον.

257 1063 292 1090 20
307 1042 662 1102 ἄντιστραφέντος
671 1038 755 1089 οὖν
763 1048 849 1089 τοῦ
859 1049 1116 1124 στερητικοῦ
1123 1043 1171 1090 τὸ
1181 1059 1356 1104 πρῶτον
1366 1047 1482 1091 ἔσται
1493 1049 1650 1108 σχῆμα·
1671 1042 1721 1090 τὸ

306 1127 383 1169 μεν
409 1107 489 1169 769
519 1112 555 1153 Β
582 1107 731 1154 οὐδενὶ
753 1113 816 1175 τ9ῒ
843 1113 903 1167 A,
935 1108 987 1155 τὸ
1011 1112 1056 1156 δὲ
1081 1115 1113 1155 Α
1130 1113 1255 1156 παντὶ
1275 1116 1335 1175 τῷ
1359 1115 1402 1156 Γ
1417 1110 1612 1168 ὑπάρξει.
1647 1109 1722 1156 ἐὰν

306 1176 354 1221 δε
392 1172 442 1220 τὸ
469 1173 754 1236 κατηγορικὸν
781 1167 810 1234 ᾖ
837 1173 947 1234 πρὸς
973 1179 1037 1240 ‘1793
1058 1180 1108 1231 Β,
1126 1175 1176 1222 τὸ
1194 1178 1240 1222 δὲ
1261 1158 1512 1238 στερητικὸν
1531 1174 1642 1236 πρὸς
1658 1179 1722 1239 τῷ

309 1244 360 1297 Γ,
383 1244 557 1300 πρῶτον
575 1258 680 1298 ορον
697 1241 849 1286 θετέον
868 1239 920 1286 τὸ
940 1245 1002 1286 Γ·
1023 1246 1155 1287 τοῦτο
1177 1241 1259 1302 769
1279 1242 1427 1289 οὐδενὶ
1446 1247 1509 1306 1:93
1531 1247 1580 1296 A,
1602 1240 1652 1287 τὸ
1674 1222 1722 1287 όὲ

307 1311 344 1351 A
364 1307 491 1352 παντὶ
517 1323 577 1369 τ9)
602 1310 663 1351 Β·
696 1304 795 1351 ὥστ’
813 1305 961 1352 οὐδενὶ
979 1311 1042 1370 τῷ
1063 1311 1101 1352 Β
1119 1306 1168 1353 τὸ
1193 1312 1244 1352 Γ.
1262 1307 1358 1354 οὐδ’
1377 1307 1461 1366 ἄρα
1480 1306 1530 1353 τὸ
1552 1311 1587 1352 Β
1603 1312 1672 1388 τῷς
1684 1311 1728 1352 Γ

258 1389 292 1417 25
308 1370 475 1418 οὐδενί·
507 1351 776 1431 ἀντιστρέφει
800 1371 884 1433 769
910 1371 961 1418 τὸ
990 1373 1254 1435 στερητικόν.
1287 1373 1362 1420 ἐὰν
1393 1373 1431 1419 δ’
1451 1375 1495 1420 ἐν
1512 1374 1627 1432 μέρει
1644 1367 1673 1432 ᾗ
1694 1371 1720 1419 6

307 1436 617 1498 συλλογισμός,
660 1436 763 1483 ὅταν
795 1457 873 1497 μεν
905 1430 936 1498 ἦ
972 1436 1023 1484 τὸ
1052 1438 1304 1501 στερητικὸν
1329 1438 1440 1497 πρὸς
1467 1444 1530 1503 τῷ
1560 1441 1723 1498 μείζονι

306 1522 447 1567 ακρῳ,
480 1501 772 1565 ἀναχθήσεται
799 1505 860 1559 εἰς
883 1502 935 1549 τὸ
955 1508 1147 1562 πρῶτον,
1179 1503 1272 1551 οἷον
1304 1507 1340 1552 εἰ
1366 1504 1417 1551 τὸ
1436 1510 1472 1550 Α
1492 1507 1642 1567 μηδενὶ
1661 1523 1721 1569 τ9)

306 1573 357 1625 Β,
371 1573 431 1634 τῷ
449 1570 496 1614 δε
509 1572 554 1614 Γ
566 1570 668 1615 τινί·
689 1567 1046 1630 ἆντιστραφέντος
1063 1569 1145 1630 769
1163 1575 1245 1616 τοῦ
1261 1575 1516 1633 στερητικοῦ
1533 1569 1583 1616 τὸ
1601 1551 1722 1630 6966-—

305 1652 381 1680 τον
409 1636 524 1681 εσται
558 1639 722 1696 σχηιια·
761 1633 810 1680 τὸ
837 1653 915 1694 μεν
940 1633 1023 1695 769
1056 1639 1093 1681 Β
1114 1636 1262 1682 ου’δενὶ
1283 1641 1343 1701 τῷ
1365 1641 1421 1691 A,
1448 1635 1498 1681 τὸ
1518 1638 1563 1682 δὲ
1582 1641 1619 1681 Α
1638 1637 1722 1682 τινὶ

256 1718 290 1745 so
305 1717 364 1764 τ9)
388 1704 438 1745 Γ.
459 1698 564 1746 ὅταν
584 1702 629 1746 δε
648 1698 698 1746 τὸ
716 1700 1016 1762 κατηγορικόν,
1037 1700 1123 1747 οὐκ
1143 1701 1498 1782 αναλυθήσεται,
1502 1699 1597 1747 οἷον
1617 1703 1653 1747 εἰ
1671 1700 1722 1747 τὸ

305 1770 343 1812 A
372 1770 436 1830 τῷ
470 1784 547 1825 μεν
578 1769 615 1811 Β
645 1767 794 1823 παντί,
823 1770 884 1830 τῷ
915 1767 962 1812 δε
996 1770 1042 1811 Γ
1061 1765 1119 1813 οιῖ
1142 1770 1290 1813 παντί·
1323 1767 1423 1814 οὔτε
1448 1765 1530 1828 769
1559 1768 1722 1827 δέχεται

306 1813 599 1895 αντιστροφην
616 1829 667 1878 τὸ
687 1835 777 1888 ΑΒ,
799 1831 902 1878 οὔτε
921 1833 1153 1895 γενομένης
1171 1835 1286 1880 εσται
1304 1833 1611 1894 συλλογισμός.

441 1897 589 1943 Πάλιν
618 1899 660 1944 οἱ
691 1916 768 1958 μεν
799 1898 845 1944 ἐν
869 1902 931 1961 τῷ
947 1900 1073 1962 τρίτῳ
1096 1900 1279 1961 σχήματι
1301 1899 1387 1946 οὐκ
1408 1897 1721 1980 αναλυθήσον-

305 1981 374 2008 ται
402 1963 557 2019 πάντες
584 1965 646 2019 εἰς
669 1962 720 2009 τὸ
747 1968 940 2045 πρῶτον,
970 1965 1012 2009 οἱ
1031 1946 1070 2009 6⁹
1087 1965 1133 2010 ἐν
1152 1970 1216 2029 τῷ
1240 1965 1396 2045 πρωτ9)
1414 1965 1566 2021 πάντες
1590 1966 1650 2021 εἰς
1667 1961 1725 2010 τὸ.

218 2059 226 2066 ·
256 2044 292 2072 ³5
306 2029 460 2087 τρίτον.
495 2027 720 2088 ὑπαρχέτω
747 2027 830 2110 769
858 2027 909 2075 τὸ
942 2033 979 2074 Α
1011 2031 1139 2075 παντὶ
1163 2035 1227 2095 τῷ
1250 2010 1301 2086 Β,
1331 2030 1384 2076 τὸ
1416 2033 1462 2076 δε
1493 2035 1530 2076 Β
1558 2032 1640 2076 τινὶ
1656 2033 1722 2093 τῷ

308 2097 358 2140 Γ.
380 2093 550 2141 ουκοῦν
569 2093 714 2157 ἐπειδη
729 2095 998 2155 αντιστρεφει
1007 2114 1058 2141 το
1046 2094 1119 2141 ἐν
1128 2116 1243 2155 μεοει
1255 2096 1551 2159 κατηγορικὸν,
1574 2094 1722 2156 ὑπάρ-

305 2158 366 2215 ξει
394 2158 446 2207 τὸ
478 2164 524 2205 Γ
540 2162 620 2206 τινὶ
646 2179 705 2226 τ9)
725 2164 784 2206 Β·
815 2159 865 2207 τὸ
892 2163 939 2208 δε
969 2165 1006 2206 Α
1031 2164 1157 2207 παντὶ
1180 2161 1395 2226 ὑπηρχεν,
1428 2161 1537 2208 ωστε
1565 2163 1722 2223 γίνεται

304 2224 356 2272 τὸ
388 2228 531 2287 τρίτον
560 2230 715 2309 σχημα.
757 2228 832 2273 καὶ
861 2228 899 2273 εἰ
925 2226 1175 2289 στερητικὸς
1201 2227 1225 2274 6
1246 2228 1549 2289 συλλογισμός,
1571 2226 1721 2274 ὡσαύ-

305 2309 408 2348 τως·
441 2291 707 2351 αντιστρέφει
733 2291 815 2352 769
835 2291 885 2339 τὸ
909 2293 952 2338 ἐν
973 2295 1088 2353 μέρει
1114 2296 1414 2357 κατηγορικόν,
1445 2293 1552 2340 ὥστε
1575 2292 1624 2340 τὸ
1644 2294 1721 2353 μὲν

255 2376 291 2403 40
306 2363 344 2404 A
361 2357 508 2405 ου’ὁενι
529 2363 592 2423 τῷ
614 2363 664 2414 Β,
686 2357 738 2404 τὸ
759 2361 805 2405 δε
829 2360 968 2405 Γτινὶ
990 2357 1185 2418 ὑπάρξει.

202 2455 237 2487 p.
246 2443 291 2478 51
445 2428 543 2471 Τῶν
560 2405 620 2470 6'
658 2425 704 2471 ἐν
739 2429 800 2489 τῷ
841 2427 1069 2490 τελευταίῳ
1100 2426 1285 2488 σχήματι
1320 2428 1621 2486 συλλογισμῶν
1661 2420 1721 2481 εἷς
1763 2477 1766 2481 .

304 2489 440 2550 μόνος
459 2489 545 2538 οὐκ
563 2471 793 2538 ἀναλύεται
814 2492 874 2548 εἰς
890 2490 942 2537 τὸ
965 2472 1147 2553 πρόῖτον,
1180 2490 1285 2539 ὅταν
1302 2490 1362 2552 μὴ
1382 2492 1588 2538 καθόλου
1608 2493 1720 2550 τεθῇ

385 2668 412 2700 9
433 2666 564 2713 ἐνίους]
584 2665 638 2704 ἐπ’
658 2667 762 2704 ἐνίων
781 2667 895 2704 ἐνίοτε
911 2681 944 2703 π.
968 2690 1014 2697 -
1040 2672 1082 2705 18
1099 2669 1223 2724 μόνος
1229 2670 1374 2713 BGufm.
1400 2690 1437 2696 -
1467 2670 1512 2703 27
1523 2665 1719 2710 ‹ivai-²186-

303 2721 405 2745 σεται
422 2715 556 2748 corrB.
578 2733 620 2739 -—
643 2715 687 2748 33
705 2713 743 2748 ἐν
761 2726 815 2747 om
830 2717 869 2748 A·
893 2733 939 2741 —-
961 2716 1005 2749 34
1024 2715 1059 2750 οὶ
1076 2714 1125 2760 δ’]
1145 2711 1223 2752 οὐδ’
1243 2715 1279 2750 οὶ
1298 2717 1370 2758 Bu,
1394 2728 1435 2761 pr
1454 2715 1496 2748 A.
1519 2731 1564 2742 —
1597 2713 1640 2747 36
1655 2711 1716 2756 τὸ]

301 2753 421 2791 καὶτὸ
439 2768 474 2791 ιι.
498 2777 543 2787 -
565 2759 610 2794 37
625 2755 734 2803 ὥστε]
757 2759 808 2805 τῷ
825 2761 859 2805 β,
882 2770 975 2797 mete
995 2771 1030 2793 n·
