1774 3126
231 210 309 247 514
749 207 998 251 Analyticn
1028 204 1196 248 prim-o.

288 307 353 356 qui
380 305 501 346 lineas
528 304 834 356 aequidistautes
860 298 1148 341 inducendas
1173 312 1268 339 esse
1295 301 1460 349 docent,
1503 306 1546 339 ut
1569 311 1715 352 *aequa-

290 370 347 407 les
371 370 454 407 sint
481 371 505 407 ii
532 367 675 417 anguli,
717 378 882 416 quorum
924 365 1141 415 aequalitas
1176 364 1433 402 demonstrari
1471 374 1547 401 non
1582 368 1715 414 potest

290 432 364 470 nisi
391 445 439 469 cx
466 444 513 469 eo
542 430 646 479 quod
675 429 800 466 lineae
827 434 1034 467 sumuntur
1061 426 1386 477 aequidistantes.

237 495 381 533 65a10
408 492 638 531 Tenendum
667 496 728 528 est
750 491 1003 529 Aristotelem
1032 502 1230 540 exponere
1257 488 1452 539 quomodo
1483 488 1552 526 fiat
1578 487 1719 539 petitio

291 555 471 606 principii
496 556 532 592 in
552 554 675 603 prima
697 553 832 604 figura.
884 554 927 592 Si
953 555 989 591 iu
1012 552 1255 603 syllogismo,
1276 564 1353 600 quo
1373 552 1526 601 cogitur
1545 552 1585 589 A
1606 563 1718 601 prae—

290 618 410 655 dicari
446 617 495 655 de
531 617 573 655 Γ
603 629 674 666 per
714 617 884 655 medium
922 617 1130 654 terminum
1171 614 1221 660 B,
1249 614 1465 664 propositio
1493 614 1616 652 maior
1643 612 1720 651 AB

292 693 366 718 non
395 681 517 731 magis
545 683 652 717 certa
681 684 721 717 et
747 679 957 718 manifesta
984 684 1045 716 est
1073 690 1188 727 quam
1217 677 1417 715 conclusio
1431 677 1521 724 ΛΓ,
1549 689 1625 715 non
1652 689 1721 714 rc—

291 747 353 781 cte
381 738 672 780 demonstratur
700 742 783 780 AF
803 755 877 792 per
905 741 1189 792 propositiones
1217 739 1295 777 AB
1324 745 1365 777 et
1393 739 1480 779 ΒΓ.
1535 740 1577 778 Si
1604 739 1722 788 igitur

293 810 371 851 (vs.
393 807 464 850 14)
485 804 641 842 termini
665 805 701 843 B
723 811 763 842 et
781 804 822 842 Γ
845 804 895 841 ita
925 815 967 840 se
995 802 1153 848 habent,
1182 807 1227 840 ut
1254 802 1332 839 sint
1359 802 1494 848 iidem,
1523 802 1604 838 sive
1631 813 1721 850 per-

292 867 437 906 mutari
460 867 613 918 possint
638 866 741 905 inter
769 879 813 904 se
841 865 923 903 sive
950 864 1051 902 alter
1077 864 1243 902 alterum
1272 865 1555 915 complectatur
1574 882 1627 890 ——-·
1647 874 1722 899 nou

293 935 404 969 recte
424 928 500 967 hoc
518 929 711 967 intellexit
731 928 803 965 Iul.
824 927 964 965 Pacius
992 927 1058 976 qui
1085 925 1185 965 dixit
1212 931 1277 965 aut
1305 925 1340 964 Β
1368 926 1471 964 idem
1502 937 1592 964 esse
1620 924 1722 974 quod

296 993 338 1031 Γ
359 996 428 1030 aut
454 1004 541 1029 cum
581 1002 629 1029 eo
657 990 868 1041 permutari
898 1001 1015 1039 posse
1043 994 1110 1028 aut
1137 989 1188 1027 de
1214 1002 1263 1027 eo
1291 988 1530 1040 praedicari:
1560 991 1725 1039 apparet

293 1055 394 1093 enim
423 1066 446 1092 e
471 1065 531 1092 vs.
557 1054 609 1091 22
649 1053 777 1090 verbis
806 1048 909 1090 ὥστε
935 1049 1089 1091 ταύτὸν
1116 1046 1223 1090 εἶναι
1250 1063 1307 1089 vs.
1334 1052 1383 1088 14
1412 1064 1487 1090 non
1515 1050 1724 1102 significari

294 1117 450 1156 tertiam
484 1116 674 1165 quandam
713 1115 903 1153 rationem
940 1117 1197 1154 terminorum
1239 1114 1274 1152 B
1303 1119 1342 1152 et
1369 1114 1418 1162 Γ,
1447 1114 1518 1152 sed
1546 1125 1632 1151 eam
1660 1125 1723 1150 ra-

295 1181 465 1225 tionem,
493 1191 570 1227 qua
610 1178 879 1216 contineantur
917 1178 1089 1227 reliquae
1125 1190 1225 1227 quae
1255 1190 1326 1227 per
1352 1175 1379 1228 ἢ
1405 1204 1415 1214 .
1436 1203 1447 1213 .
1470 1204 1479 1214 .
1497 1174 1524 1227 ἢ
1552 1175 1727 1223 adiectae

298 1242 389 1280 sint.
447 1240 478 1278 B
506 1245 546 1279 et
561 1241 609 1286 Γ,
637 1242 701 1286 ait,
731 1245 821 1278 sunt
842 1239 960 1278 iidem
990 1246 1057 1278 aut
1083 1241 1151 1285 itu,
1181 1245 1225 1279 ut
1251 1240 1352 1278 alter
1380 1244 1548 1291 ponatur
1572 1249 1646 1288 pro
1669 1236 1726 1274 al-

300 1311 384 1344 tero
421 1304 506 1341 siue
543 1303 782 1351 discrimine,
820 1307 887 1340 aut
913 1303 991 1351 ita,
1028 1308 1072 1341 ut
1099 1303 1199 1341 alter
1226 1303 1264 1339 in
1294 1302 1416 1340 altero
1443 1303 1534 1340 insit
1562 1301 1663 1338 sicut
1689 1299 1728 1336 in

294 1379 440 1417 genere
468 1366 637 1417 species.
678 1365 783 1414 Quid
811 1365 864 1403 sit
893 1379 962 1403 cur
985 1365 1133 1403 Zellius
1163 1362 1385 1416 ἐνυπάρχει
1412 1378 1526 1415 quam
1554 1361 1728 1413 ὑπάρχει

293 1441 350 1468 vs,
379 1431 427 1466 15
465 1429 597 1480 legere
613 1428 818 1476 maluerit,
848 1428 1028 1478 equidem
1057 1440 1132 1466 non
1160 1429 1360 1480 intelligo:
1387 1440 1453 1466 res
1482 1430 1590 1466 certe
1617 1426 1731 1477 plane

301 1491 438 1530 eadem
475 1495 607 1528 manet
646 1511 693 1518 -—
723 1495 894 1528 assumta
934 1491 1199 1541 propositione
1226 1491 1305 1529 AB
1339 1492 1385 1528 fit
1413 1490 1663 1540 syllogismus
1691 1488 1729 1524 in

299 1565 377 1603 quo
405 1553 622 1591 admittitur
649 1552 784 1603 petitio
811 1552 1004 1603 principii.
1059 1552 1237 1602 Namque
1267 1554 1300 1591 si
1327 1553 1540 1604 permutari
1566 1553 1732 1602 possunt

300 1616 335 1653 Β
364 1620 405 1654 et
434 1616 492 1663 Γ,
521 1615 826 1667 propositionem
855 1615 934 1652 AB
961 1627 1033 1664 per
1060 1614 1144 1652 AF
1167 1619 1208 1652 et
1236 1615 1309 1653 ΓΒ
1337 1616 1431 1653 item
1459 1615 1730 1652 demonstrare

301 1677 435 1716 licebit
471 1680 588 1725 atque
621 1670 974 1714 demonstravimus
1001 1676 1085 1714 AF
1105 1689 1178 1727 per
1203 1677 1282 1716 AB
1311 1681 1349 1715 et
1378 1677 1467 1723 ΒΓ,
1494 1689 1612 1726 quum
1641 1687 1732 1726 pro—

299 1738 444 1790 positio
474 1738 559 1776 AF
575 1750 704 1787 neque
724 1738 845 1786 magis
870 1750 997 1788 neque
1025 1739 1151 1776 minus
1179 1740 1386 1778 manifesta
1414 1739 1467 1778 sit
1493 1751 1608 1788 quam
1638 1738 1731 1782 AB,

302 1806 344 1839 ut
371 1801 487 1839 liceat
514 1813 671 1838 sumere
699 1801 796 1848 AF,
825 1801 857 1838 si
885 1801 1002 1838 liceat
1028 1801 1118 1840 ΑΒ.
1158 1801 1238 1839 'lam
1268 1814 1359 1839 vero
1389 1804 1491 1846 (νῦν
1517 1799 1563 1840 δὲ
1587 1814 1647 1840 vs.
1670 1802 1733 1849 1⁷,

301 1864 343 1901 h.
373 1876 407 1901 e.
437 1861 472 1901 εἰ
499 1860 556 1913 μὴ
584 1860 864 1912 ἀντιστρέφει)
896 1864 929 1900 si
958 1863 994 1901 B
1022 1868 1063 1902 et
1091 1865 1132 1903 F
1159 1865 1372 1915 permutari
1400 1869 1617 1914 nequeunt,
1643 1863 1734 1914 quia

303 1925 471 1963 alterum
491 1925 615 1963 altero
638 1926 751 1964 latius
781 1929 900 1976 patet,
927 1926 1003 1964 hoc
1022 1927 1181 1975 quidem
1210 1928 1368 1972 (τοῦτο,
1396 1927 1435 1964 h.
1458 1940 1492 1965 e.
1513 1923 1561 1965 τὸ
1584 1924 1640 1977 μὴ
1663 1924 1734 1965 ἄν·

301 1985 570 2038 nemimem),
599 1988 686 2036 quia
706 1987 923 2038 propositio
947 1988 1020 2026 FB
1042 1989 1288 2038 particularis
1312 2001 1406 2026 esse
1429 1989 1572 2037 debet,
1601 1989 1735 2039 prohi-

302 2052 384 2099 bet,
412 2063 461 2089 ne
481 2050 749 2100 propositione
765 2050 847 2088 AB
867 2050 1136 2089 demonstrata
1166 2064 1236 2102 per
1256 2052 1340 2090 AF
1362 2055 1403 2089 et
1420 2051 1495 2090 FB
1510 2051 1580 2089 fiat
1598 2051 1736 2102 petitio

305 2113 497 2164 principii,
522 2113 606 2162 ipsa
634 2113 926 2150 demonstrandi
952 2113 1049 2150 ratio
1078 2126 1153 2152 non
1180 2115 1379 2164 prohibet.
1421 2114 1498 2162 Qui
1524 2125 1617 2152 vero
1644 2125 1736 2152 con-

305 2176 523 2214 versionem
560 2174 656 2212 facit
692 2179 768 2220 (vs.
801 2176 868 2220 18)
909 2175 1092 2225 principii
1119 2177 1348 2227 petitionem
1381 2176 1551 2215 admittit
1577 2180 1618 2214 et
1645 2187 1738 2214 con-

308 2239 485 2276 versione
511 2236 616 2275 fecta
644 2249 716 2288 per
743 2238 820 2276 tria
849 2238 923 2283 (cf.
952 2250 1008 2275 vs.
1041 2240 1171 2285 1—3,
1202 2239 1265 2276 ubi
1295 2239 1437 2277 litteris
1452 2238 1575 2276 ΑΒΓ
1593 2250 1736 2289 propo-

308 2302 471 2339 sitiones
490 2300 775 2349 significantur)
795 2300 1084 2345 conclusionem
1115 2301 1267 2339 reducit
1293 2302 1341 2339 ad
1369 2301 1410 2339 id
1437 2313 1510 2352 per
1533 2301 1640 2351 *qnod
1667 2301 1738 2339 de-

310 2367 524 2402 monstrata
552 2367 632 2401 est:
672 2375 758 2401 uam
796 2363 830 2400 si
859 2363 1017 2413 ponitur
1044 2364 1262 2414 propositio
1291 2364 1392 2410 AB,
1428 2364 1612 2402 adiuncta
1646 2374 1738 2413 pro-

308 2427 506 2477 positione
536 2423 616 2464 BF
645 2426 898 2481 consequitur
933 2426 1034 2473 ΑΓ;
1075 2428 1108 2465 si
1135 2427 1232 2474 ΑΓ,
1268 2427 1447 2465 adiuncta
1474 2426 1739 2476 propositione

312 2489 385 2528 FB
421 2488 652 2526 revertimur
689 2489 737 2526 ad
765 2489 856 2528 AB.
888 2488 934 2517 -‘-
975 2489 1210 2528 Particulam
1248 2487 1308 2536 ὥς
1346 2493 1438 2541 post
1470 2486 1740 2538 ἀντιστρέφοι

313 2565 366 2591 vs.
392 2553 465 2597 19,
495 2563 609 2601 quam
638 2564 764 2601 neque
792 2551 1029 2602 Philoponus
1056 2553 1214 2591 videtu-r
1240 2553 1576 2601 habuisseneque
1604 2551 1740 2590 habuit

314 2614 524 2662 Boethium,
561 2614 791 2664 quibuscum
827 2619 904 2654 vet.
942 2615 1038 2666 intp.
1077 2615 1166 2657 cod.
1193 2615 1317 2656 Goth.
1346 2618 1385 2653 et
1412 2614 1552 2665 optimi
1580 2613 1739 2652 codices

315 2677 551 2726 conspirant,
580 2677 795 2716 omisimus.

261 2740 344 2779 65⁸
362 2741 411 2778 19
438 2738 506 2777 Sin
541 2742 672 2779 autem
713 2739 931 2792 propositio
970 2740 1051 2780 ΒΓ
1069 2752 1145 2780 non
1173 2739 1296 2791 magis
1323 2743 1431 2778 certa
1457 2743 1521 2779 est
1544 2743 1588 2778 et
1612 2738 1738 2777 mani-
