1794 3086
586 177 853 223 Aualytica
876 176 1052 222 prioru-
1476 178 1557 220 491

96 277 412 333 propositionum
432 276 728 327 universalium,
750 275 857 317 uude
874 279 1054 317 nostram
1074 274 1287 316 lectionem
1305 273 1448 317 falsam
1462 289 1556 321 esse

98 347 248 396 pateat,
282 342 362 382 hoc
397 346 520 390 certe,
544 342 660 383 nobis
699 341 867 389 dabitur,
907 341 985 380 ista
1022 339 1147 380 verba
1171 351 1231 380 vs.
1256 341 1284 378 8
1310 339 1452 381 eadem
1490 356 1556 383 ra-

98 408 206 447 tione
226 405 459 459 explicanda
479 419 572 446 esse
599 410 720 458 atque
746 417 805 445 vs.
823 407 876 444 3⁷
902 403 1168 458 δειχθήσεται
1192 401 1251 452 ὡς
1275 401 1350 445 καὶ
1375 401 1442 446 ἐπὶ
1468 406 1558 449 τῶν

97 469 319 522 καθόλου,
359 484 461 523 quae
498 471 551 511 de
585 483 632 510 ea
668 469 967 509 demonstrandi
999 470 1155 509 ratione
1192 481 1311 521 quam
1344 469 1555 512 habuimus

97 538 245 577 58231
284 535 391 576 dicta
427 548 521 576 esse
557 538 670 588 patet
703 545 754 572 ex
790 533 841 572 iis
874 546 976 584 quae
1003 534 1115 573 addit
1140 546 1200 574 vs.
1229 535 1306 573 38:
1335 547 1458 586 quare
1486 536 1555 588 qui

96 601 308 641 lectionem
347 599 547 650 vulgarem
574 598 717 651 probat
742 597 847 637 hanc
883 597 1164 637 difficultatem
1203 598 1388 648 habebit,
1432 601 1554 651 quod,

98 677 218 717 quum
237 676 317 703 vss.
337 664 489 701 8—-10
516 663 658 702 eadem
694 661 850 701 ratione
876 662 1131 713 explicandos
1158 674 1249 701 esse
1277 668 1470 715 appareat
1495 671 1556 706 nt-

97 740 177 780 que
211 739 290 767 vss.
319 728 512 773 34-38,
548 727 588 767 in
622 726 701 765 illis
740 725 848 764 dicat
874 726 1113 765 Aristoteles
1141 720 1218 765 ἐὰν
1252 723 1414 777 ὁμοίως
1438 726 1556 770 ἄντι-

97 794 272 844 στραφῇ
310 787 452 844 ὥσπερ
485 789 590 834 κάπὶ
625 789 715 830 τῶν
749 788 971 841 καθόλου,
1014 788 1095 830 οὐκ
1126 785 1214 830 ἔστι
1251 788 1395 840 δεῖξαι,
1423 793 1464 833 iu
1491 793 1556 834 his

97 870 193 898 vero
229 854 388 908 ὁμοίως
425 854 693 910 δειχθήσεται
713 853 788 903 ὡς
823 852 897 895 καὶ
932 850 1002 895 ἐπὶ
1035 854 1123 895 τῶν
1157 854 1379 896 καθόλουε
1416 863 1559 911 aperte

98 922 220 973 igitur
257 921 332 960 sibi
357 922 445 974 ipse
481 920 720 961 contradicit
745 919 1007 960 Aristoteles:
1045 932 1118 959 nos
1146 919 1250 960 hanc
1276 921 1558 966 difficultatem

100 986 315 1035 habemus,
353 985 459 1036 quod
500 998 557 1025 vs.
585 989 611 1025 8
638 984 903 1024 demonstrari
941 984 1203 1024 conversione
1229 984 1330 1025 dicit
1355 985 1395 1024 id
1423 986 1558 1040 ipsum

99 1051 139 1090 in
178 1062 258 1101 quo
295 1050 595 1089 conversionem
632 1050 765 1088 locum
804 1048 955 1088 habere
987 1053 1106 1101 negat
1132 1061 1189 1088 vs.
1218 1050 1292 1088 34:
1321 1049 1428 1102 quod
1457 1063 1559 1103 quo-

99 1116 220 1155 modo
248 1113 539 1167 explanandum
568 1114 618 1152 sit
645 1113 921 1154 indicavimus.

158 1220 258 1274 Cap.
286 1220 326 1258 6.
357 1219 409 1258 In
428 1219 736 1260 universalibus
760 1222 1007 1275 syllogismis
1032 1219 1246 1262 secundae
1260 1221 1437 1275 figurae
1459 1233 1560 1274 pro-

42 1285 199 1341 positio
235 1286 452 1339 affirmans
488 1298 573 1324 non
600 1284 924 1336 demonstratur,
953 1285 1261 1326 demonstratur
1288 1298 1478 1337 negans.-
1506 1286 1561 1324 2¹1

36 1351 94 1390 vin
116 1349 448 1405 particularibus
470 1350 703 1403 propositio
724 1351 1002 1404 particularis
1027 1350 1117 1390 sola
1144 1349 1469 1392 demonstratur.

48 1438 137 1477 58b
151 1439 199 1476 15
228 1435 283 1477 οὐ
301 1433 531 1486 δείκνυται,
556 1435 683 1477 intell.
713 1434 786 1477 διὰ
812 1435 972 1478 τούτου
999 1439 1081 1478 τοῦ
1107 1436 1286 1488 τρόπου,
1316 1436 1357 1475 in
1385 1436 1562 1476 secunda

101 1502 255 1552 figura,
272 1499 324 1540 iin
352 1514 446 1551 qua,
474 1513 597 1551 quum
625 1501 831 1540 conclusio
859 1515 977 1553 quae,
1007 1503 1040 1541 si
1067 1501 1220 1541 circulo
1247 1501 1561 1548 demonstratur,

101 1565 384 1617 propositionis
424 1564 586 1603 alterius
621 1564 753 1602 locum
790 1569 904 1605 tenet
931 1566 1068 1618 utique
1095 1569 1227 1618 neget,
1255 1568 1424 1616 utraque
1453 1569 1565 1604 certe

101 1629 345 1682 propositio,
384 1641 433 1667 ex
461 1641 537 1680 qua
565 1627 715 1667 circulo
743 1628 1098 1670 demonstrandum
1127 1629 1202 1679 sit,
1240 1641 1318 1668 nou
1346 1629 1425 1668 erit
1449 1628 1564 1668 affir-

101 1706 235 1733 mans:
275 1694 401 1731 miror
437 1692 699 1731 Aristotelem
735 1705 813 1732 non
852 1692 957 1732 hanc
982 1695 1178 1733 rationem
1205 1693 1340 1745 potius
1366 1693 1564 1744 attulisse,

104 1758 210 1810 quod
226 1769 349 1808 quum
368 1757 407 1795 in
422 1755 596 1794 secunda
612 1755 738 1806 figura
756 1756 958 1795 conclusio
976 1757 1180 1796 affirmans
1195 1768 1287 1795 esse
1299 1761 1484 1807 nequeat,
1512 1769 1565 1797 ne

104 1821 253 1862 circulo
267 1821 430 1872 quidem
444 1820 710 1859 demonstrari
726 1820 851 1871 possit
865 1821 1089 1873 propositio
1106 1820 1311 1860 affirmans
1330 1821 1369 1860 in
1389 1820 1565 1861 secunda

102 1887 246 1940 figura.
315 1884 578 1935 Quamquam,
618 1885 828 1936 quominus
866 1885 943 1924 alia
979 1886 1132 1925 ratione
1172 1885 1397 1936 propositio
1432 1886 1565 1925 minor

103 1950 222 2003 primi
258 1949 476 2000 syllogismi
512 1949 664 2000 figurae
693 1948 892 1988 secundae
929 1949 1080 1989 circulo
1117 1949 1385 1988 demonstrari
1419 1949 1565 2000 possit,

43 2058 45 2060 ,
104 2015 203 2055 nihil
238 2013 430 2065 impedit:
467 2025 559 2051 nam
596 2025 716 2063 quum
750 2013 980 2053 conclusum
1022 2013 1076 2052 sit
1101 2011 1150 2053 τὸ
1178 2013 1216 2052 Β
1243 2011 1352 2053 κατὰ
1378 2011 1565 2065 μηδενὸς

103 2081 184 2121 τοῦ
221 2078 281 2124 Γ,
318 2077 354 2116 si
392 2077 562 2116 sumitur
600 2067 635 2130 ᾧ
670 2075 719 2117 τὸ
756 2078 794 2117 Β
830 2076 1003 2130 μηδενί,
1039 2075 1089 2118 τὸ
1116 2078 1159 2118 Α
1184 2075 1315 2117 παντὶ
1340 2075 1564 2131 ὑπάρχειν,

107 2153 355 2193 consequens
383 2147 447 2180 est
472 2138 522 2181 τὸ
548 2141 591 2180 Λ
616 2139 725 2182 κατὰ
753 2140 914 2190 παντὸς
940 2145 1021 2183 τοῦ
1049 2143 1108 2183 F:
1147 2155 1279 2194 neque
1306 2146 1439 2182 tamen
1466 2143 1564 2183 Ari-

106 2206 273 2248 stoteles
301 2206 380 2245 hoc
407 2205 568 2245 videtur
595 2212 849 2258 perspectum
877 2208 1083 2248 hahuisse.

53 2273 206 2313 58b20
232 2270 329 2310 Post
351 2267 548 2322 ὑπάρχον
585 2270 792 2311 omisimus
833 2273 940 2324 quod
973 2271 1092 2323 vulgo
1129 2270 1338 2324 legebatur
1362 2272 1423 2323 τῷ
1449 2268 1497 2312 δὲ
1525 2272 1570 2312 Γ

105 2332 256 2388 μηδενί
283 2335 455 2387 optimos
492 2334 652 2374 codices
690 2335 839 2375 secuti:
876 2348 1050 2387 namque
1086 2335 1288 2375 conclusio
1315 2348 1434 2387 quam
1460 2336 1564 2377 haec

106 2401 228 2441 verba
255 2399 503 2451 significant,
531 2412 653 2450 quum
679 2411 760 2439 nou
787 2404 1054 2448 convertatur,
1084 2400 1158 2439 sed
1184 2399 1275 2439 talis
1303 2404 1484 2442 sumatur
1510 2400 1564 2441 ad

108 2464 487 2505 demonstrationem
525 2463 652 2515 qualis
689 2463 796 2503 facta
831 2468 907 2514 est,
942 2464 1062 2504 facile
1088 2463 1332 2516 intelligitur,
1371 2464 1492 2504 etiam
1529 2463 1567 2504 si

108 2543 186 2570 non
215 2541 408 2581 expressa
436 2528 502 2567 sit.
557 2527 668 2567 Idem
695 2527 847 2567 factum
873 2529 1056 2568 videmus
1084 2529 1219 2567 59³8.

55 2595 208 2639 581125
235 2591 307 2634 διὰ
331 2589 410 2644 μὲν
439 2586 521 2632 οὖν
542 2621 551 2632 .
577 2620 587 2630 .
609 2621 619 2631 .
643 2591 936 2632 Demonstratio
954 2591 1244 2644 propositionis
1269 2591 1430 2635 maioris
1447 2592 1568 2646 primi

109 2659 219 2700 modi
238 2671 315 2698 non
342 2658 403 2705 fit,
430 2662 475 2696 ut
503 2657 544 2696 in
571 2657 914 2705 antecedentibus,
943 2669 993 2695 ex
1021 2656 1277 2696 conclusione
1304 2659 1347 2696 et
1374 2670 1568 2697 conversa

101 2722 234 2768 ‚altera
252 2721 542 2775 propositione,
563 2719 634 2760 sed
661 2725 821 2772 praeter
846 2720 935 2770 has,
964 2720 1161 2771 quianon
1189 2720 1460 2774 colligiturcA
1487 2733 1565 2762 non

107 2786 335 2840 praedicuri
360 2785 414 2827 tie
441 2785 500 2838 B,
527 2785 599 2827 sed
629 2783 667 2825 Β
701 2796 780 2825 non
806 2784 1033 2837 praedicari
1058 2785 1112 2826 de
1138 2785 1203 2835 A,
1242 2785 1365 2885 (ἔξω
1392 2786 1469 2827 alia
1495 2786 1568 2827 de-

159 2850 190 2884 1.
1278 2866 1301 2883 a
