1838 3086
596 208 855 254 Anaiytica
886 207 1056 253 priora.
1516 206 1598 247 427

191 307 292 362 Cap.
321 307 387 350 28.
457 307 844 348 Demonstrandum
881 312 943 347 est
986 306 1138 360 confici
1161 318 1283 360 posse
1321 304 1597 360 quodcunque

81 373 307 425 colligatur
332 384 411 426 per
437 373 697 412 universales
724 372 980 424 syllogismos
1004 372 1170 425 primae
1187 373 1377 425 figurae.
1426 371 1479 408 23
1511 371 1594 410 Ge-

78 438 261 477 neratim
289 443 592 490 componuntur
619 449 892 490 quaecunque
921 436 1064 488 colligi
1086 441 1273 489 possunt.
1329 437 1382 473 30
1417 432 1471 473 Ut
1496 447 1595 488 pro-

79 502 224 541 veniat
269 502 447 555 simplex
497 502 726 549 conclusio,
785 499 946 539 duabus
983 499 1348 553 propositionibus*
1380 512 1502 552 opus>
1533 503 1595 538 est

79 567 131 604 37
178 566 312 618 iisque
359 565 590 604 coniunctis
633 578 712 617 per
758 565 986 603 terminum
1031 564 1239 603 medium:
1293 566 1441 602 41213
1487 576 1597 617 quae

79 628 247 682 quidem
287 630 524 668 coniunctio
563 629 722 682 triplex·
760 633 833 668 est.
899 630 952 667 22
991 628 1162 667 Eadem
1194 629 1308 667 ratio
1351 641 1494 667 eorum
1521 632 1596 676 est,

82 705 192 745 quae
231 692 485 732 deductione
515 694 646 744 facta
690 692 747 732 ad
788 691 1014 731 absurdum
1052 692 1416 738 demonstrantur,
1465 695 1516 731 3⁴1
1555 696 1598 731 et

79 769 354 810 quaecuuque
382 757 662 809 conficiuntur
689 755 731 806 ἐξ
751 755 1011 804 ὑποθέσεως.
1068 757 1125 794 bl
1152 755 1375 809 Colligitur
1392 756 1503 809 quod
1521 756 1598 796 hoc

80 833 170 872 cap.
204 819 533 859 demonstratum
566 826 639 859 est.

77 883 227 923 40b17
249 885 379 935 Quum
398 884 530 923 adhuc
552 897 623 923 nos
644 884 866 936 edocuerit,
886 885 1028 937 quibus
1041 884 1184 936 positis
1197 897 1298 935 quae
1310 884 1380 922 fiat
1394 883 1597 922 conclusio

130 952 172 986 et
199 961 275 998 qua
313 949 466 987 ratione
495 949 577 998 fiat,
604 950 681 988 iam
711 950 958 989 demonstrat
986 954 1148 1000 praeter
1177 961 1247 986 eos
1276 961 1378 998 quos
1409 948 1596 998 exposuit

132 1011 274 1051 modos
304 1025 380 1051 non
409 1013 495 1051 dari
523 1013 644 1051 alium
669 1026 752 1064 ,quo
781 1013 877 1064 quid
904 1015 1037 1064 possit
1065 1013 1224 1063 colligi:
1255 1012 1359 1063 quod
1388 1013 1423 1050 si
1451 1012 1596 1063 proba-

131 1078 216 1113 tum
246 1076 337 1122 erit,
366 1077 546 1126 sequitur
575 1077 773 1128 prioribus
804 1077 961 1116 duobus
981 1076 1112 1116 modis
1133 1077 1285 1127 primae
1304 1076 1458 1126 figurae
1477 1088 1600 1128 posse

131 1139 398 1178 demonstrari
437 1141 703 1192 quodcunque
741 1142 1054 1180 demonstretur.
1111 1141 1293 1190 Apparet
1330 1140 1438 1186 inde,
1477 1152 1595 1191 quam

102 1203 270 1253 ‚inepte
306 1202 556 1254 Philoponus
594 1194 696 1243 hanc
732 1210 890 1255 partem
937 1205 1029 1243 libri
1074 1204 1330 1256 inscripserit
1366 1201 1465 1255 περὶ
1508 1202 1597 1243 τῶν

137 1264 412 1306 ὑποθετικῶν
440 1269 749 1321 συλλογισμῶν.

83 1331 238 1370 401124
264 1329 292 1383 ἢ
319 1329 514 1384 ὑπάρχον
540 1346 580 1372 τι
607 1331 634 1385 ἢ
784 1332 966 1372 Verbum
1003 1330 1212 1384 ὑπάρχειν
1249 1331 1327 1370 hoc
1360 1331 1452 1370 loco
1481 1332 1601 1371 latius

133 1400 270 1446 patet:
299 1410 388 1435 nam
420 1398 698 1449 accipiendum
727 1401 791 1436 est
817 1409 895 1436 non
924 1397 1051 1435 solum
1082 1397 1133 1436 de
1161 1397 1209 1434 iis
1236 1409 1336 1446 quae
1364 1396 1604 1447 simpliciter

135 1460 429 1509 praedicantur,
459 1461 530 1499 sed
562 1463 679 1500 etiam
710 1463 762 1500 de
790 1461 838 1499 iis
867 1473 970 1511 quae
998 1461 1151 1499 incerte
1173 1466 1215 1499 et
1236 1473 1338 1511 quae
1357 1461 1600 1502 necessario.

131 1543 185 1551 —--
212 1523 318 1562 Num
346 1523 525 1564 affirmet
552 1526 756 1567 conclusio
785 1538 834 1563 an
864 1529 997 1575 neget,
1026 1537 1119 1563 num
1150 1525 1202 1562 de
1230 1530 1316 1563 toto
1341 1537 1387 1563 an
1412 1526 1464 1576 de
1483 1529 1602 1577 parte

133 1586 282 1637 aliquid
313 1588 534 1638 praedicet,
575 1589 676 1627 nihil
714 1589 811 1627 facit
839 1588 888 1626 ad
925 1588 964 1626 id
993 1588 1100 1637 quod
1131 1588 1482 1627 demonstrandum
1511 1589 1601 1628 Ari-

132 1651 302 1689 stoteles
331 1651 409 1689 hoc
439 1652 527 1689 loco
557 1653 632 1690 sibi
661 1653 883 1703 proposuit,
920 1664 1061 1690 omnes
1088 1652 1345 1703 syllogismos
1374 1653 1516 1691 reduci
1546 1654 1598 1692 ad

135 1714 380 1753 universales
431 1715 684 1766 syllogismos
738 1716 892 1766 primae
937 1715 1115 1764 figurae3
1162 1728 1252 1753 narn
1302 1716 1392 1768 ipsa
1436 1717 1603 1756 demon-

135 1778 287 1816 strandi
316 1778 419 1816 ratio
448 1779 587 1816 eadem
617 1784 773 1819 manet:
803 1779 875 1816 alia
906 1782 983 1823 est,
1015 1779 1049 1816 si
1076 1783 1186 1817 recta
1213 1779 1276 1816 via
1309 1782 1603 1831 argumentatio

133 1842 331 1893 procedit,
360 1842 452 1889 alia,
480 1842 515 1879 si
545 1842 757 1881 deducitur
785 1842 836 1880 ad
865 1841 1127 1893 impossibile.
1184 1841 1274 1886 Hoc
1301 1843 1377 1881 erit
1403 1845 1524 1896 igitur
1551 1845 1603 1884 ad

135 1906 240 1956 qnod
270 1906 475 1956 respicere
503 1906 754 1954 debebimus,
792 1906 826 1944 si
863 1905 1079 1944 ostendere
1106 1905 1290 1945 volumus
1318 1908 1426 1957 quod
1453 1922 1601 1961 propo-

136 1969 256 2008 situm
286 1973 383 2007 est..

82 2033 234 2073 40b25
272 2029 315 2081 ἐξ
341 2029 603 2079 ὑποθέσεως.
667 2031 945 2083 Hypothetica
981 2032 1135 2072 dicitur
1171 2032 1460 2074 demonstratio
1500 2049 1602 2088 quae

135 2110 214 2137 non
242 2103 352 2135 recta
380 2098 514 2148 pergit
541 2110 563 2135 a
591 2096 936 2148 propositionibus
974 2097 1115 2135 sumtis
1153 2097 1202 2135 ad
1241 2098 1281 2136 id
1320 2100 1429 2149 quod
1467 2101 1603 2154 colligi

137 2161 272 2206 debet,
313 2160 384 2198 sed
414 2173 528 2210 quae,
567 2166 613 2199 ut
640 2159 797 2198 efficiat
833 2160 938 2209 quod
966 2161 1065 2208 vult,
1102 2161 1176 2199 alia
1214 2163 1406 2211 quaedam
1436 2170 1602 2214 praeter

135 2225 244 2275 ipsas
263 2224 572 2274 propositiones,
600 2230 646 2263 ut
674 2224 749 2266 sibi
769 2225 1052 2272 concedantur,
1082 2226 1281 2275 postulat:
1312 2239 1413 2276 quae
1435 2240 1525 2266 cum
1551 2241 1602 2268 ex

138 2288 301 2326 alterius
337 2288 502 2326 arbitrio
540 2288 760 2338 pendeant,
805 2288 1097 2328 demonstratio
1139 2290 1286 2328 dicitur
1324 2291 1600 2343 hypothetica,

139 2352 289 2404 quippe
318 2364 419 2401 quae
447 2364 524 2390 uon
553 2351 786 2390 admittatur
812 2353 890 2390 nisi
919 2366 965 2391 ea
994 2353 1234 2402 conditione,
1264 2359 1309 2392 ut
1336 2367 1439 2403 quae
1459 2360 1600 2406 postu-

143 2416 278 2454 lentur
307 2415 451 2454 dentur
480 2416 527 2453 ab
566 2415 706 2453 altero.
769 2416 950 2466 Apparet
978 2417 1083 2463 inde,
1121 2423 1163 2455 et
1191 2430 1269 2467 quo
1298 2419 1385 2456 iure
1412 2419 1602 2461 deductio

139 2481 189 2519 ad
218 2480 469 2530 impossibile
497 2479 721 2530 appelletur
748 2479 1034 2519 demonstratio
1063 2481 1323 2532 hypothetica
1353 2504 1400 2510 --
1431 2496 1602 2535 namque

130 2548 185 2583 >ut
210 2543 296 2592 fiat,
337 2555 505 2582 necesse
546 2548 610 2582 est
649 2556 811 2582 sumere
838 2544 943 2595 quod
973 2545 1215 2583 conclusioni
1243 2552 1455 2597 repugnet,
1494 2550 1602 2599 quod

140 2609 174 2647 si
201 2620 248 2647 re
274 2620 366 2646 vera
394 2619 621 2660 repugnare
649 2612 691 2646 et
718 2621 808 2647 cum
838 2621 887 2647 eo
915 2609 977 2647 cui
1006 2614 1204 2660 repugnet
1230 2610 1349 2648 simul
1379 2613 1601 2652 consistere

142 2684 221 2711 non
255 2684 377 2723 posse
414 2678 583 2721 negetur
620 2672 669 2709 ab
707 2673 846 2722 altero,
884 2673 1071 2711 deductio
1107 2673 1237 2712 locum
1265 2687 1343 2713 non
1370 2675 1508 2724 habet,
1535 2676 1601 2718 cf.

146 2748 246 2786 quae
272 2734 452 2774 dicemus
479 2737 530 2775 ad
558 2737 707 2775 41:124
732 2757 786 2765 ·—
813 2741 856 2777 et
884 2737 977 2787 quid
1005 2737 1164 2776 intersit
1191 2738 1298 2777 inter
1325 2739 1601 2792 syllogismum

144 2798 452 2851 hypotheticum
488 2813 609 2852 quem
645 2805 764 2841 vocat
791 2800 1033 2842 Aristoteles
1055 2804 1110 2840 ·et
1145 2814 1238 2842 eum
1266 2815 1385 2854 quem
1421 2816 1495 2845 uos
1522 2805 1601 2845 hoc
