1780 3100
192 223 271 262 802
752 225 1130 260 Hermeneutica.

244 320 366 372 igitur
391 326 543 367 sumat,
572 322 731 360 absurdi
764 321 910 371 aliquid
939 323 1127 372 sequitur.
1183 320 1292 371 Quae
1318 323 1476 372 quidem
1503 324 1673 363 difficul-

244 388 306 423 tas
333 384 389 423 ita
415 385 577 431 tollitur,
612 389 659 422 ut
686 396 762 422 non
789 384 918 423 omnia
945 398 1044 435 quae
1071 385 1157 424 fieri
1184 386 1350 436 possint,
1379 399 1424 425 ea
1452 387 1572 425 etiam
1597 399 1674 426 non

244 446 334 485 fieri
361 460 480 498 posse
507 447 695 485 dicamus.

193 510 343 549 22b38
369 510 542 558 πρῶτον
562 507 640 558 μὲν
661 539 670 549 .
689 539 699 550 .
715 541 725 551 .
746 513 920 552 Primum
946 513 984 551 id
1014 512 1118 562 quod
1146 511 1305 549 rationis
1334 514 1394 549 est
1421 524 1577 561 expete,
1606 512 1673 549 de-

243 573 334 611 inde
362 573 464 623 quod
493 574 636 611 dicitur
662 575 749 614 fieri
776 590 907 626 posse,
937 577 1024 626 qnia
1053 576 1127 612 iam
1156 574 1305 612 sactum
1335 579 1408 612 est.
1474 574 1583 613 Nihil
1611 586 1674 611 se-

248 636 380 686 quitur
408 636 510 685 quod
541 639 779 687 respondeat
812 641 896 677 voci
925 639 1119 689 πρῶτον,
1158 637 1322 676 alterum
1359 649 1452 674 vero
1489 636 1675 674 orationis

246 699 465 736 membrum
515 702 618 749 quod
663 715 734 752 per
780 703 893 740 istam
931 715 1066 740 vocem
1105 701 1351 751 promittitur
1387 700 1521 749 incipit
1557 700 1675 736 23⁸6

245 755 353 799 ἔνιαι
381 758 426 799 δὲ
449 789 458 799 .
477 791 486 800 .
510 792 518 801 .
546 785 601 792 -
634 762 741 804 κατὰ
776 763 904 814 λόγον
942 763 1161 803 δυνατῶνι
1203 764 1400 801 1046α36
1436 758 1524 800 ἐπεὶ
1560 759 1596 799 δ’
1633 758 1678 799 αἱ

245 821 324 872 μὲν
351 821 399 863 ἐν
424 826 512 871 τοῖς
541 824 719 878 ἀψύχοις
747 824 1062 876 ἐνυπάρχουσιν
1089 821 1212 875 ἀρχαὶ
1237 826 1451 870 τοιαῦται,
1493 822 1538 862 αἱ
1564 823 1601 862 δ’
1631 820 1676 862 ἐν

244 888 334 933 τοῖς
360 883 558 939 ἐμψύχοις
577 888 648 929 καὶ
669 888 850 941 ἐνψυχῇ
870 887 941 928 καὶ
961 891 1035 941 τῆς
1054 890 1192 939 ψυχῆς
1219 883 1264 926 ἐν
1290 890 1347 938 τῷ
1374 885 1503 937 λόγον
1529 884 1675 937 ἔχοντι,

247 949 382 1003 δῆλον
417 949 482 990 ὄτι
518 951 585 991 καὶ
623 954 710 992 τῶν
748 953 973 1002 δυνάμεων
1009 951 1053 991 αἱ
1078 949 1155 1001 μὲν
1182 947 1347 990 ἔσονται
1373 951 1532 999 ἄλογοι,
1560 948 1605 988 αἱ
1631 947 1676 989 δὲ
1728 968 1731 970 -

245 1012 348 1064 μετὰ
374 1013 507 1064 λόγου
530 1043 539 1052 .
559 1046 568 1054 .
591 1047 599 1054 .
629 1014 699 1054 καὶ
739 1015 783 1055 αἱ
816 1014 892 1066 μὲν
919 1013 1021 1064 μετὰ
1047 1014 1178 1066 λόγου
1206 1017 1336 1053 πᾶσαι
1360 1014 1446 1053 τῶν
1473 1011 1677 1053 ἐναντίων

247 1075 293 1116 αἱ
320 1076 467 1126 αὐταί,
505 1077 550 1117 αἱ
584 1078 622 1118 δ’
660 1081 808 1131 ἄλογοι
843 1078 918 1130 μία
955 1076 1060 1125 ἑνός,
1090 1073 1184 1118 οἷον
1209 1077 1256 1118 τὸ
1284 1077 1448 1127 θερμὸν
1473 1079 1552 1116 τοῦ
1577 1079 1675 1127 θερ-

245 1140 410 1192 μαίνειν
438 1141 594 1192 μόνον,
630 1142 659 1195 ἡ
696 1142 741 1183 δὲ
781 1141 944 1195 ἰατρικὴ
982 1143 1115 1183 νόσου
1152 1140 1221 1182 καὶ
1256 1140 1424 1191 ὑγιείας.
1464 1140 1601 1180 αἴτιον
1631 1137 1676 1178 δὲ

248 1202 314 1245 ὅτι
350 1204 477 1255 λόγος
515 1203 627 1244 ἐστὶν
661 1205 690 1258 ἦ
727 1204 951 1258 ἐπιστήμη,
993 1205 1016 1246 ὁ
1054 1205 1099 1245 δὲ
1126 1205 1250 1256 λόγος
1277 1203 1301 1244 ὁ
1329 1204 1455 1250 αὐτὸς
1481 1203 1606 1254 δηλοῖ
1627 1201 1675 1242 τὸ

246 1271 421 1319 πρᾶγμα
455 1266 528 1308 καὶ
559 1267 638 1320 τὴν
664 1268 879 1319 στέρησιν,
918 1268 1028 1321 πλὴν
1056 1269 1132 1321 οὐχ
1159 1267 1358 1315 ὡσαύτως
1385 1265 1456 1306 καὶ
1482 1264 1593 1306 ἔστιν
1619 1264 1677 1312 ὡς

246 1330 424 1383 ἀμφοῖν,
443 1330 527 1371 ἔστι
547 1331 584 1372 δ’
606 1332 663 1380 ὡς
686 1336 765 1373 τοῦ
788 1332 1054 1384 ὑπάρχοντος
1080 1333 1253 1384 μᾶλλον,
1282 1332 1334 1372 cf.
1364 1332 1558 1369 10471131
1577 1343 1675 1380 sqq„

231 1397 585 1434 '10501231-34,
642 1398 827 1435 Ceterum
865 1399 956 1448 quid
998 1398 1050 1435 sit
1088 1395 1267 1445 δύναμις
1293 1395 1397 1445 apud
1425 1393 1676 1432 Aristotelem

245 1471 280 1498 v.
308 1463 400 1498 met.
429 1460 484 1505 A,
517 1462 575 1498 12.
604 1459 767 1509 Trdlbg.
795 1461 846 1498 de
874 1474 932 1498 an.
963 1474 998 1510 p.
1029 1462 1105 1498 295
1126 1472 1224 1509 sqq.,
1255 1459 1369 1496 Biese
1392 1457 1418 1497 l.
1448 1457 1585 1506 p.4·14
1604 1468 1676 1504 sq„

247 1523 327 1560 479
347 1534 432 1572 sqq.
470 1522 622 1569 Quibus
661 1523 866 1560 adiicimus
896 1523 999 1573 quod
1037 1520 1217 1572 δύναμις
1244 1522 1400 1571 saepius
1429 1520 1481 1557 ita
1509 1519 1677 1568 ponitur,

248 1589 303 1623 ut>
320 1584 425 1622 idem
446 1584 500 1621 sit
522 1585 624 1632 quod
648 1583 794 1633 φύσιςε
822 1587 989 1623 681811
1012 1576 1131 1623 οὗτοι
1157 1582 1238 1635 γὰρ
1268 1581 1330 1629 (οἱ
1356 1581 1551 1632 σπόγγοι)
1567 1579 1677 1630 πάμ-

247 1659 336 1688 παν
364 1645 506 1698 ἔχουσι
532 1649 674 1695 φυτοῦ
703 1646 898 1697 δύναμιν.
939 1650 1015 1684 756
1028 1650 1081 1684 al
1118 1649 1278 1686 ἄτοπον
1305 1643 1349 1685 δὲ
1375 1643 1443 1684 καὶ
1471 1643 1518 1683 τὸ
1546 1642 1603 1694 μὴ
1632 1640 1678 1682 ἐν

220 1737 223 1742 -
247 1709 374 1751 παντὶ
400 1708 512 1761 γένει
537 1709 695 1761 ταύτην
721 1705 831 1748 εἶναι
855 1709 934 1762 τὴν
961 1709 1164 1759 δύναμιν,
1202 1707 1341 1760 ὥσπερ
1380 1706 1425 1747 ἐν
1461 1709 1547 1753 τοῖς
1575 1708 1676 1759 ζῳο-

249 1773 390 1820 τόκοις
427 1772 476 1813 τὸ
513 1771 589 1822 μὲν
616 1770 746 1822 άῤῥεν
771 1769 819 1812 τὸ
846 1772 891 1813 δὲ
917 1774 1046 1826 θῆλυ,
1075 1775 1180 1823 quod
1209 1773 1426 1824 explicatur
1453 1772 1604 1809 765b9
1629 1765 1678 1809 τὸ

207 1860 209 1863 -
249 1835 380 1888 ἄρῤεν
417 1834 491 1876 καὶ
524 1835 572 1876 τὸ
609 1838 724 1888 θῆλυ
761 1830 974 1887 διώρισται
1013 1836 1191 1887 δυνάμει
1228 1833 1311 1875 τινὶ
1347 1832 1419 1874 καὶ
1455 1832 1678 1885 ἀδυναμίᾳ.

250 1903 425 1941 ”1611125
452 1899 480 1952 ἡ
509 1898 554 1939 δὲ
580 1901 667 1939 τῶν
693 1899 1045 1951 ὀστρακοδέρμων
1071 1899 1314 1940 συνίσταται
1340 1897 1467 1949 φύσις
1491 1899 1578 1937 τῶν
1603 1894 1680 1947 μὲν

249 1963 520 2013 αὐτομάτως,
555 1960 681 2002 ἐνίων
720 1961 765 2002 δὲ
800 1962 1060 2015 προϊεμένων
1085 1962 1180 2002 τινὰ
1209 1962 1392 2012 δύναμιν
1420 1961 1493 2012 ἀφ’
1523 1960 1677 2000 αὐτῶν.

246 2028 378 2068 Alium
399 2028 543 2072 locum,
564 2039 640 2076 quo
661 2026 842 2076 δύναμις
872 2039 947 2064 non
974 2028 1148 2064 additum
1176 2031 1237 2064 est
1264 2026 1338 2063 nisi
1365 2030 1409 2063 ut
1435 2025 1679 2063 circumscri-

191 2118 194 2121 ,
248 2091 317 2130 bat
343 2091 468 2141 ipsam
497 2102 580 2126 rem
609 2091 719 2128 cuius
748 2094 809 2127 est
835 2088 1026 2139 δύναμις,
1055 2089 1234 2127 dedimus
1263 2088 1310 2126 ad
1339 2089 1473 2126 2³11.

196 2155 316 2194 23⁸3
345 2149 436 2193 ἔνια
462 2148 605 2202 μέντοι
625 2181 636 2193 .
658 2182 668 2193 .
694 2183 704 2193 .
736 2152 861 2190 Recte
897 2154 974 2190 hoe
1009 2152 1204 2189 intellexit
1240 2151 1310 2188 Iul.
1344 2150 1484 2188 Pacius
1521 2150 1573 2188 de
1605 2163 1680 2200 pa-

250 2218 375 2255 tiendi
396 2216 601 2260 facultate,
630 2216 742 2253 cuius
770 2216 990 2265 exemplum
1021 2214 1130 2251 dedit
1156 2214 1327 2252 22b34:
1355 2226 1442 2250 nam
1471 2225 1571 2262 quae
1598 2214 1680 2263 pati

250 2282 439 2331 possunt,
478 2291 524 2316 ea
552 2278 655 2315 idem
685 2278 799 2315 etiam
828 2283 993 2327 possunt
1019 2289 1095 2314 non
1123 2277 1214 2326 pati.
1269 2277 1462 2313 1046al9
1490 2270 1680 2324 φανερὸν

251 2336 333 2382 οὖν
359 2339 424 2381 ὅτι
451 2339 535 2380 ἔστι
562 2337 638 2391 μὲν
666 2337 723 2387 ὦς
749 2339 823 2391 μία
851 2339 1032 2389 δύναμις
1057 2341 1136 2378 τοῦ
1162 2339 1299 2377 ποιεῖν
1324 2336 1395 2378 καὶ
1412 2337 1594 2388 ’πάσχειν
1610 2368 1619 2377 .
1637 2367 1646 2376 .
1669 2368 1678 2376 .

250 2403 336 2446 ἔστι
374 2404 411 2445 δ’
453 2403 510 2451 ὡς
536 2405 651 2455 ἄλλη.
704 2402 732 2455 ἦ
767 2400 844 2454 μὲν
881 2402 963 2453 γὰρ
1001 2400 1046 2442 ἐν
1083 2403 1141 2456 τῷ
1168 2401 1385 2453 πάσχοντι·
1427 2399 1496 2440 διὰ
1522 2399 1603 2452 γὰρ
1630 2397 1679 2441 τὸ

251 2467 359 2521 ἔχειν
394 2466 489 2507 τινὰ
525 2466 658 2519 ἀρχὴν
693 2465 764 2507 καὶ
791 2462 899 2506 εἶναι
926 2466 996 2506 καὶ
1023 2465 1100 2518 τὴν
1125 2464 1231 2517 ὕλην
1257 2464 1391 2516 άρχήν
1416 2477 1510 2503 τινα
1536 2463 1681 2516 πάσχει

249 2528 298 2572 τὸ
317 2531 479 2583 πάσχον
500 2529 571 2571 καὶ
586 2533 688 2570 ἄλλο
709 2529 781 2570 ὑπ’
810 2532 940 2570 ἄλλου
962 2559 972 2569 .
993 2558 1003 2568 .
1029 2559 1038 2568 .
1069 2529 1098 2582 ἦ
1126 2529 1164 2569 δ’
1193 2528 1238 2569 ἐν
1263 2530 1322 2583 τῷ
1349 2530 1558 2577 ποιοῦντι,
1587 2522 1682 2568 οἷον

250 2594 297 2636 τὸ
324 2595 488 2646 θερμὸν
515 2593 585 2634 καὶ
611 2593 640 2647 ἦ
667 2592 927 2646 οἰκοδομική.
967 2595 1096 2643 Quum
1124 2594 1243 2643 igitur
1270 2593 1450 2641 loquatur
1479 2593 1528 2629 de
1556 2592 1680 2630 facul-

250 2662 335 2698 tate
363 2659 564 2709 patiendi‚
602 2670 679 2696 non
715 2658 856 2696 mirum
894 2662 955 2696 est
990 2657 1095 2707 quod
1132 2657 1182 2694 de
1209 2655 1307 2693 coel.
1337 2655 1513 2693 281b20
1539 2655 1681 2693 dicitur

252 2720 437 2772 δύναμιν
461 2720 569 2774 ἔχειν
588 2723 667 2768 τοῦ
688 2718 745 2773 μὴ
767 2715 888 2771 εἶναι,
901 2721 980 2760 ubi
1001 2718 1184 2770 δύναμιν
1209 2715 1317 2769 ἔχειν
1343 2730 1420 2757 non
1448 2730 1566 2757 sensu
1586 2729 1680 2768 pro-
