1780 3100
186 197 265 245 320
777 207 1083 252 categoriae.

238 301 548 359 πεπερασμένη·
588 302 642 343 οὐ
677 301 759 354 γὰρ
795 306 909 343 πᾶσα
937 302 983 343 ἐν
1009 302 1229 352 ἐναντίοις.
1274 306 1442 345 26οεἳῖ
1468 304 1598 355 τριῶν
1625 306 1663 347 δ’

242 365 384 407 οὐσῶν
416 367 641 419 κινήσεων,
677 369 752 419 τῆς
787 379 830 406 τε
863 366 970 407 κατὰ
995 366 1174 419 μέγεθος
1199 365 1270 409 καὶ
1293 372 1368 420 τῆς
1395 367 1500 408 κατὰ
1527 369 1666 417 πάθος

241 433 384 482 [quare
424 433 561 468 15823
596 429 644 469 τὸ
671 429 976 481 ἀλλοιούμενον
1014 431 1188 483 appellat
1222 430 1269 478 τὸ
1305 430 1410 471 κατὰ
1436 430 1577 478 πάθος
1602 446 1667 472 κι-

240 492 473 543 νούμενον)
511 491 581 531 καὶ
616 495 690 545 τῆς
727 492 832 533 κατὰ
858 493 990 534 τόπον
1019 496 1088 539 (cf.
1117 496 1336 541 465b31)‚
1374 495 1429 547 ἣν
1455 497 1668 544 καλοῦμεν

241 555 397 607 φοράν,
425 554 582 607 ταύτην
609 555 841 608 ἀναγκαῖον
869 552 977 596 εἶναι
1003 556 1184 608 πρώτην.
1214 580 1264 586 -
1293 561 1461 596 323315
1489 556 1559 597 καὶ
1585 556 1667 609 γὰρ

239 619 290 670 τὸ
312 620 464 658 κινοῦν
481 621 619 658 ποιεῖν
645 619 685 659 τί
713 630 818 672 φασι
845 618 916 661 καὶ
942 620 989 660 τὸ
1012 623 1173 659 ,ποιοῦν
1192 622 1364 660 κινεῖν..
1378 652 1387 661 .
1412 620 1515 661 ἀλλὰ
1538 620 1585 661 τὸ
1606 634 1667 660 κι-

238 684 330 721 νεῖν
353 679 420 720 έπὶ
439 681 567 721 πλέον
586 686 666 723 τοῦ
693 686 828 723 ποιεῖν
850 682 971 723 ἐστίν.
1009 686 1116 722 3248
1129 685 1180 722 24
1206 681 1281 722 τὸν
1309 682 1438 723 αὐτὸν
1468 682 1512 724 δὲ
1538 684 1669 735 λόγον

240 743 506 797 ὑποληπτέον
528 741 637 785 εἶναι
658 746 752 797 περὶ
772 750 850 787 τοῦ
871 749 1007 786 ποιεῖν
1028 744 1100 785 καὶ
1124 746 1294 797 πάσχειν
1322 745 1450 798 ὅνπερ
1478 746 1548 787 καὶ
1572 745 1668 797 περὶ

238 811 317 849 τοῦ
338 811 470 848 κινεῖν
486 806 557 848 καὶ
578 812 796 850 κινεῖσθαι.
827 810 949 861 διχῶς
969 808 1050 860 γὰρ
1075 807 1232 858 λέγεται
1251 807 1322 848 καὶ
1348 809 1395 848 τὸ
1421 812 1592 849 κινοῦν·
1621 807 1667 848 ἐν

240 863 273 924 ᾧ
300 885 343 911 τε
363 870 443 922 γὰρ
461 871 489 924 ἦ
511 870 617 924 ἀρχὴ
645 875 718 926 τῆς
736 873 952 924 κινήσεως,
976 871 1095 910 δοκεῖ
1117 874 1245 910 τοῦτο
1276 874 1427 910 κινεῖν.
1443 901 1474 912 .,
1497 870 1567 911 καὶ
1588 870 1667 911 πά-

238 937 306 974 λιν
324 935 372 974 τὸ
392 933 565 986 ἔσχατον
583 935 690 984 πρὸς
708 935 755 974 τὸ
779 935 1033 986 κινούμενον
1053 932 1123 973 καὶ
1145 933 1222 986 τὴν
1244 933 1417 985 γένεσιν.
1446 933 1601 985 ὁμοίως
1623 933 1668 974 δὲ

238 996 310 1038 καὶ
330 995 424 1047 περὶ
444 1000 522 1037 τοῦ
544 1001 772 1043 ποιοῦντος
786 1024 794 1034 .
809 1026 839 1035 ..
860 997 908 1037 τὸ
945 996 1022 1048 μὲν
1060 992 1138 1037 οὖν
1166 998 1337 1047 πρῶτον
1363 1000 1514 1037 κινοῦν
1542 996 1668 1038 οὐδὲν

239 1059 391 1100 κωλύει
416 1056 462 1099 ἐν
492 1058 569 1110 μὲν
597 1061 757 1112 κινήσει
785 1059 987 1112 ἀκίνητον
1018 1056 1126 1100 εἶναι
1147 1058 1208 1100 ἐπ’
1236 1058 1361 1100 ἐνίων
1383 1059 1428 1101 δὲ
1453 1059 1524 1101 καὶ
1542 1061 1668 1112 ἀναγ-

239 1125 365 1164 καῖον
379 1134 388 1143 ·
415 1122 463 1163 τὸ
484 1123 521 1163 δ’
546 1120 721 1176 ἔσχατον
750 1121 813 1163 ἀεὶ
832 1126 965 1163 κινεῖν
994 1123 1258 1173 κινούμενον.
1298 1127 1440 1163 40685
1463 1126 1563 1164 καθ’
1585 1124 1667 1164 ἕτε-

239 1200 320 1238 ρον
352 1185 397 1226 δὲ
424 1185 601 1239 λέγομεν
626 1190 888 1234 (κινεῖσθαι),
917 1186 996 1227 ὅσα
1015 1190 1189 1227 κινεῖται
1209 1188 1267 1240 τῷ
1290 1185 1335 1226 ἐν
1355 1187 1591 1239 κινουμένῳ
1612 1183 1668 1228 εἶ-

238 1264 323 1300 ναι,
354 1245 448 1290 οἷον
477 1252 712 1304 πλωτῆρες·
742 1251 794 1291 οὐ
822 1249 904 1302 γὰρ
927 1249 1083 1301 ὁμοίως
1110 1253 1329 1291 κινοῦνται
1355 1251 1413 1305 τῷ
1438 1252 1592 1305 πλοίῳ·
1619 1251 1667 1292 τὸ

238 1312 316 1364 μὲν
348 1311 430 1364 γὰρ
461 1316 560 1354 καθ’
598 1314 701 1354 αὐτὸ
728 1317 921 1363 κινεῖται,
969 1313 1011 1353 οἱ
1035 1312 1079 1353 δὲ
1109 1318 1166 1366 τῷ
1197 1311 1243 1353 ἐν
1273 1312 1509 1367 κινουμένῳ
1549 1310 1667 1354 εἶναι.

237 1379 344 1416 226α
354 1379 403 1414 19
427 1380 600 1417 κινεῖται
618 1377 666 1418 τὸ
685 1377 939 1426 κινούμενον
958 1381 1045 1417 πᾶν
1061 1378 1221 1429 τριχῶς,
1251 1376 1277 1429 ἢ
1298 1381 1355 1427 τῷ
1376 1376 1482 1417 κατὰ
1514 1378 1668 1429 συμβε-

240 1438 370 1492 βηκὸς
391 1438 418 1492 ἢ
438 1441 496 1495 τῷ
516 1439 644 1492 μέρος
659 1455 699 1480 τι
715 1440 742 1493 ἢ
767 1441 825 1494 τῷ
844 1442 943 1480 καθ’
967 1439 1070 1480 αὑτό
1084 1472 1093 1480 .
1106 1469 1137 1481 ..
1165 1439 1244 1492 τὴν
1266 1438 1310 1480 δὲ
1330 1440 1435 1480 κατὰ
1458 1441 1668 1492 συμβεβη-

237 1501 311 1549 κὸς
338 1502 515 1553 ἀφεῖμεν
543 1504 692 1544 ποίλαιε
730 1517 806 1554 quo
839 1505 994 1554 quidem
1029 1505 1114 1542 loco
1133 1516 1206 1542 non
1230 1502 1455 1543 ἀλλοίωσιν
1473 1505 1667 1542 Aristote-

237 1567 316 1604 lem
345 1567 579 1616 inteiiigere,
598 1569 648 1606 de
677 1581 749 1618 qua
770 1568 939 1603 317a25
967 1567 1060 1604 dicit
1079 1564 1182 1605 ὅταν
1200 1564 1236 1604 δ’
1257 1563 1302 1605 ἐν
1321 1569 1409 1613 τοῖς
1428 1565 1580 1605 πάθεσι
1597 1563 1669 1605 καὶ

235 1627 341 1669 κατὰ
369 1629 635 1681 συμβεβηκός
662 1625 710 1680 (ᾗ
737 1628 765 1680 ή
791 1627 1046 1679 μεταβολή),
1086 1627 1327 1675 ἀλλοίωσις,
1368 1642 1443 1667 non
1472 1630 1668 1679 estquod

237 1706 478 1732 moneamus,
528 1692 714 1741 Ceterum
742 1694 792 1730 de
821 1690 1036 1730 ἀλλοιώσει
1063 1703 1097 1728 v.
1126 1693 1270 1730 145a8
1296 1692 1395 1730 καθ’
1424 1689 1503 1730 ὅσα
1530 1690 1668 1730 ἀλλοι-

238 1757 362 1795 οῦται
387 1754 434 1794 τὸ
462 1750 582 1805 ἔχον,
605 1752 748 1793 ,οὐδὲν
773 1753 938 1793 τούτων
967 1750 1152 1803 διαφορὰ
1180 1750 1356 1792 ἐκείνου.
1398 1755 1575 1792 319b10
1602 1753 1670 1793 ἀλ-

236 1817 404 1864 λοίωσις
430 1817 507 1868 μέν
533 1814 655 1867 ἐστιν,
684 1815 787 1856 ὅταν
812 1815 1103 1868 ὑπομένοντος
1120 1819 1199 1856 τοῦ
1218 1814 1500 1864 ὑποκειμένου
1523 1815 1669 1867 αἰσθη-

236 1884 316 1921 τοῦ
344 1882 480 1927 ὄντος,
509 1880 743 1932 μεταβάλλῃ
773 1878 819 1920 έν
844 1883 932 1927 τοῖς
960 1879 1094 1919 αὑτοῦ
1122 1881 1302 1919 πάθεσιν
1327 1879 1354 1931 ἢ
1374 1877 1578 1927 ἐναντίοις
1598 1875 1669 1919 οὗ-

237 1952 306 1984 σιν
341 1943 367 1996 ἢ
396 1942 569 1995 μεταξύ,
614 1945 702 1982 coli.
731 1946 899 1982 3:311110
926 1949 967 1982 et
994 1956 1094 1993 quae
1121 1943 1171 1980 de
1199 1944 1362 1993 reliquis
1389 1944 1668 1982 mutationibus

239 2009 424 2046 dicuntur
451 2007 621 2044 319b15
649 2019 757 2056 seqq.
787 2012 826 2044 et
853 2007 903 2042 :31
932 2018 1064 2056 seqq.;
1105 2005 1282 2055 disputat
1318 2007 1423 2043 enim
1451 2006 1501 2043 de
1529 2006 1669 2044 discri-

237 2071 343 2108 mine
381 2070 484 2121 quod
522 2069 691 2106 habeant
723 2068 873 2119 singula
901 2068 1124 2105 mutationis
1152 2080 1308 2116 genera.
1364 2066 1598 2118 Voluptates
1627 2072 1669 2106 et

238 2133 396 2171 dolores
431 2133 602 2170 6662211
630 2135 818 2169 vocantur
844 2130 1027 2182 κινήσεις
1053 2130 1139 2169 τῶν
1165 2127 1302 2181 ἡδέων
1327 2128 1399 2170 καὶ
1423 2129 1510 2169 τῶν
1535 2130 1667 2180 λυπη-

237 2195 338 2247 ρῶν.

185 2261 330 2297 15a17
359 2257 484 2296 Buhle
510 2256 657 2295 adiecit
683 2253 901 2303 ἀλλοίωσις
927 2259 1019 2307 post
1047 2253 1145 2295 οὐδὲ
1172 2253 1200 2307 ἦ
1223 2268 1271 2294 ex
1301 2255 1533 2294 auctoritate
1558 2259 1669 2293 vete-

235 2322 289 2360 ris
316 2321 414 2370 intp.
443 2321 506 2359 iat.
561 2319 649 2357 Iure
685 2331 760 2357 non
796 2319 945 2370 recepit
974 2320 1092 2359 Bkk.:
1131 2332 1217 2357 nam
1246 2319 1285 2356 in
1314 2318 1568 2367 sequentibus
1596 2315 1666 2355 ἀλ-

234 2383 403 2429 λοίωσις
428 2383 638 2434 opponitur
664 2381 826 2432 reliquis
854 2382 1033 2420 omnibus
1062 2395 1162 2432 quae
1190 2380 1510 2419 commemoravit
1537 2384 1665 2417 motus

234 2445 465 2500 generibus,
506 2450 549 2483 ut
585 2445 725 2483 doceat
763 2445 864 2482 hanc
893 2445 1084 2482 diversam
1113 2456 1202 2482 esse
1228 2456 1250 2481 a
1277 2443 1452 2492 reliquis.
1508 2441 1667 2479 Etenim

234 2512 356 2549 verba
391 2506 591 2555 ὡσαύτως
617 2504 663 2546 δὲ
688 2504 760 2546 καὶ
787 2505 831 2546 αἱ
856 2507 977 2546 ἄλλαι
1000 2509 1135 2557 „item
1164 2511 1293 2544 autem
1321 2506 1436 2542 etiam
1464 2503 1666 2554 reliqnae''

237 2570 420 2623 (γένεσιν
446 2574 566 2617 dicit,
594 2570 790 2622 φθοράν,
819 2570 1005 2621 αὔξησιν,
1032 2570 1204 2620 μείωσιν
1231 2573 1270 2606 et
1297 2565 1534 2618 μεταβολὴν
1560 2564 1667 2606 κατὰ

235 2636 388 2683 τόπον)
417 2637 518 2675 hanc
545 2636 623 2673 vim
651 2635 818 2673 habent:
851 2635 973 2684 „item
1002 2638 1146 2682 autem,
1176 2633 1208 2670 si
1234 2631 1346 2670 binae
1374 2635 1576 2669 sumantur
1602 2642 1666 2668 re-

235 2699 378 2749 liquae,
403 2700 551 2737 'nullam
580 2707 714 2736 earum
744 2697 908 2736 eandem
937 2710 1028 2736 esse
1055 2709 1143 2735 cum
1170 2694 1243 2732 alia
1263 2693 1515 2731 manifestum
1536 2690 1663 2731 erit”:

234 2774 354 2813 quare
380 2763 498 2801 etiam
523 2762 641 2801 verba
666 2757 766 2800 οὐδὲ
789 2758 819 2812 ἦ
843 2758 949 2800 κατὰ
974 2758 1106 2800 τόπον
1129 2755 1338 2808 μεταβολή
1357 2756 1475 2796 alium
1498 2766 1656 2795 sensum
