1832 3112
611 178 868 226 AuaIytica
902 178 1074 224 priora.
1527 181 1608 222 527

147 277 225 317 iilis
262 278 383 317 rebus
421 278 622 331 propriam
650 277 695 327 (b
706 279 752 327 3)
779 301 832 309 —
859 291 947 319 eam
977 280 1085 329 dicit,
1111 291 1216 332 quae
1243 276 1291 320 ἐκ
1316 279 1405 320 τῶν
1431 279 1606 323 οἰκείων

145 341 304 395 α’ρχῶν,
331 343 380 382 ab
409 343 694 383 universalibus
711 343 1065 394 propositionibus,
1094 345 1303 384 scientium
1331 346 1607 387 ratiocinando

146 408 258 458 quasi
303 412 498 459 propagat
537 412 580 446 et
612 407 800 459 producit
840 409 891 447 ad
929 421 975 447 ea
1009 409 1146 447 omnia
1179 421 1283 460 quae
1318 410 1607 451 universalibus

146 471 328 511 subiecta
366 473 454 510 sint.
534 471 716 510 Tertium
756 478 889 511 nutem
929 473 1120 512 scientiae
1159 486 1286 525 genus
1325 481 1386 514 est
1422 475 1462 513 id
1500 477 1608 527 quod

147 549 237 575 cum
278 535 577 575 ratiocinatione
606 536 810 586 coniungit
837 549 1024 575 sensuum
1056 539 1372 590 perceptionem.
1430 538 1478 579 V.
1507 552 1610 590 quae

147 600 199 639 de
224 599 303 638 hoc
333 600 420 637 ioco
448 598 665 649 disputavit
693 599 812 637 Biese
840 599 869 637 1.
899 602 990 640 216.

92 666 144 702 61
161 664 223 702 1ιό
250 660 358 702 ὥστε
383 659 456 702 καὶ
482 661 532 702 τὸ
553 689 565 700 .
589 692 598 702 .
618 690 629 700 .
662 662 832 701 Causam
870 663 1020 703 indicat
1061 666 1261 704 1129024
1296 664 1535 707 ἀκολουθεῖ
1568 666 1609 708 δ’

145 723 205 775 ὦς
234 723 299 767 ἐπὶ
326 724 375 767 τὸ
403 726 538 776 πολύ,
574 724 650 768 ἐὰν
684 726 847 779 θάτερα
882 728 1126 781 πλεοναχῶς
1151 726 1324 781 λέγηται
1351 729 1423 771 καὶ
1448 731 1613 784 θάτερα

148 791 393 844 πλεοναχῶς
432 790 655 845 λέγεσθαι,
694 786 792 832 οἷον
824 791 864 832 εἰ
901 791 950 833 τὸ
991 792 1162 842 δίκαιον
1178 790 1261 834 καὶ
1288 794 1337 836 τὸ
1363 795 1530 838 ἄδικον.
1559 821 1612 829 --

146 858 442 910 τοσαυταχῶς;
470 871 595 909 quare
613 858 691 898 tria
717 857 998 909 deceptionum
1027 871 1174 909 genera
1203 862 1412 912 exposuit:
1442 863 1614 914 primum

149 923 309 975 quidem
339 929 427 962 erat
453 921 562 963 κατὰ
588 921 638 963 τὸ
665 921 876 972 καθόλου,
906 922 958 962 de
985 936 1063 974 quo
1092 924 1192 963 dixit
1219 926 1373 964 66b18
1398 947 1452 956 --
1473 928 1526 966 67
1539 929 1613 976 119,

149 987 320 1026 aiterum
359 985 458 1037 περὶ
492 985 546 1027 τὰ
581 983 628 1027 ἐν
654 985 770 1040 μέρει
797 1001 829 1027 s.
858 985 967 1027 κατὰ
993 985 1073 1040 τὴν
1100 987 1263 1029 οἰκείαν
1291 986 1528 1044 ἐπιστήμην
1553 1004 1613 1031 vs.
1645 1044 1647 1046 r

149 1053 315 1096 9-33,
345 1053 508 1091 tertium
537 1050 645 1092 κατὰ
671 1049 751 1104 τὴν
779 1049 996 1104 ἐνέργειαν
1023 1065 1079 1091 vs.
1109 1055 1313 1095 33-b5.

93 1115 220 1155 otb’t
247 1115 326 1165 Qui
367 1120 477 1155 tenet
514 1121 727 1168 utramque
765 1117 1078 1169 propositionem
1119 1119 1220 1163 (ΑΒ
1258 1124 1300 1158 et
1339 1119 1441 1165 ΒΓ)
1483 1131 1615 1170 neque

145 1184 283 1218 tamen
313 1180 510 1231 singulam
537 1194 622 1220 rem
658 1181 924 1220 consideravit
952 1183 1088 1221 sensui
1117 1183 1353 1232 subiectam,
1381 1183 1416 1234 is
1445 1184 1613 1223 eandem

149 1257 235 1283 rem
263 1249 304 1283 et
332 1245 411 1284 scit
438 1251 480 1284 et
507 1247 637 1285 nescit
662 1242 776 1298 πλὴν
804 1244 886 1285 οὐκ
913 1242 1129 1295 ἐναντίως,
1157 1247 1198 1285 h.
1228 1261 1264 1287 e.
1293 1248 1467 1298 cognitio
1496 1261 1613 1299 quum

148 1308 284 1358 habet,
309 1322 430 1360 quum
452 1322 528 1349 non
554 1311 755 1349 contraria
779 1311 832 1350 sit
859 1311 1101 1363 deceptioni
1117 1325 1194 1364 qua
1220 1312 1391 1360 suffitur,
1419 1325 1510 1351 eam
1537 1325 1615 1352 non

151 1373 280 1412 toilit.
333 1373 470 1426 specie
505 1374 611 1413 enim
649 1374 848 1426 decipitur
884 1380 926 1414 et
952 1388 1097 1424 sensu,
1144 1381 1192 1415 ut
1228 1389 1363 1415 veram
1407 1376 1615 1415 scientium

149 1434 249 1489 (τὴν
275 1436 385 1478 κατὰ
408 1434 458 1478 τὸ
488 1420 698 1491 ἐνεργεῖν)
745 1452 821 1478 non
851 1439 1019 1488 habeat
1062 1453 1298 1491 quamquam
1328 1440 1498 1479 eandem
1525 1453 1612 1479 rem

149 1503 268 1541 simui
297 1505 525 1555 cognoscit,
562 1517 641 1543 non
678 1517 800 1543 sensu
837 1504 998 1554 quidem
1026 1509 1068 1543 et
1094 1502 1203 1543 κατὰ
1229 1501 1278 1543 τὸ
1306 1502 1509 1555 ἐνεργεῖν,
1537 1504 1613 1543 sed

146 1567 476 1606 ratiocinatione:
517 1568 707 1618 deceptio
733 1572 867 1606 autem
896 1567 1087 1606 scientiae
1114 1580 1232 1619 quum
1261 1567 1383 1608 habet
1410 1579 1489 1606 nou
1518 1580 1615 1607 con-

147 1630 269 1669 traria
306 1634 390 1678 est,
434 1629 510 1668 nisi
538 1634 607 1669 aut
639 1635 811 1680 utruque
837 1630 912 1668 fiat
938 1642 1013 1680 per
1039 1631 1316 1682 syilogismum
1344 1637 1414 1672 aut
1441 1636 1614 1683 utraque

148 1692 279 1745 posita
307 1693 360 1731 sit
385 1693 426 1732 in
454 1705 651 1732 sensu.-
669 1691 743 1732 Vs.
768 1695 821 1731 10
846 1696 902 1744 τῇ
930 1690 1152 1747 ἐπιστήμῃ,
1178 1696 1305 1737 intell.
1332 1699 1387 1748 τῇ
1414 1694 1610 1736 καθόλου

150 1756 207 1810 ἢν
234 1754 329 1808 ἔχει.

95 1822 251 1862 6¹1b12
277 1819 327 1861 τὸ
354 1818 507 1876 ἀγαθῷ
535 1814 661 1860 εἶναι.
690 1819 797 1860 Nota
825 1825 889 1860 est
916 1822 1122 1873 praeclara
1150 1823 1202 1862 de
1228 1822 1307 1862 hac
1323 1823 1516 1874 loquendi
1533 1822 1616 1863 for-

148 1886 258 1926 muia
294 1885 657 1937 Trendelenburgii
704 1887 988 1924 commentatio
1038 1887 1078 1926 in
1116 1887 1224 1928 Mus.
1264 1886 1394 1926 Rhen.
1435 1888 1539 1927 1828
1573 1901 1614 1940 p.

149 1951 229 1991 45⁸1
259 1962 346 2002 sqq.
400 1949 464 1988 Cf.
504 1949 634 1991 eiusd.
679 1962 824 1989 comm.
861 1949 902 1988 in
940 1950 1061 1991 Arist.
1098 1951 1150 1990 de
1189 1963 1252 1992 an.
1279 1963 1320 2002 p.
1351 1952 1428 1989 471
1449 1953 1614 1991 -474.

151 2015 242 2066 Quo
261 2026 385 2053 sensu
405 2013 562 2052 dativus
584 2026 675 2053 cum
699 2015 822 2053 verbo
841 2007 953 2054 εἶναι
968 2015 1228 2066 coniungatur
1239 2020 1412 2067 apparet
1434 2016 1550 2056 415b
1564 2018 1616 2055 13

150 2076 200 2118 τὸ
238 2075 286 2118 δὲ
322 2078 400 2131 ζῆν
434 2078 526 2125 τοῖς
561 2078 663 2126 ζῶσι
698 2074 747 2118 τὸ
787 2073 900 2118 εἷναί
926 2074 1053 2119 ἐστιν.
1081 2080 1262 2118 431319
1287 2079 1336 2120 τὸ
1364 2076 1410 2120 δὲ
1437 2077 1616 2132 ἔσχατον

146 2141 198 2183 ἓν
224 2139 298 2183 καὶ
323 2140 399 2193 μία
425 2141 630 2194 μεσότης·
656 2138 706 2182 τὸ
726 2141 765 2182 δ’
788 2138 900 2184 εἶναι
927 2142 1038 2196 αὐτῇ
1064 2143 1206 2184 πλείω.
1247 2144 1428 2183 Brevitas
1460 2145 1617 2185 scilicet

150 2208 190 2248 in
218 2206 392 2246 dicendo
418 2210 463 2246 et
490 2210 666 2246 mutatus
691 2208 905 2248 verborum
934 2209 1033 2248 ordo
1061 2208 1347 2249 obscuritatem
1377 2207 1574 2249 fecerunt.

95 2274 250 2313 6¹1b25
284 2269 321 2310 εἰ
347 2269 406 2324 μὴ
442 2268 551 2312 κατὰ
586 2271 872 2325 συμβεβηκός.
937 2273 1187 2324 Quamquam
1224 2284 1302 2311 non
1339 2272 1412 2320 fit,
1453 2277 1498 2312 ut
1518 2273 1615 2325 vquis

149 2341 272 2390 ponat
311 2349 376 2375 res
406 2336 633 2375 contrarias
673 2350 790 2377 unam
819 2351 912 2378 esse
939 2343 980 2377 et
1007 2338 1189 2385 eandem,
1217 2342 1353 2376 tamen
1381 2337 1543 2386 accidit,
1571 2343 1615 2377 ut

152 2401 242 2452 quis
281 2405 405 2452 ponat
430 2400 661 2451 contingere
688 2402 915 2454 aliquando,
942 2407 986 2446 ut
1014 2402 1108 2453 quid
1135 2406 1252 2440 recte
1277 2401 1535 2453 praedicetur
1556 2402 1614 2442 vde

149 2466 282 2516 aliqua
309 2477 354 2503 re
382 2464 487 2515 quod
517 2465 603 2504 eius
630 2470 798 2505 naturae
820 2466 1069 2506 contrarium
1097 2466 1162 2505 sit.

206 2593 306 2647 Cap.
323 2592 391 2632 22.
421 2593 473 2633 Si
488 2594 660 2633 termini
680 2594 722 2633 A
740 2599 783 2634 et
812 2595 855 2635 Γ
870 2607 951 2648 per
978 2593 1162 2634 medium
1188 2594 1416 2634 terminum
1446 2594 1483 2634 Β
1511 2607 1612 2635 con-

101 2658 236 2698 iuncti
256 2663 568 2706 convertuntur,
590 2660 848 2699 convertitur
867 2659 904 2699 B
933 2671 1027 2699 cum
1053 2659 1241 2713 reliquis.
1270 2660 1325 2698 32
1354 2658 1612 2699 Convertun-

98 2727 170 2761 tur
209 2723 337 2764 diam
375 2723 422 2762 in
458 2723 722 2764 conclusione
756 2729 943 2777 negante
970 2724 1011 2763 A
1040 2729 1083 2764 et
1112 2722 1161 2772 r,
1188 2723 1277 2763 sive
1303 2723 1346 2764 A
1373 2729 1416 2763 et
1445 2723 1482 2763 Β
1507 2728 1612 2763 tan-
