1826 3112
319 210 398 249 lm
829 209 1239 244 ΑΝΑΛΤΤῙΚΩΝ

322 309 369 355 δὲ
400 311 445 355 Γ
469 305 597 355 παντὶ
621 305 673 352 τὸ
702 308 762 362 Α,
787 303 898 353 ωστε
929 309 1058 354 παντὶ
1086 311 1147 372 τῷ
1178 310 1220 353 Ε
1243 304 1293 352 τὸ
1316 308 1366 352 A.
1404 306 1441 352 εἰ
1461 305 1508 351 δὲ
1527 304 1578 351 τὸ
1600 308 1647 351 Γ
1665 304 1739 351 καὶ

273 373 372 422 ωτὸ
401 377 452 421 H
472 373 658 429 ταύτόν,
687 371 855 436 ἀνάγκη
885 375 967 419 τινὶ
982 391 1090 419 των·
1107 354 1147 418 Ε
1176 371 1227 426 τὸ
1256 375 1293 418 A
1318 371 1547 432 ὑπάρχειν·
1581 375 1641 435 τῷ
1664 372 1741 430 μὲν

321 439 404 525 γὰρ
437 443 482 486 Γ
502 439 552 486 τὸ
581 443 633 493 Α,
662 443 725 502 τῷ
755 441 801 485 δε
835 441 885 485 Η
908 439 960 486 τὸ
987 439 1033 485 Ε
1069 436 1197 485 παντὶ
1226 437 1476 484 άκολουθεῖ.
1510 438 1548 483 εἰ
1567 438 1613 482 δε
1631 435 1681 482 τὸ
1704 439 1743 480 Ζ

322 508 396 553 καὶ
416 504 466 552 τὸ
487 511 528 551 A
544 503 726 560 ταύτόν,
760 503 906 552 οὐδενὶ
927 510 1012 552 τῶν
1037 509 1077 551 Ε
1099 503 1152 552 τὸ
1178 509 1212 551 Α
1229 503 1410 584 ὑπάρξει
1427 505 1473 550 ἐκ
1492 505 1742 561 προσυλλο-

322 576 506 633 γισμοῦ·
538 572 627 617 ἐπεὶ
650 568 732 631 γὰρ
763 570 1030 632 ἀντιστρέφει
1052 571 1101 618 τὸ
1123 569 1376 632 στερητικὸν
1397 571 1470 615 καὶ
1490 567 1540 615 τὸ
1563 572 1600 613 Ζ
1618 572 1678 631 τῷ
1701 571 1743 612 A

324 636 506 693 ταύτόν,
531 635 683 683 οὐδενὶ
713 641 798 683 τῶν
823 641 861 683 Ζ
887 636 1068 695 ὑπάρξει
1092 635 1142 683 τὰ
1167 635 1304 693 Α,τὸ
1325 638 1371 681 δὲ
1395 639 1435 681 Ζ
1455 636 1581 680 παντὶ
1601 637 1662 698 τῷ
1684 635 1740 679 Ε.

275 723 311 751 25
326 704 457 750 πάλιν
476 704 513 748 εἰ
531 701 581 748 τὸ
604 706 641 748 Β
661 703 735 748 καὶ
757 701 806 749 τὸ
826 707 865 749 Θ
886 703 1063 758 ταύτόν,
1080 702 1225 750 οὐδενὶ
1246 707 1331 748 τῶν
1353 704 1392 747 Ε
1409 700 1459 747 τὸ
1480 705 1517 746 Α
1539 680 1742 780 ὑπάρξει·

325 768 377 815 τὸ
406 767 489 830 γὰρ
521 773 558 814 Β
584 773 648 832 τ9ῖ
677 769 761 835 μὲν
775 772 812 814 A
837 771 988 826 παντι,
1017 773 1081 833 τῷ
1098 768 1136 814 6'
1157 767 1223 828 ἐφ’
1243 762 1279 813 ὦ
1299 766 1348 813 τὸ
1370 771 1410 812 Ε
1431 765 1581 812 οὐδενὶ
1599 763 1744 824 ὑπάρ-

328 833 408 890 ξει·
438 833 574 880 ταυτὸ
603 833 686 895 γάρ
716 836 773 895 ἠν
810 840 873 880 τώ
902 834 1048 890 Θ,τό
1070 836 1116 880 δὲ
1145 837 1184 879 Θ
1202 814 1348 879 ουδενὶ
1369 837 1457 877 τῶν
1476 835 1517 875 Ε
1537 830 1743 891 ὑπῆρχεν.

329 902 367 947 εἰ
390 902 436 946 δὲ
463 900 514 946 τὸ
547 905 587 945 A
604 902 676 945 καὶ
699 918 748 945 το
761 903 810 945 Η
820 901 1002 956 ταύτόν,
1034 898 1085 945 τὸ
1105 903 1142 945 Α
1161 900 1242 944 τινὶ
1261 902 1350 943 τῶν
1372 899 1413 942 Ε
1435 895 1519 955 οὐχ
1538 894 1746 954 ὑπάρξει

327 970 388 1030 τῷ
413 964 497 1025 γὰρ
530 968 580 1010 Η
593 964 677 1024 οὐχ
697 964 944 1023 ὑπάρξει,”
917 983 985 1011 οτι
1006 964 1114 1010 οὐδε
1132 968 1194 1027 τῷ
1217 968 1278 1009 A·
1306 961 1358 1008 τό
1382 964 1428 1008 δὲ
1452 965 1498 1007 Η
1516 962 1628 1007 ἐστὶν
1654 957 1746 1006 ὑπὸ

279 1013 380 1077 8056
406 1034 471 1086 Ε,
505 1028 611 1076 ωστε
626 1031 708 1075 τινὶ
726 1048 811 1075 των
834 1035 875 1075 Ε
897 1029 982 1090 οὐχ
1008 1028 1201 1088 ὑπάρξει.
1234 1030 1272 1074 εἰ
1289 1031 1336 1074 δὲ
1360 1033 1420 1092 τῷ
1441 1031 1490 1073 Η
1505 1026 1555 1072 τὸ
1578 1031 1615 1072 Β
1637 1023 1748 1071 vav'-
1787 1026 1790 1029 ’

327 1096 418 1151 τόν,
449 1093 814 1155 άντεστραμμένος
849 1096 965 1142 έσται
993 1094 1307 1155 συλλογισμός·
1338 1093 1388 1139 τὸ
1416 1095 1493 1152 μὲν
1520 1091 1602 1153 γάρ
1623 1095 1664 1136 Ε
1687 1109 1747 1155 τῳ

330 1166 367 1208 Α
395 1159 580 1242 ὑπάρξει
607 1163 736 1207 παντί
755 1190 814 1197 -
835 1160 885 1207 τὸ
913 1160 996 1223 γὰρ
1021 1165 1058 1207 Β
1079 1165 1142 1225 τ9ἷ
1167 1165 1216 1215 A,
1238 1159 1288 1206 τὸ
1316 1161 1362 1205 δε
1384 1163 1426 1204 Ε
1444 1163 1503 1223 τῷ
1526 1162 1562 1204 Β
1587 1137 1748 1219 (ταύτὸ

329 1226 411 1290 γὰρ
429 1219 485 1290 ἦν
505 1232 566 1291 τῷ
586 1229 685 1287 Η)·
714 1225 764 1273 τὸ
786 1228 832 1273 δὲ
855 1232 891 1273 Α
918 1233 977 1293 τῷ
1000 1231 1041 1272 Ε
1059 1207 1183 1273 πάντὶ
1205 1244 1282 1286 μεν
1302 1243 1389 1271 ουκ
1411 1224 1577 1286 ἀνάγκη
1595 1222 1746 1281 ὑπάρ-

330 1312 432 1355 χειν,
465 1294 548 1339 τινὶ
577 1291 617 1338 6'
643 1292 809 1354 ανάγκη
839 1293 910 1339 διὰ
938 1293 988 1339 τὸ
1010 1292 1304 1353 άντιστρέφειν
1320 1295 1373 1350 τῇ
1390 1290 1594 1335 καθόλου
1613 1306 1748 1350 κατη-

282 1374 316 1403 55
331 1360 456 1422 γορίᾳ
476 1357 556 1420 τὴν
575 1357 686 1404 κατὰ
708 1359 850 1439 μέρος.

468 1422 669 1483 Φανερὸν
685 1417 769 1470 οὖν
786 1422 852 1469 ὅτι
871 1425 930 1481 εἰς
949 1422 1003 1470 τά
1023 1422 1309 1483 προειρηιιένα
1324 1420 1527 1481 βλεπτέον
1547 1420 1752 1479 ἐκατέρου

331 1488 435 1537 καθ’
461 1491 641 1536 ἕκαστον
669 1489 919 1552 πρόβληιια·
956 1488 1028 1535 διὰ
1057 1488 1226 1535 τούτων
1257 1487 1339 1549 γὰρ
1364 1486 1547 1543 απαντες
1571 1487 1613 1531 oz
1641 1488 1752 1531 συλ-

331 1557 544 1617 λογισμοί.
572 1559 639 1602 δεῖ
661 1558 707 1602 δέ
739 1558 813 1602 καὶ
840 1561 926 1602 τῶν
954 1555 1183 1615 ἑπομένων,
1213 1556 1284 1599 καὶ
1314 1559 1380 1610 οἱς
1398 1554 1539 1599 ε’πεται
1558 1553 1752 1607 ἕκαστον,

334 1624 394 1679 εἰς
425 1621 478 1668 τά
506 1626 655 1680 πρῶτα
684 1623 757 1668 καὶ
788 1620 840 1668 τὰ
869 1622 1074 1668 καθόλου
1105 1620 1289 1680 μάλιστα
1321 1620 1513 1679 βλέπειν,
1548 1616 1641 1663 οἷον
1667 1619 1753 1663 τοῦ

283 1689 411 1748 4ομεν
443 1692 485 1733 Ε
510 1692 676 1747 μᾶλλον
702 1689 764 1743 εἰς
790 1686 842 1733 vd
876 1691 962 1733 ΚΖ
990 1685 1022 1772 η’
1045 1688 1106 1743 εἰς
1126 1685 1176 1738 τὸ
1199 1690 1237 1731 Ζ
1255 1685 1405 1744 μόνον,
1428 1688 1511 1731 τοῦ
1543 1685 1589 1729 δε
1623 1687 1660 1729 Α
1692 1684 1752 1739 εἰς

293 1753 384 1801 1»τὸ
417 1752 550 1800 ΚΓ
527 1753 559 1815 η’
575 1756 636 1810 εἰς
655 1752 704 1799 τὸ
730 1757 775 1799 Γ
790 1752 936 1813 μόνον.
982 1754 1019 1799 εἰ
1040 1754 1117 1812 μεν
1144 1750 1226 1813 γὰρ
1256 1756 1316 1816 τῷ
1358 1754 1444 1796 ΚΖ
1479 1748 1662 1832 ὑπάρχει
1702 1746 1753 1794 τὸ

332 1824 392 1876 Α,
422 1821 495 1866 καὶ
528 1824 589 1884 τῷ
620 1823 658 1864 Ζ
684 1821 757 1865 καὶ
785 1824 846 1884 τῷ
881 1823 923 1865 Ε
951 1817 1156 1879 ὑπάρχει·
1194 1819 1232 1864 εἰ
1265 1820 1311 1864 δε
1336 1816 1480 1884 τούτῳ
1508 1814 1567 1877 μὴ
1599 1816 1754 1870 ἕπεται,

333 1887 509 1947 ἐγχωρεῖ
530 1890 593 1950 τῷ
622 1889 661 1930 Ζ
684 1886 877 1932 ἕπεσθαι.
932 1884 1091 1944 ὁμοίως
1128 1885 1174 1930 δε
1203 1885 1274 1929 καὶ
1308 1882 1375 1944 ἐφ’
1409 1876 1473 1928 ων
1502 1880 1612 1927 αὐτὸ
1645 1879 1752 1926 οἷκο-

333 1956 497 1998 λουθεῖ
513 1952 740 1998 σκεπτέον·
772 1953 810 1998 εἰ
829 1953 906 2011 μὲν
919 1949 1001 2011 γὰρ
1012 1956 1102 2006 τοῖς
1119 1949 1318 2008 πρωτοις,
1331 1950 1405 1994 καὶ
1416 1954 1506 2004 τοῖς
1524 1945 1589 1992 ὑπ
1589 1946 1755 1993 ’ἐκεῖνα

302 2037 321 2064 5
335 2018 488 2073 επεται,
506 2019 544 2062 εἰ
567 2018 613 2062 δε
637 2015 697 2079 μὴ
715 2017 901 2073 τούτοις,
922 2015 1032 2061 ἀλλὰ
1060 2021 1149 2071 τοῖς
1166 2013 1259 2061 ὑπὸ
1275 2019 1413 2060 ταῦτα
1436 2015 1622 2094 ἐγχωρεῖ.

472 2086 624 2145 Δηλον
636 2084 681 2128 δε
701 2084 773 2128 καὶ
790 2101 860 2128 οτι
885 2081 956 2128 διὰ
976 2085 1061 2128 τῶν
1079 2085 1210 2141 τριῶν
1223 2079 1337 2140 ὅρων
1355 2081 1428 2125 καὶ
1445 2083 1529 2125 τῶν
1541 2077 1625 2124 δύο
1642 2090 1755 2138 προ-

336 2148 500 2196 τάσεων
526 2147 556 2211 ἡ
590 2149 756 2205 σκέψις,
789 2150 862 2194 καὶ
896 2146 970 2194 διὰ
997 2165 1083 2193 των
1113 2147 1434 2208 προειρημένων
1461 2144 1688 2206 σχημάτων
1713 2143 1757 2188 οἱ

337 2215 622 2276 συλλογισμοὶ
647 2214 813 2270 πάντες.
849 2216 1066 2260 δείκνυται
1093 2211 1176 2273 γάρ
1209 2212 1420 2272 ὑπάρχειν
1444 2229 1521 2271 μεν
1551 2211 1678 2256 παντὶ
1695 2212 1756 2273 τῷ

339 2284 383 2327 Ε
403 2279 454 2327 τὸ
470 2285 521 2338 Α,
541 2278 645 2327 ὅταν
658 2298 746 2328 των
764 2284 810 2326 Γ
830 2282 904 2326 καὶ
927 2284 965 2326 Ζ
990 2278 1151 2327 ταύτόν
1170 2297 1211 2326 τι
1229 2283 1400 2343 ληφθῇ.
1433 2281 1567 2323 τοῦτο
1585 2275 1623 2322 6'
1640 2254 1757 2321 ε’στάι

430 2437 474 2469 20
489 2434 602 2470 ταύτό
617 2447 650 2470 η.
674 2454 720 2462 -
752 2438 792 2471 21
814 2437 883 2483 τῷ.
913 2448 948 2471 .ε
965 2449 1002 2469 rc
1022 2443 1100 2470 ante
1118 2435 1198 2470 εἰιι.
1217 2453 1261 2460 -
1296 2433 1339 2466 26
1356 2444 1405 2474 τφ
1426 2429 1459 2466 δ’
1476 2443 1554 2464 corr
1567 2432 1637 2485 Af,
1669 2427 1756 2465 τὰδ’

341 2480 453 2515 Βᾶιιπ.
470 2500 509 2506 --
523 2482 566 2514 27
582 2474 628 2523 ἦν
645 2477 687 2514 τὸ
707 2482 746 2523 Β,
767 2494 807 2524 pr
822 2494 854 2515 u.
868 2480 1046 2536 -ύπάρχ
1028 2494 1102 2525 χειν
1117 2493 1149 2514 n
1165 2480 1261 2512 -29
1273 2475 1427 2520 ὑπάρξει
1445 2474 1486 2510 τὸ
1506 2490 1545 2515 α
1563 2472 1621 2510 ὅτι
1641 2477 1695 2516 Cf.
1712 2493 1757 2501 --

340 2526 384 2559 30
394 2522 551 2571 ὑπάρξει
567 2524 608 2559 τὸ
621 2538 655 2558 α.
668 2526 805 2559 εἰΙΛιιιν
813 2528 867 2566 72,
880 2528 930 2560 12.
943 2546 984 2553 —
998 2524 1071 2568 τὸη
1082 2527 1179 2571 τῷτη.
1190 2543 1234 2550 —-
1245 2525 1284 2557 31
1297 2522 1611 2566 ἀπεστραμμένους
1620 2521 1759 2560 γίνεται

339 2582 359 2605 ο
377 2573 472 2604 συλλ.-
482 2572 516 2613 f.
527 2588 571 2595 —
595 2568 727 2604 ἔσταιὸ
749 2574 846 2605 συλλ.
865 2572 954 2604 dnm.
964 2589 1008 2597 —
1033 2571 1060 2614 ε]
1086 2572 1190 2613 ηῙπι,
1207 2581 1248 2612 pr
1265 2568 1351 2608 Bdn,
1373 2568 1527 2599 uincert.
1546 2583 1588 2590 —-
1612 2566 1655 2598 32
1676 2577 1716 2606 pr
1733 2576 1757 2598 α

339 2625 418 2647 corr
439 2616 479 2648 B.
503 2635 547 2640 —
570 2612 726 2659 ὑπάρχει
746 2617 782 2649 C.
806 2634 851 2643 —-
879 2615 921 2650 τὸ
939 2615 1003 2656 μὲν
1022 2615 1092 2660 γὰρ
1113 2617 1149 2648 C.
1174 2632 1219 2640 -·
1241 2612 1278 2667 α]
1299 2624 1323 2645 α
1342 2611 1472 2645 παντί·
1494 2606 1605 2643 ταύτὸ
1626 2607 1694 2663 γὰρ
1714 2606 1755 2643 τὸ

340 2671 364 2702 η
379 2659 430 2703 τῷ
449 2660 472 2703 β
487 2671 531 2692 m.
555 2677 601 2685 —·
623 2661 645 2702 β
660 2662 781 2700 παντί,
796 2656 908 2695 ταύτὸ
928 2661 965 2694 C.
989 2679 1034 2686 -
1058 2661 1101 2694 33
1119 2659 1157 2704 η]
1177 2671 1200 2703 η
1221 2655 1263 2692 τὸ
1279 2657 1303 2702 β
1319 2667 1365 2689 m.
1378 2675 1420 2681 —
1443 2655 1487 2690 34
1502 2653 1571 2700 τήν
1587 2655 1754 2689 καθολου

338 2704 562 2748 κατηγορίαν
580 2705 627 2761 τῇ
648 2706 710 2738 Βα.
735 2724 780 2730 -
803 2707 845 2740 39
861 2705 911 2739 alt
926 2702 972 2740 τὰ
994 2716 1049 2738 om
1067 2716 1102 2741 π.

430 2747 520 2782 44b9
537 2748 599 2783 καὶ
618 2749 693 2785 ταῖν
711 2750 732 2791 ζ
750 2750 789 2784 C
829 2770 831 2773 ⁴
