1780 3100
160 185 239 224 m
760 187 1053 232 categoriam

219 282 357 322 relutiv
375 295 485 334 seyn,
511 284 614 322 ohne
640 283 727 322 dass
754 296 798 323 es
824 285 963 323 darum
991 284 1116 323 selbst
1142 296 1216 323 von
1243 285 1333 324 dem
1352 284 1499 324 andern
1525 298 1640 336 prae—

217 346 334 384 dicirt
361 345 498 384 wird’'.
565 346 625 384 De
652 345 825 385 lectione‘
848 352 1026 385 notamus
1053 347 1204 386 Bkkum
1231 347 1388 386 dedisse
1412 346 1570 387 ταύτόν
1594 346 1641 400 γέ

214 406 301 448 ἐστι
319 412 390 459 τῷ.
414 408 563 460 Optimi
589 409 748 447 codices
775 409 920 448 habent
945 408 1007 458 τό,
1036 410 1138 460 quod
1168 411 1201 448 si
1226 423 1360 448 verum
1389 414 1461 459 est,
1488 410 1643 452 ταύτόν

217 476 324 509 stare
360 471 422 508 vix
456 471 615 522 poterit.
669 471 812 510 Nostra
851 472 968 510 lectio
1007 476 1046 509 et
1080 473 1259 511 versione
1288 473 1502 512 Boethiana
1535 487 1642 513 com-

216 534 420 572 mendatur
440 539 480 571 et
501 537 635 572 vetere
660 534 759 585 intp.
787 535 877 582 lat„
903 533 1060 574 ταύτόν
1085 547 1178 573 vero
1204 536 1243 573 in
1271 536 1502 586 quibusdam
1532 536 1642 575 libris

217 601 437 634 correctum
466 597 621 634 videtur
647 601 880 647 propterea,
918 598 1021 648 quod
1059 598 1232 636 occurrit
1263 611 1320 638 vu.
1350 600 1412 638 39.
1467 597 1642 637 Eandem

215 658 400 707 loquendi
428 659 635 697 formulam
664 660 854 698 habemus
881 650 1028 698 41a30
1047 673 1103 711 sq.
1132 661 1219 698 coll.
1249 663 1405 699 38a35.

161 723 278 758 8035
307 717 353 759 ἐκ
381 718 426 760 δὲ
448 720 683 762 τούτων...
699 722 743 760 si
768 735 861 761 vera
882 727 944 761 est
970 724 1091 761 altera
1119 724 1307 770 definitio,
1334 729 1378 761 ut
1402 719 1454 761 τὰ
1479 721 1584 773 πρός
1603 734 1643 761 τι

214 783 291 820 sint
319 796 364 821 ea
392 796 493 833 quae
529 797 605 822 non
634 786 849 823 consistant
877 786 950 822 nisi
985 786 1022 822 in
1061 797 1120 833 eo,
1158 790 1203 823 ut
1228 786 1451 823 referantur
1478 786 1527 823 ad
1554 785 1642 832 alia,

212 850 321 896 patet
348 858 436 883 eum
466 847 530 896 qui
557 848 654 884 sciat
675 847 817 896 aliquid
846 847 932 885 τῶν
958 845 1064 896 πρός
1090 859 1130 885 τι
1155 848 1273 885 etiam
1300 848 1338 885 id
1366 847 1470 885 scire
1497 847 1644 885 debere

213 908 261 945 ad
291 909 395 958 quod
423 909 519 946 illud
548 909 772 947 referatur:
809 914 946 947 natura
974 910 1075 947 enim
1103 911 1305 958 utriusque
1331 910 1387 947 ita
1414 910 1524 959 quusi
1552 921 1642 946 coa-

212 970 298 1016 luit,
321 975 362 1008 ut
388 970 552 1008 alterum
574 972 621 1008 ab
649 971 774 1008 altero
802 972 953 1021 seiungi
981 976 1160 1020 nequent.
1188 973 1334 1010 641b1
1362 973 1435 1023 τῆς
1461 969 1543 1022 γὰρ
1571 969 1642 1010 αὐ-

211 1032 286 1083 τῆς
312 1029 407 1081 περὶ
432 1034 515 1071 νοῦ
553 1030 625 1072 καὶ
658 1034 737 1072 τοῦ
771 1035 932 1083 νοητοῦ
958 1035 1188 1086 θεωρῆσαι,
1215 1033 1327 1084 εἴπερ
1353 1033 1460 1084 πρὸς
1487 1035 1643 1085 ἄλληλα

211 1092 283 1134 καὶ
308 1093 337 1146 ἡ
374 1092 479 1146 αὐτὴ
514 1094 674 1145 θεωρία
710 1096 796 1135 τῶν
828 1093 935 1145 πρὸς
959 1098 1116 1148 ἄλληλα
1142 1095 1325 1147 πάντων,
1352 1097 1545 1147 καθάπερ
1572 1095 1643 1138 καὶ

212 1156 308 1210 περὶ
333 1157 569 1210 αἰσθήσεως
596 1156 668 1198 καὶ
693 1159 780 1198 τῶν
807 1157 1035 1211 αἰσθητῶν.

160 1224 279 1260 6³³²
307 1221 498 1272 φανερὸν
524 1218 601 1273 μὲν
695 1222 952 1261 Manifestum
972 1224 1047 1261 hoc
1074 1227 1135 1261 est
1163 1226 1204 1261 et
1230 1235 1280 1261 ex
1306 1224 1390 1273 ipsa
1418 1236 1463 1262 re
1491 1220 1552 1272 (ἐξ
1570 1222 1642 1263 αὐ-

210 1285 309 1334 τῶν,
338 1298 411 1324 von
436 1286 574 1332 selbst,
601 1298 636 1323 v.
666 1286 714 1323 ad
742 1288 857 1330 6216,
897 1286 1162 1323 definitionem
1198 1285 1380 1336 intelligit
1404 1298 1518 1335 quam
1546 1298 1640 1337 pro-

214 1349 365 1398 posuit)
394 1353 434 1386 et
460 1348 497 1385 in
526 1349 642 1385 rebus
670 1347 929 1397 singularibus
958 1348 1003 1393 (b
1019 1350 1076 1394 3).

159 1410 286 1448 eblo
313 1411 390 1459 Qui
425 1410 627 1460 pulchrius
663 1411 860 1448 deteriore
899 1410 1098 1461 pulchrius
1134 1422 1224 1448 esse
1259 1409 1357 1448 dicit
1385 1407 1643 1460 (ἀορίστως),

211 1474 245 1511 is
276 1473 479 1511 scientiam
509 1473 666 1523 quidem
696 1485 772 1510 non
799 1472 933 1520 habet,
962 1472 1032 1510 sed
1061 1473 1282 1523 opinionem
1310 1473 1515 1519 incertam,
1543 1487 1644 1524 quae

212 1547 288 1574 non
316 1535 447 1573 defixa
474 1540 537 1573 est
564 1536 603 1573 in
630 1548 708 1573 una
734 1547 803 1580 re,
841 1547 1006 1586 quacum
1035 1540 1283 1586 comparetur
1310 1536 1413 1585 quod
1442 1536 1643 1587 pulchrius

212 1602 288 1645 est,
317 1610 550 1648 quamquam
578 1597 664 1635 sine
690 1598 978 1647 comparatione
1004 1598 1080 1635 hoc
1108 1597 1269 1647 cogitari
1297 1599 1453 1647 nequit:
1493 1611 1580 1636 nam
1609 1599 1643 1637 si

211 1661 371 1708 accidit,
399 1663 444 1698 ut
471 1660 564 1698 nihil
593 1660 755 1697 exsistat
781 1659 848 1696 illa
875 1672 919 1697 re
947 1659 1144 1707 deterius,
1182 1671 1296 1709 quum
1329 1661 1415 1710 quis
1444 1661 1642 1710 pulchrio-

211 1735 294 1761 rem
323 1723 424 1760 dixit
451 1722 675 1769 deteriore,
703 1722 770 1759 ille
798 1725 907 1760 certe
933 1721 1031 1760 nihil
1059 1721 1109 1759 de
1137 1734 1183 1760 ea
1210 1722 1295 1760 scit.
1349 1722 1406 1761 De
1432 1721 1642 1775 ὑπολήψει

211 1785 390 1823 dicemus
417 1784 465 1823 ad
493 1785 655 1822 66hl9.
685 1805 734 1812 —
773 1783 843 1824 Vs.
863 1785 913 1821 12
940 1782 975 1822 εἰ
1001 1780 1146 1836 ἔτυχεν
1182 1784 1298 1822 simili
1325 1786 1443 1823 modo
1470 1786 1643 1836 positum

211 1852 273 1886 est
300 1852 418 1897 utque
449 1849 616 1884 166a19
643 1844 840 1897 ἑκάτερον
866 1845 943 1898 μὲν
967 1847 1072 1898 γάρ,
1109 1847 1143 1887 εἰ
1170 1844 1325 1898 ἔτυχεν,
1354 1843 1401 1886 ἔν
1426 1860 1467 1886 τι
1493 1846 1644 1898 σημαί-

211 1923 287 1956 νει,
308 1909 357 1949 τὸ
378 1908 589 1949 ἐπίσταται
608 1908 680 1949 καὶ
705 1909 756 1949 τὰ
781 1910 1024 1961 γράμματαε
1053 1911 1158 1948 idem
1187 1912 1290 1948 enim
1320 1911 1514 1961 significat
1541 1911 1643 1962 quod

211 1972 327 2020 ἰ’σως,
356 1972 527 2024 σχεδόν,
555 1974 602 2011 al.
632 1974 682 2011 de
710 1974 851 2023 quibus
880 1987 915 2012 v.
945 1985 1045 2021 quae
1071 1974 1248 2010 dicemus
1277 1973 1325 2010 ad
1355 1975 1435 2010 32a
1447 1974 1510 2013 16.

159 2038 281 2076 solo
310 2037 547 2086 Scripsimus
588 2033 643 2073 αἵ.
708 2035 855 2073 Similia
895 2035 1122 2085 collegimus
1154 2034 1203 2072 ad
1231 2036 1387 2074 67a35.
1415 2033 1486 2073 Vs.
1517 2036 1567 2072 19
1594 2036 1640 2073 ad

213 2097 325 2138 ἔστιν
350 2099 470 2136 intell.
498 2096 744 2149 ἀναγκαῖον.

159 2162 280 2202 8b22
308 2161 539 2212 Gumposch
575 2162 601 2200 l.
632 2174 665 2199 c.
695 2174 733 2211 p.
761 2163 813 2198 60
847 2161 952 2198 hunc
990 2172 1148 2198 sensum
1185 2160 1223 2197 in
1250 2158 1314 2196 his
1344 2158 1643 2210 deprehendere

212 2225 286 2263 sibi
320 2225 427 2262 visus
464 2227 547 2262 est:
575 2223 820 2270 „Vielleicht
856 2223 910 2261 ist
947 2236 990 2261 es
1018 2222 1267 2270 anmnl'send‚
1303 2233 1413 2259 wenn
1451 2222 1550 2259 auch
1579 2222 1642 2260 ein

211 2288 382 2337 Neuling
414 2287 513 2324 iiber
551 2286 802 2338 dergleichen
840 2286 1074 2332 aburtheilt,
1120 2285 1214 2322 aber
1249 2283 1437 2334 spezielle
1473 2284 1641 2322 Zweifel

211 2350 382 2389 dariiber
419 2350 506 2387 siud
545 2350 656 2387 nicht
683 2346 871 2387 unniitz’'.
907 2349 1095 2387 Fortasse
1132 2347 1209 2385 hoc
1248 2357 1407 2390 verum,
1437 2346 1507 2384 sed
1535 2346 1641 2385 haud

212 2413 296 2451 scio
333 2425 381 2451 an
412 2412 643 2451 Aristoteles
670 2411 898 2450 nihil'dicat
925 2412 999 2450 nisi
1027 2412 1115 2451 hoc.
1175 2409 1261 2447 Non
1290 2412 1515 2447 cunctanter
1543 2409 1642 2447 haec

211 2476 439 2519 diiudicare,
468 2479 513 2513 ut
539 2475 634 2512 nihil
663 2475 768 2512 dubii
796 2475 1052 2524 relinquatur,
1082 2472 1246 2511 difficile
1274 2477 1355 2518 est,
1384 2472 1456 2510 nisi
1485 2472 1569 2522 quis
1598 2474 1642 2509 ut

214 2539 370 2589 penitus
399 2542 608 2587 cognoscat
633 2538 788 2588 saepius
815 2538 854 2575 in
882 2550 928 2575 ea
955 2538 1151 2588 inquirere
1176 2535 1469 2585 longioremque
1498 2534 1639 2585 ‹lispu-

210 2603 400 2640 tationem
427 2601 633 2640 instituere
659 2600 771 2647 velit,
807 2605 848 2638 at
888 2607 997 2639 certe
1034 2611 1111 2638 non
1135 2597 1269 2638 inutile
1295 2602 1356 2635 est
1384 2607 1638 2648 praemonere

212 2664 402 2713 quaedam
431 2664 482 2703 de
507 2664 557 2702 iis
585 2675 685 2714 quae
712 2663 831 2703 dubia
859 2667 962 2702 sunt.
