1794 3086
619 207 878 253 Anulytica
909 207 1080 252 priora.
1542 209 1620 249 481

153 318 204 346 eo
231 305 339 358 quod
365 309 562 359 repugnat
587 306 648 363 τῷ
675 307 741 346 A:
777 319 868 347 uam
896 319 1018 359 quum
1046 307 1085 348 B
1111 306 1230 348 latius
1256 310 1396 360 pateat
1421 318 1541 359 qnam
1570 309 1621 359 Z,

158 370 267 421 quod
293 382 425 421 neque
453 369 599 410 bonum
629 376 692 410 est
718 382 851 422 neque
876 383 957 411 non
984 373 1145 420 bonum,
1173 371 1295 411 facile
1319 371 1437 412 nobis
1454 384 1622 423 persua-

158 433 300 472 demus
328 446 421 473 esse
446 446 525 473 non
563 435 724 475 bonum.
792 433 903 474 ldem
938 435 1048 475 valet
1085 435 1137 475 de
1163 437 1207 475 A
1234 440 1275 475 et
1304 435 1354 475 Θ.
1419 434 1464 475 Si
1502 435 1624 487 igitur

158 497 238 536 hoc
263 510 492 550 peccamus,
529 501 574 537 ut
600 498 818 537 terminum
850 498 886 537 Z
913 499 1202 539 substituamus
1231 500 1272 539 in
1299 499 1431 539 locum
1459 500 1623 539 termini

159 561 197 600 B
233 565 276 600 et
315 561 353 601 Θ
388 562 429 601 in
461 562 592 601 locum
632 561 795 600 termini
821 562 879 611 A,
924 575 1174 614 consequens
1212 563 1290 602 erit
1327 563 1544 603 terminum
1582 563 1621 603 B

160 627 238 672 (vs.
263 626 334 672 19)
363 626 593 665 necessario
621 626 846 676 praedicari
874 625 926 665 de
954 628 1060 666 omni
1086 629 1142 677 A,
1172 627 1279 678 quod
1306 631 1445 666 contra
1469 627 1622 668 habere

157 688 279 729 modo
315 684 697 734 demonstravimus:
740 701 831 728 nam
868 691 913 741 A
950 690 1110 740 quidem
1146 691 1373 743 praedicari
1408 691 1532 732 debet
1568 692 1623 732 de

157 754 265 793 omni
292 753 330 793 Β
359 751 428 799 (τὸ
457 751 511 793 οὐ
538 751 693 793 λευκὸν
719 750 827 793 κατὰ
852 752 1015 801 παντὸς
1042 750 1067 794 ὃ
1094 751 1153 807 μὴ
1180 754 1330 807 χρῶμά
1356 752 1507 804 ἐστιν),
1542 768 1622 796 uon

156 817 246 856 vice
271 830 399 857 versa.
453 817 752 858 Demonstratio
779 818 837 857 sic
864 819 1050 870 procedit
1077 823 1157 865 (vs.
1178 820 1267 864 22).
1331 818 1535 859 Terminis
1563 821 1623 859 sic

157 893 203 920 se
229 880 469 921 habentibus
498 887 543 921 ut
570 894 691 934 supra
718 881 980 921 indicavimus
1013 883 1092 928 (ita
1119 882 1287 931 scilicet,
1316 883 1412 923 utZ
1438 883 1553 923 tollat
1579 887 1624 923 et

159 945 202 984 A
229 950 270 984 et
298 946 348 992 B,
392 945 430 985 Θ
457 950 588 985 autem
618 951 658 985 et
686 946 730 986 Γ
750 950 791 985 et
817 947 880 992 A)
919 949 1128 986 sumantur
1154 947 1234 985 sibi
1260 959 1484 999 repugnare
1510 947 1553 986 A
1580 950 1625 987 et

163 1010 211 1057 Z,
250 1010 294 1049 Γ
321 1014 364 1048 et
393 1010 444 1059 Θ,
481 1011 524 1049 A
558 1014 692 1049 autem
730 1010 955 1061 praedicari
993 1009 1046 1048 de
1081 1010 1190 1049 omni
1229 1011 1278 1052 Γ.
1343 1010 1460 1061 Quae
1496 1011 1532 1050 si
1565 1012 1624 1050 ita.

159 1079 385 1124 sumuntur,
414 1075 596 1125 sequitur
624 1087 674 1113 ex
692 1074 742 1112 iis
759 1087 861 1125 quae
887 1074 1008 1113 modo
1035 1075 1293 1126 exposuimus
1314 1078 1360 1121 (a
1371 1075 1623 1124 39—b13)‚

159 1137 197 1177 Θ
224 1138 447 1188 praedicari
473 1139 526 1177 de
554 1139 660 1177 omni
691 1139 739 1177 Z.
794 1137 950 1176 Deinde
980 1140 1058 1183 (vs.
1078 1139 1150 1184 25)
1180 1139 1298 1177 etiam
1326 1139 1516 1178 terminos
1544 1139 1622 1179 ZB

158 1206 200 1240 et
232 1201 313 1240 ΘΔ
351 1202 457 1241 inter
497 1215 543 1241 se
581 1215 756 1254 pugnare
795 1201 1097 1240 concedendum
1135 1203 1211 1241 erit
1248 1202 1490 1248 (sumsimus
1516 1204 1621 1243 euim

157 1270 428 1318 repugnantes
468 1278 561 1305 esse
589 1267 631 1305 A
668 1271 709 1305 et
747 1266 797 1312 Ζ,
837 1265 881 1304 Γ
909 1269 951 1304 et
981 1264 1040 1312 Θ;
1076 1269 1245 1318 apparet
1278 1271 1412 1306 autem
1452 1267 1622 1306 eandem

159 1342 253 1369 esse
280 1330 474 1369 rationem
504 1331 664 1370 termini
695 1330 732 1370 Β
759 1330 809 1370 ad
837 1330 873 1369 Z
903 1342 1010 1380 quae
1033 1335 1097 1369 est
1123 1330 1284 1369 termini
1301 1331 1343 1369 A
1369 1330 1421 1369 ad
1450 1330 1500 1380 Z,
1529 1330 1623 1381 quia

157 1394 291 1445 posito
320 1394 493 1433 termino
523 1395 560 1433 Z
587 1400 630 1434 et
655 1395 697 1434 A
723 1395 877 1434 tollitur
904 1399 946 1434 et
975 1393 1024 1433 Β.
1089 1393 1199 1432 idem
1227 1393 1334 1433 valet
1361 1393 1413 1434 de
1441 1394 1623 1435 terminis

160 1457 210 1507 Γ,
238 1459 283 1496 Δ
310 1463 353 1497 et
383 1458 454 1504 Θ),
483 1459 844 1498 demonstravimus
873 1463 1007 1497 autem
1041 1458 1078 1497 Θ
1104 1457 1329 1509 praedicari
1357 1457 1409 1497 de
1437 1459 1622 1498 omniZ:

158 1534 282 1572 quare
310 1522 345 1561 si
373 1522 413 1560 in
440 1521 516 1560 hos
544 1523 740 1562 terminos
769 1522 1048 1562 transferimus
1077 1521 1184 1573 quod
1207 1521 1466 1573 exposuimus
1485 1524 1624 1561 ³39—

159 1587 256 1633 b13,
296 1598 544 1635 consequens
582 1586 661 1624 erit
690 1586 727 1624 Β
764 1586 990 1636 praedicari
1028 1586 1080 1625 de
1114 1586 1222 1624 omni
1247 1587 1304 1633 A,
1341 1585 1447 1636 quod
1483 1590 1624 1638 aperte

156 1648 303 1688 falsum
335 1652 410 1687 est.
467 1647 554 1698 Qua
581 1649 622 1687 in
650 1662 696 1688 re
721 1654 933 1700 peccatum
962 1648 1018 1686 sit
1044 1648 1328 1688 indicavimus:
1366 1649 1405 1688 in
1433 1661 1483 1688 eo
1512 1650 1622 1690 scili-

160 1718 225 1752 cet
254 1716 330 1758 (vs.
353 1714 426 1758 29)
456 1711 562 1764 quod
590 1713 803 1751 sumsimus
831 1712 874 1750 A
901 1716 942 1750 et
972 1712 1009 1751 Z
1035 1711 1092 1751 ita
1120 1711 1199 1750 sibi
1226 1712 1390 1764 opponi,
1419 1717 1462 1752 ut
1488 1726 1534 1753 se
1561 1715 1622 1754 iu-

157 1777 284 1815 vicem
323 1775 550 1824 excludant,
587 1788 712 1826 quare
749 1776 869 1815 etiam
898 1775 975 1815 BZ
1012 1775 1091 1814 sibi
1130 1787 1355 1826 repugnare
1392 1777 1623 1817 conceden-

157 1839 252 1879 dum
281 1843 391 1879 erat..

105 1904 256 1943 52b19
282 1900 366 1955 γὰρ
396 1901 631 1942 servandum
661 1902 858 1942 duximus.
913 1901 1070 1941 Eodem
1096 1901 1218 1941 modo
1244 1901 1429 1942 adiicitur
1455 1903 1496 1944 in
1523 1917 1622 1957 apo-

159 1967 248 2006 dosi
274 1968 439 2014 65b31,
481 1978 718 2017 quamquam
753 1965 981 2017 praecessit
1008 1958 1105 2005 οἷον
1131 1962 1181 2014 εἰ,
1219 1965 1325 2005 sicut
1351 1971 1490 2007 nostro
1518 1968 1620 2009 loco.

158 2031 312 2070 Eadem
350 2031 450 2069 ratio
479 2034 542 2069 est
568 2030 788 2081 particulae
814 2030 900 2080 ἄρα
927 2030 1118 2078 431828,
1156 2041 1259 2080 quae
1286 2029 1326 2069 in
1352 2032 1523 2082 apodosi
1551 2033 1623 2073 ab·

157 2106 248 2134 esse
287 2093 419 2133 solet:
470 2091 507 2132 εἰ
544 2091 628 2146 γὰρ
676 2090 736 2145 μὴ
785 2092 872 2134 ἔστι
920 2092 1155 2134 λανθάνειν
1191 2090 1514 2146 αἰσθανόμενον
1550 2095 1624 2138 καὶ

160 2156 331 2209 ὁρῶντα
371 2155 593 2208 ὁρώμενόν
629 2170 685 2208 τι,
722 2155 890 2210 ἀνάγκη
926 2157 995 2209 ἄρ’
1034 2156 1168 2198 αὐτὸν
1209 2153 1368 2198 ἑαυτὸν
1401 2157 1510 2210 ὁρᾶν
1544 2159 1624 2202 τὸν

159 2220 404 2274 ὀφθαλμόν,
444 2222 664 2274 particulae
702 2219 756 2274 δή
793 2224 896 2262 1061
908 2224 992 2261 2122
1032 2219 1122 2262 ἐπεὶ
1158 2220 1197 2262 δ’
1235 2219 1323 2262 ἐστὶ
1360 2221 1413 2263 τὰ
1450 2221 1624 2267 ἐναντία

158 2285 300 2327 πάντα
333 2286 409 2339 τῆς
448 2284 581 2339 αὐτῆς
617 2283 691 2325 καὶ
726 2288 826 2338 μιᾶς
862 2284 1090 2340 ἐπιστήμης
1115 2287 1350 2340 θεωρῆσαι,
1387 2286 1552 2341 λέγεται
1583 2290 1623 2332 δ’

158 2347 340 2392 ἕκαστον
374 2348 518 2390 αὐτῶν
554 2349 662 2391 κατὰ
701 2347 898 2403 στέρησιν
926 2382 935 2392 .
962 2381 971 2391 .
995 2379 1026 2399 .,
1064 2349 1160 2403 περὶ
1193 2350 1335 2392 πάντα
1364 2350 1419 2406 δὴ
1455 2352 1509 2395 τὰ
1534 2368 1622 2396 τοι-

161 2418 273 2457 αῦτα
309 2412 389 2468 τὴν
429 2412 625 2467 στέρησιν
662 2414 730 2456 δεῖ
762 2413 941 2457 τιθέναι.
1005 2415 1066 2456 De
1092 2416 1301 2468 particulis
1338 2411 1432 2469 οὖν,
1469 2417 1539 2472 δή,
1576 2417 1625 2462 δέ

161 2480 303 2521 eadem
332 2481 489 2520 ratione
514 2480 658 2533 positis
686 2480 741 2521 cf.
768 2494 870 2533 quae
897 2480 1071 2522 diximus
1100 2480 1152 2519 ad
1180 2480 1315 2521 ubl.
