1722 3126
234 238 261 275 2
556 239 619 272 De
651 237 897 271 codicibus
928 236 1112 281 graecis
1147 236 1333 282 Organi.

236 332 398 377 ἐκείνων,
429 332 607 378 νεωτέρου
638 345 676 377 γε
708 333 832 376 μέντοι
869 332 969 373 τινὸς
1001 331 1095 367 κατὰ
1126 332 1249 367 πάντα
1270 335 1347 371 τοῖς
1377 332 1651 378 προειρημένοις

238 388 428 432 ἑπομένου.
473 389 528 422 Ab
552 389 651 422 initio
674 389 820 422 mutilus
835 392 897 422 est.
941 388 1107 431 Sequitur
1125 399 1252 421 comm.
1275 388 1309 420 in
1329 388 1405 420 Cat.
1423 387 1485 420 fol.
1497 386 1539 419 41
1555 406 1594 412 —
1607 387 1652 420 76

239 444 484 489 Olympiodori
511 444 651 476 nomine
679 443 813 476 recenti
839 454 945 476 manu
971 443 1168 486 inscriptus.
1222 442 1449 476 Prooemium
1467 442 1556 474 inc.:
1588 454 1651 475 na-

237 499 362 544 θάπερ
388 495 583 543 ἆρχόμενοι
608 499 679 532 τῶν
705 498 949 541 εἰσαγωγικῶν
974 497 1137 540 ἐλέγομεν
1166 496 1209 530 τοὶ
1240 496 1332 542 πρὸς
1354 498 1477 530 πᾶσαν
1507 499 1651 539 φιλοσο-

239 556 329 598 φίαν
348 555 601 594 συντείνοντα,
632 555 724 586 unde
743 554 899 596 sequitur
922 555 1070 587 eundem
1093 556 1273 585 auctorem
1294 552 1401 585 etiam
1431 553 1474 585 de
1498 552 1653 596 Isagoge

237 610 369 644 librum
396 609 659 652 composuisse,
698 619 912 652 quamquam
950 620 1017 641 non
1045 610 1159 641 solum
1184 607 1358 640 nescimus
1383 618 1466 639 num
1493 617 1535 639 ea
1564 617 1653 649 quae

236 668 505 709 praecesserunt
521 664 554 696 ei
572 664 757 696 tribuenda
775 663 854 705 sint,
870 665 932 697 sed
956 664 1063 696 etiam
1091 664 1261 696 incertum
1286 666 1338 695 est
1357 673 1439 694 num
1463 663 1508 694 ab
1529 661 1653 706 Olym-

237 720 385 763 piodoro
412 721 502 752 alter
527 730 654 751 comm.
681 718 830 761 scriptus
856 719 910 751 sit.
940 719 966 750 1.
1000 718 1146 752 Morelli
1177 718 1264 751 bibl.
1296 729 1360 750 ms.
1391 717 1541 749 Bassani
1567 715 1655 749 1802

237 787 272 819 p.
298 773 364 807 122
384 775 429 807 ad
445 774 683 817 Philoponum
702 778 882 807 auctorem
900 773 1125 806 referendum
1139 785 1216 806 esse
1236 784 1254 805 e
1272 773 1346 804 cod.
1360 771 1555 805 Matritensi
1573 782 1655 814 pro-

237 830 349 864 bavit.
396 830 495 862 Idem
512 829 784 862 commentarius
806 830 870 861 sub
888 828 1063 861 Ammonii
1083 828 1221 860 nomine
1241 826 1354 859 editus
1374 831 1444 866 est,
1470 827 1552 869 quia
1568 826 1655 858 Phi-

237 887 389 929 loponus
412 885 504 918 haec
525 884 663 917 scholia
691 884 899 927 conscripsit
916 882 953 917 ἐκ
979 884 1052 916 τῶν
1078 882 1281 916 συνουσιῶν
1301 879 1509 925 Ἀμμωνίου.
1554 882 1654 914 Idem

238 940 410 975 accidisse
432 939 594 972 videmus
608 940 651 972 iis
666 939 812 972 scholiis
834 949 924 982 quae
947 939 1123 971 habemus
1138 938 1181 969 de
1201 937 1302 969 Anal.
1318 947 1371 979 pr.
1393 935 1579 979 Philoponi
1593 947 1656 968 no-

237 996 332 1030 mine
352 995 537 1037 inscriptis.
586 995 688 1036 Quod
705 1004 811 1036 quam
831 1004 957 1026 verum
971 993 1016 1026 sit
1035 992 1108 1025 iam
1125 992 1240 1034 ipsum
1262 991 1503 1033 explicationis
1519 990 1656 1023 initium

239 1050 465 1093 comprobat:
508 1048 546 1081 αὶ
582 1049 700 1091 ψυχαὶ
724 1049 762 1081 αἱ
791 1047 961 1092 ἡμέτεραι
992 1046 1125 1089 γυμναὶ
1154 1045 1218 1089 μὲν
1245 1040 1351 1079 οὖσαι
1379 1048 1452 1079 τῶν
1481 1043 1657 1088 σωμάτων

236 1103 423 1150 ἠδύναντο
450 1102 496 1136 δι’
515 1101 639 1137 αὐτῶν
661 1104 735 1136 τῶν
754 1101 947 1145 νοημάτων
976 1102 1162 1145 σημαίνειν
1188 1099 1369 1144 ἀλλήλαις.
1424 1101 1513 1134 Aliis
1536 1100 1657 1134 verbis

238 1161 333 1195 idem
357 1169 562 1202 expressum
587 1162 639 1191 cst
662 1158 697 1191 in
714 1159 825 1192 schol.
844 1158 1022 1191 Ammonii
1046 1157 1122 1190 cod.
1141 1157 1250 1190 Laut.
1268 1156 1324 1198 71,
1349 1156 1404 1189 10.
1438 1157 1603 1189 Riccard.
1622 1154 1656 1188 4.

237 1215 293 1251 55.
336 1214 502 1248 Bessario
538 1218 717 1247 auctorem
749 1214 886 1256 putavit
907 1213 1141 1247 recentiorem
1172 1212 1372 1256 Philopono
1396 1215 1431 1245 et
1459 1210 1657 1244 Ammonio.

235 1269 332 1305 Mihi
366 1269 508 1312 quidem
542 1270 676 1312 optima
709 1279 869 1312 quaeque
899 1268 1062 1302 videntur
1094 1269 1139 1302 ab
1164 1268 1350 1301 Ammonio
1384 1267 1544 1310 profecta
1568 1277 1657 1299 esse.

237 1325 458 1368 Philoponus
491 1328 611 1357 autem
648 1336 770 1357 eorum
800 1334 892 1366 quae
926 1324 972 1356 ab
1005 1324 1067 1356 illo
1091 1323 1228 1365 accepit
1257 1333 1388 1356 novam
1419 1321 1659 1355 recensionem

238 1380 326 1414 fecit
349 1379 459 1422 (unde
483 1379 592 1412 etiam
626 1380 660 1412 in
694 1378 844 1412 scholiis¹
872 1389 963 1421 quae
996 1379 1038 1411 de
1062 1379 1163 1411 Anal.
1187 1389 1240 1420 pr.
1273 1378 1445 1410 habemus
1468 1375 1659 1410 verisimile

239 1438 292 1468 est
315 1434 553 1476 philoponum
578 1434 792 1477 disposuisse
822 1433 940 1478 magis
973 1437 1008 1466 et
1037 1433 1252 1466 recensuisse
1285 1443 1375 1475 quae
1405 1432 1451 1464 ab
1474 1430 1660 1465 Ammonio

240 1489 274 1523 ei
295 1488 425 1523 tradita
447 1488 600 1531 fuerint,
636 1500 740 1532 quam
765 1499 859 1522 nova
883 1489 997 1532 ipsum
1030 1488 1241 1531 adiecisse),
1272 1498 1340 1530 qua
1373 1486 1513 1530 quidem
1535 1497 1660 1519 receu-

240 1545 338 1578 sione
365 1544 642 1588 Olympiodorus
676 1544 819 1587 quidam
851 1544 901 1576 ita
925 1555 1007 1576 usus
1041 1547 1112 1585 est,
1151 1546 1191 1576 ut
1221 1553 1334 1585 paene
1365 1542 1455 1575 nihil
1486 1541 1553 1573 nisi
1578 1552 1660 1574 ver-

239 1601 288 1634 ba
310 1599 524 1632 mutaverit:
569 1610 663 1632 nova
695 1599 789 1632 enim
821 1598 907 1631 satis
930 1609 1014 1631 rara
1037 1602 1116 1631 sunt
1137 1597 1172 1630 in
1198 1598 1267 1630 hoc
1290 1597 1383 1631 libro
1397 1622 1407 1638 ‚
1435 1597 1529 1629 bona
1552 1595 1660 1629 etiam

239 1655 389 1688 rariora.
445 1654 607 1686 Eundem
639 1653 932 1687 commentarium
965 1654 1099 1686 habent
1130 1650 1237 1686 etiam
1270 1652 1372 1685 codd.
1406 1652 1535 1684 Pariss.
1559 1650 1659 1684 2051.

239 1709 340 1743 1937.
366 1708 463 1742 1928.
489 1709 589 1748 1973,
626 1709 669 1741 de
700 1709 824 1752 quibus
855 1721 890 1742 v.
925 1719 1014 1752 quae
1047 1708 1135 1742 dixit
1164 1707 1314 1741 Brandis
1337 1707 1456 1740 Abhh.
1481 1707 1543 1739 der
1564 1706 1660 1739 Berl.

240 1765 352 1799 Akad.
378 1763 477 1797 1833.
518 1764 740 1806 Hist.-phil.
766 1764 823 1796 Kl.
848 1776 883 1807 p.
914 1763 992 1797 284.
1043 1765 1120 1797 Fol.
1154 1763 1199 1796 83
1232 1763 1364 1807 legitur
1392 1762 1530 1794 initium
1563 1773 1661 1794 com-

241 1819 408 1854 mentarii
430 1819 465 1851 in
488 1818 550 1851 lib.
577 1819 620 1850 de
643 1818 728 1860 intp.
753 1818 829 1851 sine
854 1819 1007 1852 auctoris
1032 1819 1190 1852 nomine:
1225 1817 1420 1862 μέλλοντας
1439 1815 1506 1850 σὺν
1524 1818 1602 1862 θεῷ
1618 1814 1659 1850 τὸ

242 1874 364 1920 παρὸν
388 1871 547 1918 μάθημα
573 1871 615 1907 τὸ
639 1874 720 1917 περὶ
749 1872 938 1917 ἑρμηνείας
959 1872 1060 1919 παρὰ
1087 1874 1154 1908 τοῦ
1186 1874 1378 1914 δαιμονίου
1403 1871 1662 1916 Ἀριστοτέλους

243 1928 402 1976 ἀκριβῶς
420 1928 568 1964 ἐκτεθὲν
589 1929 877 1970 σαφηνίσασθαι,
925 1929 1010 1962 Inde
1034 1940 1055 1962 a
1079 1929 1143 1962 fol.
1167 1928 1212 1960 92
1235 1928 1410 1960 habentur
1421 1927 1662 1970 QuinqueVo-

243 1996 303 2020 ces
324 1985 474 2029 Porph.‚
497 1994 588 2027 quae
612 1983 760 2016 meliore
785 1984 991 2017 charactere
1014 1984 1087 2017 alia
1100 1994 1208 2016 manu
1226 1986 1391 2015 exaratae
1403 1986 1492 2015 sunt.
1530 1982 1662 2015 Deinde

244 2040 344 2082 eat„
369 2040 414 2072 de
437 2039 546 2082 intp.,
569 2039 671 2072 Anal.
697 2050 748 2082 pr.
775 2042 810 2071 et
834 2042 936 2082 post.‚
963 2050 1111 2082 quorum
1133 2039 1268 2071 multae
1292 2042 1370 2070 sunt
1391 2038 1514 2071 variae
1538 2037 1662 2071 lectio-

243 2106 328 2136 nes,
351 2094 414 2128 sed
436 2104 564 2138 parum
588 2093 702 2127 utiles.
751 2094 898 2128 Scholia
921 2094 1041 2127 addita
1064 2097 1142 2127 sunt
1165 2096 1200 2126 et
1220 2092 1255 2125 in
1278 2103 1394 2136 marg.
1422 2098 1456 2126 et
1477 2093 1568 2126 inter
1590 2104 1661 2127 vss.

242 2150 280 2186 in
304 2150 404 2184 Anal.
435 2149 504 2183 τοῦ
527 2147 671 2183 ὑπάτου
695 2149 767 2181 τῶν
792 2147 1023 2191 φιλοσόφων,
1048 2147 1190 2181 loannis
1211 2148 1425 2188 Pediasimi;
1449 2148 1495 2181 cf.
1519 2148 1665 2182 Mox-elli

242 2207 268 2241 l.
292 2207 318 2240 l.
363 2204 455 2239 Pars
475 2203 559 2239 libri
582 2203 776 2237 novissima
799 2203 849 2237 ita
872 2203 1074 2237 madefacta
1097 2207 1167 2245 est,
1199 2207 1237 2236 ut
1266 2203 1342 2247 legi
1366 2214 1480 2247 paene
1501 2207 1662 2246 nequeat.

243 2261 322 2295 Ful.
349 2254 418 2294 3⁰7
440 2270 537 2302 seqq.
562 2260 687 2292 chartt.
724 2259 856 2303 legitur
878 2259 1016 2292 Theod.
1041 2259 1228 2292 Prodromi
1252 2262 1285 2291 et
1308 2258 1437 2292 Leonis
1458 2259 1664 2304 Magenteni

246 2326 374 2350 comm.
399 2314 434 2349 in
449 2314 550 2348 Anal.
567 2318 657 2358 post.
675 2314 738 2346 lib.
753 2314 809 2354 113
835 2314 880 2347 cf.
899 2324 988 2357 quae
1007 2314 1158 2347 diximus
1176 2314 1219 2348 de
1233 2314 1309 2347 cod.
1323 2314 1436 2346 Paris.
1450 2314 1544 2359 Reg.
1562 2314 1662 2347 1917.

334 2371 475 2404 Marc.
499 2368 582 2402 203
606 2372 649 2402 et
672 2368 755 2401 204
779 2369 898 2402 bomb.
922 2369 954 2403 8.
981 2380 1073 2403 saec.
1102 2370 1179 2403 xw
1207 2370 1333 2403 nullius
1352 2368 1428 2402 fere
1445 2369 1558 2412 pretii.
1593 2370 1662 2402 Co-

247 2425 336 2459 dicis
359 2424 425 2458 2⁰4
451 2424 651 2468 quindecim
675 2424 845 2458 foliorum
872 2426 950 2468 plus
977 2435 1082 2468 quam
1099 2424 1266 2458 dimidiae
1285 2428 1402 2468 partes
1416 2425 1562 2457 avulsae
1584 2427 1664 2458 sunt

247 2484 281 2514 et
300 2481 344 2513 ab
369 2479 466 2513 initio
489 2479 573 2513 libri
597 2483 632 2514 et
654 2479 690 2512 in
712 2479 795 2513 fine.
842 2481 937 2524 lsag.
962 2481 1111 2524 Porph„
1136 2483 1173 2514 ut
1197 2481 1298 2521 solet,
1322 2480 1358 2512 in
1381 2483 1530 2522 utroque
1554 2489 1662 2524 orga-

244 2547 326 2568 num
350 2534 543 2579 praecedit.

335 2591 472 2624 Marc.
497 2590 592 2623 214.
638 2589 778 2633 Scripta
802 2589 1001 2623 Aristotelis
1024 2590 1144 2636 logica
1166 2600 1233 2623 non
1257 2589 1384 2623 habet:
1409 2588 1546 2622 fallitur
1569 2588 1662 2623 enim

246 2646 384 2679 Zanetti
408 2648 510 2680 catal.
535 2646 623 2681 bibl.
649 2657 714 2679 ms.
739 2647 783 2680 D.
815 2645 932 2678 Marci
956 2645 1038 2679 Ven.
1063 2646 1160 2679 1740.
1184 2657 1219 2689 p.
1243 2644 1320 2678 115.

332 2701 469 2734 Marc.
495 2701 578 2734 211
600 2702 723 2734 bomb.
748 2701 781 2735 8.
836 2701 925 2734 Pars
955 2701 1053 2744 prior
1084 2711 1176 2734 saec.
1213 2700 1294 2741 XV,
1336 2699 1510 2743 posterior
1536 2699 1617 2732 inde
1640 2709 1662 2733 a

246 2755 311 2790 fol.
333 2753 420 2797 151,
443 2767 510 2799 quo
533 2756 776 2800 Theophrasti
797 2756 1045 2801 metaphysica
1067 2755 1256 2800 incipiunt,
1287 2765 1381 2788 saec.
1404 2755 1473 2789 ΧΠ
1496 2758 1662 2788 exaratus
