1884 3100
639 197 972 234 ΠΡΟΤΕΡΩΝ
995 198 1035 232 A.
1486 195 1568 235 205

114 296 227 345 αλλὰ
258 296 333 344 και
365 295 418 344 τὸ
450 300 489 344 Β
517 301 581 344 τῶ
612 301 670 344 Γ·
714 296 741 345 ὁ
770 295 854 360 γὰρ
882 295 1197 382 Ἀριστομένης
1210 293 1299 342 ἐστὶ
1330 292 1567 358 διανοητὸς

113 364 427 449 Ἀριστομένης.
483 364 536 411 τὸ
549 347 609 412 6’
643 370 681 412 A
705 369 766 431 τῶ
798 368 845 410 Γ
869 382 956 425 ουχ
992 363 1202 426 ὑπάρχει·
1241 360 1450 446 φθαρτὸς
1480 362 1616 424 γάρεε

115 434 230 480 ἐστιν
270 431 296 479 6
325 431 638 515 Ἀριστομένης.
695 431 756 479 οὗ
783 429 867 493 γὰρ
895 432 1057 493 ἐγίνετο
1088 429 1387 497 συλλογισμὸς
1419 427 1566 487 οὕτως

113 501 299 562 ἐχόντων
327 504 415 547 τῶν
445 498 586 559 ὅρων,
629 498 724 545 ἄλλ’
753 500 837 546 ἔδει
871 499 1079 547 καθόλου
1104 499 1187 563 τὴν
1217 502 1294 545 ΑΒ
1330 501 1567 581 ληφθῆναι

111 568 339 628 πρότασιν.
374 572 509 614 τοῦτο
527 569 575 613 δὲ
595 569 778 623 ψεῦδος,
809 563 861 612 τὸ
882 565 1039 622 α’ξιοῦν
1059 567 1204 614 πάντα
1225 564 1317 613 τὸν
1327 562 1566 628 διανοητὸν

111 632 462 720 Ἀριστομένην’
433 653 497 680 αει
516 630 638 687 εἶναι,
659 637 875 694 φθαρτοῦ
897 633 1028 692 ὄντος
1049 633 1395 716 Ἀριστομένους.
1430 631 1567 680 πάλιν

111 702 219 748 ἔστω
247 699 299 747 τὸ
329 703 408 761 μὲν
434 699 528 782 ἐφ’
534 695 570 747 ὦ
604 704 650 746 Γ
676 702 921 759 Μίκκαλος,
958 700 1009 748 τὸ
1037 700 1076 748 6'
1110 701 1180 763 ἐφ’
1211 722 1247 766 ῳ
1282 705 1319 748 Β
1347 697 1615 762 μουσικόςω

111 770 357 826 Μίκκαλος,
393 766 463 829 ἐφ’
491 759 528 834 ᾧ
557 769 604 815 δὲ
633 766 685 815 τό
714 773 752 815 Α
781 767 834 816 τὸ
866 771 1139 852 φθείρεσθαι
1173 768 1347 829 αὔριον.
1398 767 1568 831 αληθὲς

112 834 170 899 δὴ
191 834 244 882 τό
270 839 308 881 Β
330 839 416 882 τοῦ
439 839 485 881 Γ
499 841 778 899 κατηγορεῖν·
814 835 840 883 ὁ
870 835 956 898 γὰρ
979 837 1211 894 Μίκκαλός
1234 838 1324 883 ἐστι
1345 833 1568 895 ιιουσικός

112 904 358 959 Μίκκαλος.
421 901 534 949 ἀλλὰ
561 905 635 950 καὶ
667 902 719 950 τὸ
743 908 780 950 Α
809 908 893 951 τοῦ
917 908 976 950 Β·
1019 906 1253 966 φθείροιτο
1281 902 1366 966 γὰρ
1394 922 1450 950 αν
1479 900 1567 950 αὔ-

116 989 215 1031 ριον
245 968 466 1029 μουσικὸς
486 971 729 1027 Μίκκαλος.
764 970 815 1017 τὸ
846 972 894 1018 δέ
915 990 962 1033 γε
980 976 1018 1017 Α
1039 976 1124 1019 τοῦ
1148 975 1404 1029 Γψεῦὸος.
1427 974 1568 1018 τοῦτο

113 1036 171 1100 δὴ
188 1035 357 1083 ταύτόν
373 1037 462 1082 εστι
473 1055 534 1082 τω
554 1037 882 1097 πρότερον·οῦ
905 1037 988 1099 γὰρ
1011 1037 1181 1102 ἄληθες
1201 1038 1426 1095 καθόλου,
1447 1038 1618 1084 Min-³⁵

110 1108 248 1160 καλος
276 1102 494 1163 μουσικὸς
521 1101 588 1150 ὅτι
622 1105 854 1165 φθείρεται
887 1104 1068 1166 αὔριον·
1109 1104 1279 1152 τούτου
1307 1107 1355 1152 δὲ
1392 1103 1455 1169 μὴ
1484 1109 1569 1169 λη-

112 1172 308 1233 φθέντος
327 1169 415 1217 οῦκ
435 1164 491 1233 ἦν
508 1170 823 1254 συλλογισμός.

237 1235 364 1300 Αὕτη
392 1256 471 1297 μεν
503 1238 590 1284 οὐν
624 1236 651 1302 ἡ
690 1237 835 1300 οἷπάτη
867 1238 1030 1299 γίνεται
1062 1237 1107 1284 ἐν
1132 1241 1195 1304 τῷ
1228 1235 1350 1297 παρὰ
1381 1236 1565 1299 μικρόν·

112 1302 173 1362 ὡς
202 1303 286 1366 γὰρ
315 1303 451 1351 ου’ὸεν
477 1305 694 1366 διαφέρον
722 1307 859 1352 εἰπεῖν
888 1304 988 1351 τόδε
1019 1308 1129 1371 τῷδε
1163 1286 1382 1366 ὑπάρχειν
1415 1302 1444 1368 ἢ
1464 1304 1567 1352 τόδε

112 1375 222 1438 τῷδε
257 1373 387 1418 παντὶ
415 1370 644 1433 ὑπάρχειν,
681 1377 1011 1456 συγχωροῦμεν.
1059 1373 1273 1430 πολλάκις
1299 1374 1346 1419 δε
1374 1371 1565 1428 διαψεύ-
1583 1371 1649 1416 34

113 1442 273 1486 δεσθαι
313 1445 598 1499 συμπεσειται
638 1439 758 1500 παρὰ
805 1438 855 1486 τὸ
895 1438 957 1503 μὴ
995 1444 1141 1498 καλῶς
1171 1441 1429 1487 ἐκτίθεσθαι
1456 1438 1617 1498 τούςι)
1627 1446 1672 1482 48

110 1504 222 1553 κατὰ
248 1505 331 1588 τὴν
349 1506 566 1566 πρότασιν
590 1505 751 1566 ὅρους,
783 1505 880 1554 οἷον
909 1509 948 1554 εἰ
981 1505 1033 1553 τὸ
1059 1526 1139 1568 μεν
1167 1512 1206 1554 Α
1238 1527 1306 1571 ειη
1334 1505 1494 1570 ὑγίεια,
1513 1505 1565 1555 τὸ

111 1572 151 1621 6'
177 1572 245 1635 ἐφ’
257 1566 314 1656 ᾤ
344 1578 382 1620 Β
412 1573 563 1631 νόσος.
596 1573 665 1636 ἐφ’
696 1567 735 1620 οῗ
768 1576 815 1621 δε
848 1578 894 1621 Γ
910 1573 1165 1634 ἄνθρωπος.
1212 1573 1382 1638 ἄληθες
1399 1573 1483 1637 γὰρ
1503 1576 1566 1622 εἰ-

109 1646 208 1688 πεῖν
251 1638 318 1688 ὅτι
360 1640 412 1688 τὸ
444 1646 483 1688 Α
515 1640 665 1689 οὐδενὶ
699 1647 764 1708 τῷ
792 1646 830 1688 Β
861 1643 1074 1702 ἐνδέχεται
1089 1641 1322 1726 ὑπάρχειν
1350 1642 1569 1709 (οὐδεμιᾷ

110 1707 196 1771 γὰρ
226 1708 350 1774 νόσῳ
373 1707 518 1770 ὑγίεια
550 1690 780 1772 ὑπάρχει),
811 1711 887 1755 καὶ
916 1711 1053 1756 πάλιν
1083 1708 1151 1756 ὅτι
1175 1708 1228 1756 τὸ
1266 1715 1304 1756 Β
1336 1713 1466 1757 παντὶ
1498 1729 1560 1757 τω
1580 1727 1599 1755 5

116 1779 162 1822 Γ
157 1756 366 1857 ὑπαρχει
392 1778 508 1838 (πᾶς
525 1774 611 1838 γιέρ
631 1776 872 1835 ἄνθρωπος
890 1775 1091 1834 δεκτικὸς
1113 1777 1296 1839 νόσου).
1322 1776 1490 1833 δόξειεν
1509 1758 1567 1825 ἄεν

115 1835 202 1890 οὖν
239 1845 497 1903 συμβαίνειν
527 1846 679 1906 μηδενὶ
699 1842 928 1927 ιῖνθροίπῳ
949 1843 1251 1905 ἐνδέχεσθαι
1223 1846 1395 1907 υγιέιαν
1415 1843 1566 1907 ὑπάρ-

112 1929 215 1972 χειν.
249 1910 418 1957 τούτου
447 1909 487 1956 δ’
521 1913 659 1958 αἴτιον
683 1910 735 1958 τό
765 1909 827 1974 μὴ
860 1915 1009 1968 καλῶς
1031 1913 1275 1959 ἐκκεῖσθαι
1286 1931 1406 1995 τους
1426 1931 1568 1972 ορους

113 1975 224 2024 κατὰ
260 1975 344 2040 τήν
373 1976 510 2034 λέξιν,
555 1979 646 2025 ἐπεὶ
684 1979 1056 2042 μεταληφθέντων
1097 1984 1186 2026 τῶν
1212 1978 1324 2025 κατὰ
1354 1977 1434 2037 τας
1461 1979 1606 2038 ε’ξεις

113 2043 202 2092 ουἰι
235 2045 354 2091 εσται
383 2044 706 2106 συλλογισμός,
739 2051 834 2093 οἱον
855 2044 950 2092 α’ντὶ
971 2065 1051 2106 μεν
1066 2051 1149 2110 τῆς
1169 2045 1341 2109 ὑγιείας
1362 2049 1401 2093 εἰ
1416 2048 1567 2112 τεθείη
1583 2065 1618 2093 10

111 2111 165 2159 τό
189 2110 220 2159 ῦ
222 2119 418 2174 γιαῖνσν,
453 2112 550 2159 α’ντὶ
583 2115 630 2160 δε
661 2132 741 2178 της
771 2114 918 2161 νόσου
944 2112 996 2160 τό
1015 2119 1196 2161 νοσοῦν.
1216 2113 1277 2161 ου’
1296 2111 1380 2176 γὰρ
1399 2114 1568 2178 ἄληθες

113 2181 247 2227 εἰπεῖν
276 2199 339 2237 ως
373 2199 461 2227 ουκ
489 2181 701 2241 ἐνδέχεται
730 2200 789 2227 τω
811 2186 1021 2228 νοσοῦντι
1049 2180 1102 2228 τὸ
1121 2180 1336 2244 υγιαίνειν
1356 2180 1564 2241 ὑπάρξαι.

113 2265 282 2294 τουτου
315 2248 362 2293 δὲ
389 2266 451 2310 μη
473 2249 726 2310 ληφθέντος
745 2247 803 2296 οὐ
822 2251 983 2310 γίνεται
1006 2249 1320 2311 συλλογισιιός,
1344 2251 1383 2296 εἰ
1402 2247 1463 2313 μὴ
1481 2253 1567 2297 τοῦ

113 2314 390 2375 ἐνδέχεσθαι·
421 2319 559 2361 τοῦτο
590 2315 631 2361 6'
662 2314 750 2362 οῦκ
781 2315 1027 2364 οἷδύνατον·
1063 2318 1274 2378 ἐνδέχεται
1305 2314 1388 2378 γὰρ
1413 2318 1569 2401 μηδενὶ

115 2380 345 2446 ἀνθρώπῳ
370 2380 585 2443 ῦπιέρχειν
603 2382 786 2444 υγιέιαν.
831 2384 966 2431 πάλιν
986 2385 1055 2431 ἐπὶ
1074 2389 1159 2432 τοῦ
1176 2386 1319 2444 μέσου
1340 2383 1568 2446 σχήματος
1581 2403 1617 2432 1⁵

116 2447 283 2510 ὁμοίως
303 2451 421 2497 ἔσται
445 2448 498 2496 τό
522 2454 710 2509 ψεῦδος·
737 2449 818 2515 τὴν
836 2449 919 2514 γάρ
939 2451 1111 2514 ὑγίειαν
1135 2451 1258 2518 νόσῳ
1278 2452 1357 2512 μὲν
1375 2449 1568 2517 οὐδεμιᾷ

203 2609 248 2642 25
274 2605 324 2653 δ’]
355 2607 398 2644 δέ
419 2621 458 2653 γε
486 2622 538 2650 m,
564 2622 668 2665 supra
689 2622 727 2643 vs
761 2611 804 2653 Β,
827 2610 888 2643 sed
913 2622 954 2654 pr
969 2621 1085 2642 manu.
1118 2627 1165 2636 —-
1195 2610 1239 2643 26
1265 2607 1336 2644 ουίι
1363 2608 1447 2655 αρα
1455 2623 1491 2645 π.
1522 2629 1562 2639 -

113 2653 158 2687 27
175 2653 234 2688 δεῖ
247 2665 282 2688 n.
316 2673 357 2679 —
391 2657 588 2698 ληφθῆναι
606 2654 675 2699 τὴν
693 2656 742 2701 αβ
760 2668 804 2689 m.
828 2673 874 2681 —
898 2657 943 2689 29
964 2652 1192 2701 Ἀριστομένη
1212 2656 1255 2688 Β.
1283 2675 1323 2682 -
1349 2658 1394 2690 30
1413 2658 1565 2693 Μίκαλ-

115 2698 227 2739 λοςά,
251 2700 420 2740 Miuulec
436 2713 469 2741 ιι,
494 2709 532 2734 ut
547 2702 674 2738 solent.
686 2720 733 2728 -·
755 2702 849 2746 3472.
868 2699 909 2737 τὸ
929 2712 1012 2736 απι.
1029 2719 1075 2727 -
1095 2701 1331 2748 ψεῦδοςαβγ.
1345 2702 1505 2739 wiron.
1518 2721 1563 2730 —

116 2743 163 2777 38
178 2740 217 2778 ἐν
233 2755 289 2777 om
311 2746 384 2778 edu
402 2753 438 2779 et
453 2759 494 2791 pr
514 2748 591 2782 AB

204 2786 294 2824 48a3
314 2789 355 2826 δὲ
372 2803 429 2826 om
450 2793 494 2828 Β.
