1780 3100
176 221 257 261 Bm
695 223 952 269 Analytica
982 223 1160 268 priora.

232 319 386 373 planius
414 320 581 360 dixisset
607 322 743 359 nostro
782 320 869 359 loco
898 319 925 373 ἢ
951 321 1010 375 τῷ
1037 319 1115 372 μὲν
1139 319 1223 361 τινὶ
1248 323 1305 374 τῷ
1345 318 1391 361 δὲ
1428 319 1486 374 μὴ
1524 321 1664 373 παντί,

234 383 305 422 sed
333 384 491 422 brevius
519 387 582 422 est
607 380 635 434 ἢ
661 386 719 435 τῷ
748 379 873 438 ἑτέρῳ
902 382 958 436 μὴ
986 382 1124 432 παντί,
1167 397 1284 436 quum
1314 386 1442 423 adhuc
1469 384 1508 422 in
1535 390 1666 424 mente

232 446 413 485 habuerit
439 446 602 484 alterum
634 448 819 485 orationis
848 449 1065 487 membrum
1093 446 1120 500 ἢ
1148 447 1206 502 τῷ
1225 445 1303 499 μὲν
1330 447 1471 493 (intell.
1493 445 1668 499 ὑπάρχει

233 508 350 554 τινί).
413 509 566 547 Deinde
593 514 766 548 nostram
796 512 1108 550 emendationem
1138 512 1393 563 comprobant
1422 512 1538 550 etiam
1569 526 1667 562 quae

235 571 445 609 habuimus
473 573 622 622 27112,
662 573 728 612 ubi
765 575 976 612 earundem
1015 575 1326 625 propositionum
1358 575 1665 614 coniunctionem

236 633 473 682 considerat,
512 647 625 685 quam
665 635 802 675 habuit
837 639 997 684 27a37,
1036 638 1109 676 nisi
1147 637 1250 687 quod
1289 634 1346 688 μὴ
1382 636 1510 676 παντί
1535 638 1668 689 posuit

235 708 308 746 pro
343 693 426 735 τινὶ
465 696 535 748 μή.
611 699 724 748 Quod
763 699 797 737 si
833 700 920 749 quis
960 699 1205 738 scribendum
1248 706 1359 751 putet
1395 697 1421 751 ἢ
1456 698 1667 752 μηδετέρῳ

234 758 373 807 παντί,
403 760 502 798 haec
519 760 653 810 verba,
681 765 725 799 ut
742 761 837 800 ferri
858 762 1023 813 possint,
1051 774 1126 800 non
1146 766 1330 813 poterunt
1353 775 1428 801 non
1450 765 1541 814 poni
1563 764 1667 802 illico

236 828 329 872 post
356 820 413 874 μὴ
440 820 615 873 ὑπάρχει
642 824 746 873 quod
775 825 1004 874 praecessit.

183 884 305 922 28a3
343 884 506 936 ἀνάγκη
547 881 648 932 τοὺς
679 884 809 937 ὄρους
828 915 836 924 .
861 913 870 923 .
894 913 903 923 .
942 886 1030 936 quia
1065 885 1210 924 nullam
1248 885 1456 937 συζυγίαν
1489 891 1669 938 praeter-

237 948 344 986 misit
371 962 470 999 quae
497 961 520 986 e
547 949 646 987 binis
674 948 1009 998 propositionibus
1036 948 1125 987 fieri
1153 952 1302 999 potest,
1330 962 1365 987 v.
1395 962 1495 1000 quae
1523 962 1571 989 ex
1588 950 1669 1000 Ap-

235 1010 368 1059 puleio
395 1011 675 1061 adscripsimus
703 1011 752 1049 ad
780 1012 941 1049 26a17.

184 1072 302 1109 2886
339 1072 366 1111 ἃ
401 1070 428 1124 ἢ
469 1069 690 1123 ἐνυπάρχει
715 1103 725 1113 .
745 1102 754 1112 .
781 1102 790 1113 .
828 1086 927 1123 quae
962 1077 1031 1111 aut
1065 1073 1152 1112 elici
1186 1078 1353 1126 possunt
1391 1087 1413 1112 e
1441 1075 1668 1123 rationibus,

237 1147 333 1184 quas
362 1136 518 1174 termini
545 1137 647 1175 inter
674 1149 718 1175 se
744 1136 892 1174 habent
932 1136 1226 1181 (conversiones
1254 1137 1566 1187 propositionum
1608 1137 1668 1175 in-

236 1197 427 1249 telligit),
464 1203 531 1237 aut
558 1203 755 1249 ponuntur
781 1203 828 1237 ut
855 1210 978 1236 novae
1004 1196 1242 1246 ὑποθέσεις,
1271 1211 1366 1249 quas
1393 1202 1537 1238 man
1565 1201 1669 1239 nudo

236 1261 427 1299 vocabulo
455 1262 561 1301 ἄλλα
588 1262 835 1314 significavit.
897 1261 1114 1300 Numerum
1148 1262 1341 1313 pluralem
1374 1261 1562 1302 τίθενται
1597 1275 1669 1314 po-

237 1324 329 1371 suit,
358 1337 588 1376 quamquam
617 1325 836 1376 praecessit
864 1319 1111 1376 ένυπάρχειι
1139 1326 1176 1363 in
1205 1330 1338 1363 mente
1368 1326 1470 1364 enim
1500 1326 1671 1364 habebat

233 1387 482 1438 quodnequi
511 1389 681 1428 debebat
707 1384 944 1433 ὑποθέσεις.
997 1387 1145 1426 Similis
1167 1389 1485 1426 estssconstructio
1498 1390 1671 1427 ussa-32

239 1449 326 1489 τῶν
361 1451 576 1501 σοφιστῶν
610 1448 720 1498 τινὲς
758 1445 852 1490 οἷον
871 1446 1133 1499 Ἀρίστιππος
1172 1449 1501 1501 προεπηλάκιζεν
1529 1449 1669 1497 αὐτάς.

237 1511 373 1551 Minus
402 1514 568 1552 offendit
606 1515 711 1563 quod
748 1515 892 1564 legitur
925 1515 1074 1551 981113
1111 1507 1214 1560 τοὺς
1249 1513 1287 1554 δ’
1322 1511 1460 1565 ὥσπερ
1488 1512 1559 1554 καὶ
1585 1514 1671 1554 τῶν

237 1573 416 1626 ἀψύχων
450 1573 542 1616 ἔνια
578 1578 716 1616 ποιεῖν
754 1574 832 1626 μέν
870 1574 1116 1626 (νομίζομεν
1143 1578 1300 1624 intell.),
1340 1577 1419 1618 οὐκ
1457 1577 1597 1617 εἰδότα
1625 1576 1670 1618 δὲ

237 1641 374 1678 ποιεῖν
401 1640 428 1679 ἃ
454 1641 566 1680 ποιεῖ
591 1634 686 1679 οἷον
711 1639 818 1679 καίει
842 1638 890 1679 τὸ
917 1642 1015 1691 πῦρ.
1069 1640 1128 1678 De
1156 1640 1344 1679 facilitate
1372 1653 1447 1691 qua
1474 1642 1670 1680 Aristote-

238 1701 296 1740 les
326 1703 374 1740 ab
402 1704 527 1743 altero
564 1716 728 1742 numero
766 1704 905 1742 transit
934 1704 983 1742 ad
1011 1703 1178 1741 alterum
1207 1715 1243 1742 v.
1273 1716 1374 1754 quae
1401 1704 1670 1754 congessimus

239 1765 288 1803 ad
316 1768 448 1805 69b3.

295 1869 394 1922 Gap.
422 1871 459 1909 6.
515 1871 583 1910 De
610 1872 738 1911 tertia
755 1873 915 1924 figura.
972 1872 1021 1908 18
1058 1869 1296 1922 Syllogismi
1322 1871 1395 1922 qui
1415 1872 1533 1923 fiunt
1562 1883 1585 1908 e
1613 1869 1670 1908 bi-

185 1933 250 1971 nis
274 1935 621 1985 propositionibus
650 1934 951 1974 universalibus
980 1938 1255 1985 exponuntur.
1325 1933 1383 1970 b5
1422 1933 1489 1971 De
1530 1934 1671 1971 coniu-

184 1996 422 2047 gationibus
449 1998 697 2036 universalis
718 1997 1012 2049 propositionis
1041 2008 1131 2034 cum
1155 1995 1417 2046 particulari,
1444 1996 1482 2033 si
1497 2001 1674 2047 utraque

187 2060 384 2111 affirmat,
426 2062 475 2097 15
510 2061 548 2097 si
585 2060 723 2097 altera
762 2060 958 2111 affirmat,
1001 2058 1138 2097 altera
1175 2063 1316 2108 negat,
1356 2060 1406 2095 38
1432 2059 1470 2096 si
1496 2064 1673 2110 utraque

185 2127 326 2173 negat.
392 2124 512 2161 29³6
553 2122 620 2161 De
657 2123 947 2160 coniunctione
979 2121 1304 2173 propositionum
1335 2121 1669 2172 particularium.

188 2186 236 2222 11
263 2185 332 2223 De
359 2185 411 2224 iis
439 2198 546 2238 quae
575 2186 767 2237 colligere
795 2186 893 2224 licet
922 2183 975 2222 de
1002 2185 1131 2222 tertia
1147 2185 1294 2236 figura
1320 2184 1527 2222 universa.

186 2271 334 2308 28a19
356 2275 396 2308 et
414 2273 465 2309 2‘1
493 2267 572 2318 ὅτι,
599 2273 643 2307 ut
669 2282 724 2308 vs.
745 2271 808 2317 39,
847 2281 921 2307 non
951 2281 1108 2307 causam
1137 2269 1321 2317 indicare,
1357 2281 1426 2307 cur
1454 2269 1523 2307 fiat
1550 2269 1671 2319 syllo-

240 2333 405 2385 gismus,
442 2334 513 2372 sed
543 2335 675 2384 ipsum
704 2332 973 2383 syllogismum
1004 2333 1068 2383 qui
1097 2332 1167 2370 fiat
1194 2332 1403 2382 explicare,
1437 2344 1511 2369 non
1539 2343 1671 2370 mone-

238 2409 337 2446 rem,
366 2397 442 2434 nisi
470 2397 558 2434 Zell
586 2387 827 2434 reddidisset
853 2408 926 2446 per
953 2393 1110 2441 „weil”.
1165 2395 1272 2433 Idem
1301 2394 1395 2432 fecit
1423 2396 1581 2434 292137.

186 2461 334 2498 28a23
372 2456 443 2498 διὰ
475 2461 555 2499 τοῦ
589 2457 829 2499 ἀδυνάτους
884 2459 925 2497 Si
953 2459 1095 2496 salsum
1124 2470 1213 2496 esse
1240 2457 1419 2509 ponimus
1448 2456 1479 2494 P
1508 2457 1671 2507 praedi-

240 2523 320 2560 cari
349 2524 400 2561 de
427 2523 555 2573 aliquo
584 2523 632 2571 R,
669 2536 802 2561 verum
833 2522 907 2560 erit
935 2521 965 2559 P
993 2522 1043 2559 de
1071 2521 1175 2575 nullo
1204 2520 1253 2570 R,
1289 2523 1374 2557 erat
1401 2525 1529 2557 autem
1560 2519 1594 2557 R
1623 2520 1673 2558 de

241 2586 345 2623 omni
372 2585 412 2624 S.
468 2586 498 2624 P
525 2586 641 2637 igitur
669 2587 719 2625 de
747 2586 851 2624 nullo
873 2585 900 2622 S
930 2584 1233 2635 praedicabitur,
1261 2583 1363 2633 quod
1391 2587 1585 2633 repugnat
1599 2583 1672 2633 hy-

239 2648 411 2697 pothesi.
473 2650 778 2697 Demonstratio,
821 2660 935 2698 quam
970 2651 1028 2698 τῷ
1064 2645 1266 2687 ἐκθέσθαι
1301 2646 1387 2684 fieri
1422 2645 1530 2693 dicit,
1574 2645 1673 2683 haec

240 2714 315 2748 est.
370 2711 411 2750 Si
438 2715 479 2751 et
506 2712 537 2750 P
565 2717 607 2751 et
634 2712 670 2750 R
697 2713 748 2751 de
775 2712 879 2750 omni
909 2710 937 2749 S
979 2711 1269 2763 praedicantur,
1310 2713 1514 2760 promatur
1550 2703 1672 2752 (ἐκτι-

240 2769 408 2822 θέσθω)
438 2775 567 2825 aliqua
593 2787 686 2826 pars
713 2788 848 2815 eorum
877 2787 978 2827 quae
1004 2776 1096 2814 sunt
1121 2773 1163 2822 S,
1189 2773 1246 2812 ita
1272 2775 1317 2812 ut
1343 2771 1374 2810 P
1401 2775 1441 2811 et
1466 2771 1505 2810 R
1530 2771 1571 2811 in
1597 2771 1672 2811 hac
