1722 3126
211 196 262 232 lo
537 198 599 230 De
629 195 870 230 codicibus
899 194 1089 239 graecis
1113 194 1297 239 Organi.

212 286 462 333 ἀποφατικῶς.
509 290 568 326 διό
583 291 645 325 καὶ
662 288 907 333 οἷναλυόμενοι
927 290 976 329 εἰς
993 289 1034 324 τὸ
1059 290 1207 335 πρῶτον
1237 286 1518 325 ἀποδείκνυνται
1546 288 1626 324 οἷον

213 343 273 379 ἐπὶ
291 343 371 385 ἑνὸς
384 345 525 391 τρόπον
544 346 583 381 ἐκ
612 346 874 388 καταφατικαῖν
903 346 978 379 τῶν
1004 345 1257 388 συναγομένων
1286 340 1380 391 ὅρων
1405 344 1627 384 συνεστῶτος

213 400 411 444 (συνεστώς
426 403 529 445 ms.)·
562 402 597 436 εἰ
615 400 655 435 τὸ
674 405 720 444 A,
752 401 793 435 τὸ
812 403 859 434 Β·
894 401 928 435 εἰ
943 396 987 434 ου’
1016 397 1057 434 τὸ
1076 403 1119 441 A,
1150 399 1191 433 τὸ
1219 402 1262 433 Γ·
1297 401 1332 435 εἰ
1345 397 1388 434 οὗ
1407 399 1448 434 τό
1469 402 1519 442 Β,
1555 397 1627 444 ἄρα

211 454 254 490 τὸ
289 459 323 489 Γ.
370 454 567 492 ἀναλύεται
589 455 629 491 δὲ
658 456 710 495 εἰς
733 453 775 490 τὸ
804 455 948 501 πρῶτον
976 452 1104 494 οὕτως.
1160 455 1231 490 εἴτε
1254 452 1530 499 καταφατικοῦς
1556 453 1628 498 ἔχει

210 509 297 552 τοὺς
313 511 583 556 συναγομένους
599 511 669 547 εἴτε
686 509 944 554 οἷποφατικούς
960 511 1032 544 εἴτε
1051 507 1249 553 οἶνομοίους
1261 509 1352 553 μετὰ
1368 510 1435 544 τοῦ
1453 508 1628 553 συνάγον-

210 579 273 606 τος
292 566 442 610 ἐναλλὰξ
462 565 657 609 τιθεμένου
676 565 896 611 λαμβάνεται
922 564 958 600 ἐν
984 567 1029 611 τῇ
1059 562 1231 600 οἷναλύσει
1249 564 1290 600 τὸ
1309 564 1558 608 οἷντικείμενον
1576 564 1627 610 τῷ

210 621 375 668 προτέρῳ
396 622 607 667 συνημμένῳ
625 621 688 656 καὶ
706 620 879 664 ἐπάγεται
903 620 943 656 τὸ
961 619 1152 665 δεύτερον,
1185 621 1246 655 ἵνα
1271 619 1290 655 ὁ
1315 620 1562 664 ἀντικείμενος
1576 620 1628 666 τῷ

210 677 356 720 λήγοντι
376 677 414 711 ἐν
426 679 477 722 τῷ
490 677 621 722 πρώτῳ
638 677 850 723 συνημμένῳ
875 675 956 710 οἷον
986 674 1046 710 ἐπὶ
1076 677 1143 710 τοῦ
1167 675 1405 742 προκειμένου
1425 674 1563 721 τρόπου
1581 669 1606 720 ᾖ
1617 685 1626 693 ·

212 730 365 769 εἰοῦτὸ
384 736 431 774 Β,
457 731 502 768 ov'
523 731 627 768 τὸΑ·
659 730 754 768 εἰοῦ
773 731 878 774 τὸΑ,
902 730 943 766 τὸ
966 733 1014 764 Γ·
1048 728 1140 766 stov
1166 730 1208 766 τὸ
1229 735 1279 773 Β,
1304 728 1507 778 ἅρατὸΓ,
1539 727 1629 776 ὅπερ

210 789 285 825 ἔδει
305 789 431 831 δεῖξαι.
484 790 615 834 Τρίτον
638 789 755 832 σχῆμα
780 787 819 822 ἐν
845 782 874 833 ᾧ
901 784 920 821 ὁ
941 786 1107 829 συνάγων
1134 800 1219 832 ορος
1243 785 1311 830 τὴν
1337 786 1402 830 μὲν
1420 783 1537 828 αυτὴν
1557 784 1629 829 ἔχει

211 843 329 889 σχέσιν
344 843 436 891 πρὸς
466 843 619 889 ἑκάτερα
641 845 716 878 τῶν
739 842 1011 886 συναγομένων,
1037 841 1154 886 λήγων
1183 841 1223 877 δε
1244 840 1313 876 έν
1300 842 1455 908 εκατέρῳ
1471 841 1524 887 τῷ
1541 851 1628 875 συν-

210 899 357 944 ημμένῳ
385 900 644 942 καταφατικαῖς
668 911 707 933 τε
735 899 798 932 καὶ
823 897 1084 941 circumornatis,
1115 895 1195 931 οἷον
1224 893 1272 937 οὖς
1299 896 1357 931 ἐπὶ
1384 895 1465 935 ἑνὸς
1487 894 1629 941 τρόπου

210 955 322 989 πάλιν
338 953 376 989 ἐκ
390 955 654 998 καταφατικών
671 954 743 987 τῶν
759 949 1052 995 συναγομένων”
1030 965 1127 997 ορων
1143 953 1383 992 συνεστῶτος·
1416 951 1450 986 εἰ
1462 950 1503 986 τὸ
1523 955 1560 993 A,
1585 949 1626 986 τὸ

213 1013 260 1044 Β·
297 1011 332 1045 εἰ
352 1008 393 1045 τὸ
425 1013 474 1052 Γ,
499 1008 544 1044 οὗ
570 1008 611 1043 τὸ
631 1011 679 1041 Β·
712 1009 747 1043 εἰ
771 1006 812 1043 τό
835 1011 874 1048 A,
899 1004 972 1054 ἄρα
989 1005 1033 1041 οὐ
1052 1006 1094 1042 τὸ
1115 1009 1155 1041 Γ.
1202 1004 1224 1051 ἦ
1251 1007 1290 1042 δὲ
1318 1005 1492 1047 οἷνοὶλυσις
1515 1003 1630 1041 αὐτοῦ

209 1066 348 1109 γίνεται
369 1066 421 1104 εἰς
440 1063 483 1099 τὸ
505 1064 652 1109 πρῶτον
669 1064 788 1107 σχῆμα
803 1061 930 1103 οὕτως.
978 1061 1018 1097 τὸ
1037 1062 1285 1106 α’ντικείμενον
1302 1065 1353 1109 τῷ
1371 1062 1527 1108 δευτέρῳ
1545 1073 1629 1096 συν-

210 1120 355 1166 ημμένῳ
386 1119 608 1165 λαμβάνεται
637 1117 728 1163 μετὰ
751 1119 792 1153 τὸ
820 1118 1000 1164 πρότερον
1021 1121 1249 1162 συνημμένον
1276 1118 1336 1153 καὶ
1363 1118 1559 1161 συνάγεται
1585 1115 1628 1152 τὸ

210 1174 419 1220 ἡγούμενον
435 1177 503 1210 τοῦ
530 1174 711 1221 προτέρου
736 1173 965 1217 συνημμένου
988 1172 1081 1219 πρὸς
1107 1174 1148 1209 τὸ
1175 1173 1423 1218 α”ντικείμενον
1446 1175 1496 1220 τῷ
1520 1172 1630 1217 ἡγου-

209 1230 305 1277 μένῳ
325 1229 363 1265 ἐν
374 1231 423 1277 τῷ
433 1229 690 1276 δευτέρῳ,οἶον
704 1227 753 1269 αῖς
769 1228 827 1263 ἐπὶ
847 1229 913 1263 τοῦ
924 1229 1162 1274 προκειμένου
1181 1229 1338 1274 τρόπου·
1365 1230 1399 1263 εἰ
1414 1227 1455 1264 τὸ
1472 1233 1510 1270 A,
1530 1226 1628 1264 τὸΒ·

212 1284 294 1323 εἰτὸ
306 1289 346 1329 Β,
358 1285 403 1321 ου’
420 1285 461 1321 τὸ
475 1289 520 1320 Γ·
539 1287 574 1321 εἰ
590 1284 632 1320 τὸ
641 1283 762 1330 Α,ἄρα
772 1282 818 1318 ου’
834 1283 875 1318 τὸ
891 1286 936 1318 Γ·
956 1280 1045 1330 ὅπερ
1063 1284 1134 1320 ἔδει
1152 1286 1266 1327 δεῖξαι
1281 1284 1340 1319 ἐπὶ
1358 1281 1448 1327 ὕλης
1462 1282 1511 1324 οὖς
1526 1283 1564 1318 ἐν
1579 1284 1629 1330 τῷ

210 1343 342 1388 πρώτῳ
359 1341 531 1386 σχήματι·
558 1342 593 1375 εἰ
608 1338 721 1385 ἡμέρα
738 1339 911 1382 ἐστί,φοῖς
932 1337 1046 1373 ἐστίν·
1068 1341 1104 1375 εἰ
1125 1341 1204 1384 φῶς
1222 1335 1469 1385 ἐστίν,ὅρᾶται
1485 1337 1531 1373 τὰ
1540 1337 1631 1384 ἆρα-

211 1397 258 1433 τὰ
270 1410 277 1417 ·
291 1398 332 1441 ,εἰ
344 1396 457 1443 ἡμέρα
476 1397 584 1438 ἐστίν,
602 1395 733 1441 ὁρᾶται
752 1393 824 1439 ἄρα
842 1391 887 1428 τὰ
904 1390 1032 1439 ὄρατοὲ.
1067 1395 1237 1440 δευτέρου
1253 1393 1435 1438 σχήματος
1452 1394 1515 1429 καὶ
1531 1393 1630 1440 πρώ-

211 1466 278 1489 του
296 1452 438 1499 τρόπου
451 1464 459 1472 ·
485 1453 519 1487 εἰ
531 1450 650 1498 ἡμέρα
668 1451 754 1490 ἐστί,
769 1451 848 1494 φῶς
867 1449 976 1484 ἐστίν·
1003 1451 1037 1485 εἰ
1052 1448 1118 1494 οὐχ
1137 1449 1253 1496 ἡμέρα
1272 1450 1379 1493 ἐστίν,
1398 1448 1419 1485 ὁ
1439 1447 1540 1493 ἥλιος
1554 1448 1629 1486 ’ὑπὸ

211 1510 296 1553 γῆν·
333 1510 368 1544 εἰ
383 1508 432 1553 μὴ
456 1509 536 1552 φῶς
556 1507 670 1548 ἐστίν,
705 1502 724 1541 ὁ
746 1502 846 1550 ἥλιος
860 1504 933 1540 ὑπὸ
961 1507 1041 1549 γῆν.
1088 1504 1278 1545 ἀνάλυσις·
1311 1506 1346 1540 εἰ
1358 1504 1407 1549 μὴ
1426 1505 1504 1549 φαῖς
1521 1504 1630 1547 ἐστίν,

213 1562 280 1600 οὐκ
297 1565 391 1600 ἔστιν
414 1563 546 1608 η’μέρα·
574 1563 609 1598 εἰ
627 1561 693 1606 οὐχ
710 1559 827 1607 ἡμέρα
850 1561 943 1596 ἐστίν
956 1585 964 1601 ,
990 1560 1009 1595 ὁ
1030 1557 1129 1605 ἥλιος
1143 1560 1217 1596 ὑπὸ
1238 1562 1324 1604 γῆν·
1349 1562 1384 1596 εἰ
1396 1559 1445 1605 μὴ
1463 1562 1542 1604 φῶς
1558 1557 1631 1607 ἄρα

212 1619 328 1663 ἐστίν,
358 1618 377 1654 ὁ
400 1615 503 1662 ἥλιος
529 1616 602 1652 ὑπὸ
624 1619 692 1661 γῆν
714 1616 819 1651 ἐστίν.
867 1618 991 1662 τρίτου
1020 1615 1201 1661 σχήματος
1223 1617 1285 1651 καὶ
1303 1615 1452 1661 πρώτου
1467 1616 1629 1662 τρόπου·

213 1677 248 1712 εἰ
267 1673 386 1721 ἡμέρα
404 1674 493 1717 ἔστί,
517 1675 597 1717 φῶς
613 1673 727 1707 ἐστίν·
761 1673 796 1706 εἰ
818 1670 1016 1717 α’θεώρητα
1035 1671 1081 1706 τὰ
1103 1669 1240 1717 ὁρατά,
1272 1669 1338 1706 οὐκ
1365 1671 1438 1706 ἔστι
1467 1673 1564 1716 mois*
1597 1673 1633 1707 εἰ

211 1732 329 1777 ἡμέρα
345 1728 419 1777 ἄρα
438 1730 551 1770 ἐστίν,
578 1727 647 1763 ουίι
669 1725 868 1773 ἀθεώρητοι
887 1726 933 1761 τὰ
947 1726 1075 1773 ὁρατά.
1122 1727 1228 1762 Εἰσὶν
1245 1727 1280 1761 οὶ
1296 1727 1427 1772 τρόποι
1452 1725 1544 1762 «invni
1561 1728 1630 1762 τοῦ

212 1786 386 1833 δευτέρου
418 1784 600 1830 σχήματος
626 1783 687 1817 καὶ
707 1784 773 1817 τοῦ
793 1783 918 1827 τρίτου
940 1780 1035 1816 ὀκτώ
1048 1793 1056 1801 ·
1095 1781 1164 1816 δύο
1183 1781 1221 1816 ἐκ
1243 1784 1505 1827 καταφατικῶν
1520 1794 1630 1817 συνα-

210 1843 359 1887 γόμενοι
392 1839 460 1877 δύο
493 1840 530 1882 ἐξ
557 1837 800 1881 ἀποφατικῶν
839 1837 1008 1882 τέσσαρες
1037 1835 1077 1879 ἐξ
1108 1834 1292 1881 οἷνομοίων
1321 1835 1413 1882 μετὰ
1449 1837 1579 1882 ὁμοίου
1605 1835 1629 1883 ἢ

211 1896 389 1942 ἀνομοίου
405 1895 602 1940 τιθεμένου
616 1895 685 1928 τοῦ
699 1892 933 1936 συνάγοντος.

554 1950 655 1988 τέλος
672 1949 745 1982 τῶν
762 1947 1021 1993 Ἀριστοτέλους
1037 1943 1277 1981 ἀναλυτικῶν.

297 2007 421 2050 Neque
436 2017 559 2040 verum
577 2004 944 2048 huncAnalyticorum
959 2003 1068 2035 finem
1084 2014 1160 2036 esse
1178 2014 1291 2045 neque
1303 2003 1448 2036 omnino
1460 2003 1630 2047 scriptum

211 2064 258 2098 ab
291 2063 481 2096 Aristotele
513 2072 581 2094 non
615 2064 667 2093 est
697 2060 789 2103 quod
823 2060 1013 2102 probemus
1046 2058 1109 2098 iis,
1145 2058 1205 2101 qui
1238 2060 1298 2091 vel
1320 2059 1448 2092 leviter
1469 2059 1631 2093 noverint

211 2119 409 2153 Aristotelis
449 2116 636 2160 Analytica
649 2141 660 2156 ‚
705 2116 768 2148 sed
799 2116 845 2147 ab
885 2113 1030 2147 homine
1070 2113 1303 2156 compositum
1345 2125 1421 2147 esse
1460 2126 1529 2147 non
1571 2126 1630 2147 so-

210 2176 285 2209 lum
309 2174 395 2207 artis
416 2172 557 2216 logicae
581 2170 816 2214 peritissimo,
848 2170 910 2202 sed
942 2169 1051 2202 etiam
1083 2168 1215 2213 ingenii
1248 2169 1409 2202 acumine
1438 2169 1630 2212 praestanti

212 2235 247 2265 et
264 2242 284 2264 e
300 2228 437 2264 dicendi
454 2239 585 2272 genere
604 2230 726 2270 patere
744 2224 834 2259 mihi
854 2225 1001 2265 videtur,
1027 2225 1119 2267 quod
1137 2225 1182 2257 ab
1206 2224 1480 2257 scholiastarum
1503 2225 1630 2258 amba-

212 2286 318 2330 gibus
350 2284 505 2318 alienum
538 2286 609 2321 est,
650 2285 684 2314 et
714 2292 757 2314 ex
793 2281 870 2323 ipsa
903 2291 962 2320 re,
998 2280 1041 2312 de
1074 2290 1142 2322 qua
1165 2290 1256 2313 nove
1287 2281 1384 2312 clare
1412 2284 1493 2322 apte
1517 2280 1630 2313 ‹lisse-

211 2341 293 2374 ruit.
333 2340 435 2383 Quae
458 2339 504 2372 ab
527 2336 730 2370 Aristotelis
751 2347 816 2369 usu
839 2336 1006 2368 recedant
1030 2335 1152 2378 paucis
1175 2338 1344 2368 annotare
1367 2336 1496 2377 placet.
1543 2332 1629 2368 ἑπά-

210 2397 319 2433 νοδος
341 2395 437 2429 idem
461 2397 513 2427 est
537 2393 628 2436 quod
653 2392 745 2435 apud
768 2391 908 2423 Aristot.
933 2388 1138 2433 μετάληψις
1170 2391 1228 2423 vel
1249 2387 1630 2434 μεταλαμβανόμενον,

212 2451 257 2485 de
281 2462 349 2494 quo
372 2450 419 2483 cf.
443 2460 534 2492 quae
557 2448 708 2482 diximus
732 2447 777 2479 ad
799 2445 843 2478 41
863 2456 885 2478 a
902 2445 957 2488 39,
981 2457 1148 2488 συναγων
1171 2442 1256 2490 ὅρος
1278 2449 1428 2478 vocatur
1449 2444 1557 2488 μέσος
1582 2445 1628 2478 ab

212 2506 420 2546 Aristotele,
441 2493 691 2546 συναγόμενοι
715 2522 757 2527 -
779 2514 826 2535 τα
857 2498 972 2547 ἄκρα,
1004 2499 1045 2535 τὸ
1079 2499 1304 2544 συνημμένον
1330 2520 1368 2524 -
1394 2498 1417 2542 ἦ
1443 2497 1628 2543 πρότασις.

211 2560 496 2603 Propositionem
519 2563 639 2593 autem
663 2558 697 2592 εἰ
717 2556 758 2591 τὸ
785 2560 823 2595 A
848 2553 891 2589 ου’
915 2555 955 2590 τὸ
976 2558 1004 2588 Β
1029 2555 1186 2592 converti
1209 2567 1310 2599 posse
1333 2555 1370 2588 in
1391 2556 1504 2588 hanc.
1530 2556 1565 2589 εἰ
1586 2555 1626 2589 τὸ

213 2618 263 2658 Β,
288 2613 334 2649 ου’
357 2613 398 2649 τὸ
424 2618 471 2655 A,
503 2626 571 2648 non
595 2625 760 2658 expresse
783 2612 926 2655 quidem
957 2612 1210 2646 demonstravit
1239 2611 1466 2655 Aristoteles,
1487 2611 1550 2645 sed
1570 2610 1628 2644 fa-

214 2670 282 2705 cile
304 2671 376 2704 hoc
399 2670 579 2714 colligitur
602 2681 645 2703 ex
668 2669 713 2703 iis
740 2679 832 2712 quae
855 2667 962 2701 tradit
983 2666 1028 2701 5¹1
1046 2668 1069 2701 h
1090 2667 1111 2700 1
1133 2668 1193 2701 vel
1215 2666 1260 2700 53
1275 2667 1298 2699 b
1319 2665 1372 2699 12.
