1884 3100
615 220 947 257 ΠΡΟΤΕΡΩΝ
976 221 1015 254 Β.
1468 215 1549 255 253

238 326 308 384 ’1ῑῇ
332 322 412 383 μὲν
443 338 532 368 ουν
551 320 759 367 καθόλου
773 322 1036 379 θεωροῦμεν
1050 314 1104 364 τοὶ
1125 315 1171 363 ἐν
1185 314 1319 376 μέρει,
1340 316 1396 374 τῇ
1419 311 1460 360 δ’
1478 314 1540 359 οἰ-

98 390 194 455 κείᾳ
221 389 311 438 ουίι
342 391 489 449 ἴσμεν,
531 386 631 435 ωστ’
661 387 873 448 ἐνδέχεται
902 387 978 432 καὶ
1005 383 1262 431 ἀπατᾶσθαι
1291 382 1390 442 περὶ
1416 378 1547 438 αὐτά,

99 438 219 521 πλήν
253 456 341 505 οὐκ
369 457 595 540 ἐναντίως,
636 453 731 502 ἀλλ’
761 455 870 539 ἔχειν
901 454 981 534 μῗὲν
1011 450 1093 538 τήν
1123 450 1344 502 καθόλου,
1375 446 1546 495 άπατα-

99 530 211 572 σθαι
243 527 290 572 δὲ
309 529 364 586 τῇ
385 521 495 570 κατὰ
515 524 658 583 μέρος.
697 519 863 582 ὁμοίως
883 521 941 566 οὐ
944 538 969 566 v
992 521 1063 565 καὶ
1087 520 1154 566 ἐπὶ
1173 522 1263 564 τῶν
1283 515 1598 579 προειρημέ-εο

99 610 209 640 νων·
242 591 302 639 οὐ
330 610 415 653 γαρ
445 591 615 637 ἐναντία
649 587 677 652 ἡ
706 586 816 634 κατὰ
847 585 898 633 τὸ
926 587 1062 648 μέσον
1094 585 1242 648 άπάτη
1272 589 1326 646 τῇ
1342 582 1453 630 κατὰ
1470 581 1549 630 τὸν

98 657 401 721 συλλογισμόν
415 657 641 720 ἐπιστήμη,
657 654 757 702 οὐδ’
777 654 807 718 ἡ
830 653 936 701 καθ’
955 654 1164 712 ἑκάτερον
1174 671 1265 699 των
1277 649 1549 714 μέσωνὺπό-

80 729 245 790 ’ληψις
304 723 438 772 ουδεν
477 725 524 770 δε
560 722 684 770 κωλι’
674 742 725 769 ἐι
759 721 905 769 εἰδότα
935 723 1007 768 καὶ
1041 719 1108 767 ὅτι
1133 718 1184 767 τὰ
1221 724 1259 766 A
1291 717 1384 784 ὅλῳ
1417 722 1483 784 τῷ
1511 721 1550 764 Β

97 792 285 854 ὑπάρχει
312 794 388 839 καὶ
419 790 552 838 πάλιν
578 794 714 837 τοῦτο
737 793 808 873 τῷ
837 793 888 845 Γ,
921 790 1135 852 οἰηθῆναι
1164 785 1226 850 μὴ
1256 785 1472 871 ὑπάρχειν
1499 782 1552 831 τὸ

99 865 137 908 Α
167 865 228 926 τῷ
261 863 312 917 Γ,
338 857 435 906 οἷον
468 857 537 905 ὅτι
567 861 692 904 πᾶσα
720 855 906 920 ἡμίονος
935 854 1097 913 ἄτοκος
1125 856 1200 901 καὶ
1230 872 1346 938 αυτη
1367 852 1600 916 ημίονοςεε

99 909 276 975 οιεσθαι
307 926 433 974 κύειν
455 924 646 988 ταύτην·
680 922 741 971 οὐ
760 922 844 986 γὰρ
865 920 1135 971 ἐπίσταται“
1109 940 1176 968 οτι
1198 919 1250 968 τὸ
1269 925 1307 967 Α
1329 924 1392 986 τῷ
1415 924 1466 1002 Γ,
1487 918 1549 984 μὴ

99 999 373 1054 συνθεωρῶν
402 991 455 1040 τὸ
477 991 582 1039 καθ’
617 992 832 1053 ἑκάτερον.
863 988 976 1038 ωστε
998 987 1224 1053 δηλονότι
1243 990 1318 1035 καὶ
1343 969 1382 1035 εἶ
1397 986 1450 1035 τὸ
1471 988 1552 1049 μὲν

98 1059 190 1109 οἶδε
219 1060 271 1108 τὸ
300 1063 348 1108 δὲ
382 1059 444 1123 μὴ
478 1057 620 1116 οἶδεν,
653 1058 1014 1122 οἷπατηθήσεται·
1051 1055 1159 1116 ὅπερ
1187 1056 1367 1117 ἔχουσιν
1397 1056 1443 1102 αἱ
1467 1073 1550 1101 κα-

97 1129 246 1177 θόλου
276 1126 390 1187 πρὸς
426 1126 506 1185 τὰς
536 1145 646 1173 κατα
672 1127 804 1187 μέρος
826 1125 1079 1211 ἐπιστήμας.
1107 1122 1243 1171 οὐδὲν
1260 1121 1344 1185 γὰρ
1363 1140 1454 1169 των
1479 1123 1550 1169 αἰ-

99 1199 282 1260 σθητῶν
303 1194 382 1251 ἔξω
401 1199 481 1258 τῆς
502 1193 759 1257 αἰσθήσεως
780 1192 1015 1255 γενόιιενον
1038 1193 1176 1252 ἴσμεν,
1203 1189 1304 1237 ουδ’
1326 1208 1381 1236 αν
1398 1189 1590 1273 ᾔσθη-ιι

97 1264 220 1326 μένοι
243 1262 551 1346 τυγχάνωμεν,
584 1262 622 1307 εἰ
655 1259 717 1324 μὴ
740 1280 801 1318 ως
827 1264 890 1344 τῷ
911 1259 1121 1306 καθόλου
1139 1260 1215 1304 καὶ
1247 1261 1312 1340 v93
1332 1258 1441 1341 ἔχειν
1467 1255 1551 1320 τὴν

100 1331 268 1378 οἰκείαν
301 1331 568 1392 ἐπιστήμην,
597 1327 691 1374 ἄλλ’
724 1326 810 1389 οὐχ
841 1346 903 1384 ως
931 1331 1003 1394 1:93-
1026 1327 1221 1388 ἐνεργεῖν.
1258 1323 1309 1372 τὸ
1340 1343 1426 1386 γαρ
1454 1325 1550 1371 ἐπί-

99 1403 292 1445 στασθαι
320 1397 484 1459 λέγεται
516 1400 699 1457 τριχῶς,
733 1393 763 1458 ἢ
790 1393 850 1452 ὥς
880 1399 936 1455 τῇ
962 1375 1172 1440 καθόλου
1198 1390 1229 1456 ἢ
1259 1411 1322 1450 ως
1339 1396 1394 1453 τῇ
1412 1392 1552 1457 οἰκεία

99 1462 130 1529 ἢ
141 1484 215 1547 ῒως
227 1468 288 1529 τῷ
307 1465 504 1525 ἐνεργεῖν,
518 1461 627 1510 ὥστε
646 1463 719 1509 και
731 1481 784 1509 το
807 1461 1069 1525 η’πατησθαι
1089 1464 1390 1520 τοσαυταχῶς.
1415 1458 1552 1507 οὐδεν
1566 1475 1586 1504 5

99 1551 185 1579 ουν
209 1531 371 1578 κωλύει
391 1532 466 1576 καὶ
487 1530 645 1577 εἰδέναι
664 1531 739 1576 καὶ
754 1528 1017 1592 ἠπατησθαι
1030 1530 1129 1587 περὶ
1147 1526 1302 1583 ταύτό,
1325 1525 1443 1589 πλὴν
1463 1525 1552 1574 οὐκ

100 1600 312 1656 ἐναντίως.
351 1595 460 1658 ὅπερ
492 1598 724 1658 συμβαίνει
753 1598 828 1642 καὶ
859 1600 921 1661 τῷ
949 1593 1053 1642 καθ’
1079 1595 1288 1654 ἑκατέραν
1311 1593 1449 1641 εἰδότι
1469 1611 1553 1675 την

99 1666 315 1751 πρότασιν
343 1667 418 1712 καὶ
443 1662 504 1727 μὴ
525 1664 826 1729 ἐπεσκεμμένω
851 1662 1081 1724 πρότερον.
1115 1661 1444 1722 ὑπολαμβάνων
1466 1659 1552 1723 γὰρ

101 1736 228 1781 κύειν
252 1731 337 1815 τὴν
355 1731 542 1815 ἡμίονον
565 1750 654 1778 ουκ
679 1750 760 1791 εχει
779 1729 860 1793 τὴν
882 1749 994 1776 κατα
1015 1728 1067 1776 τὸ
1090 1730 1274 1790 ἐνεργεῖν
1294 1728 1551 1791 ἐπιστήμην,

102 1799 202 1848 οὐδ’
235 1793 297 1846 αὖ
327 1797 401 1845 διὰ
429 1817 510 1881 την
537 1797 774 1860 υπόληψιν
806 1798 1003 1844 ἐναντίαν
1035 1795 1210 1858 ἀπάτην
1238 1800 1293 1857 τῇ
1313 1795 1550 1859 ἐπιστήμῃ·
1566 1813 1602 1842 ιο

104 1865 402 1929 συλλογισμὸς
423 1865 507 1927 γὰρ
529 1863 558 1928 ἡ
579 1866 750 1912 ἐναντία
769 1863 914 1928 άπάτη
933 1868 987 1925 τῇ
1007 1863 1230 1910 καθόλου.

230 1933 285 1980 Ο
325 1932 365 1980 δ’
403 1932 732 1993 ὑπολαμβάνων
764 1930 816 1978 τὸ
849 1931 1007 1998 ἀγαθῷ
1037 1927 1148 1978 εἶναι
1180 1932 1310 1994 κακῷ
1331 1925 1464 1985 εἶναι,
1495 1926 1551 1975 τό

103 1999 214 2048 αὐτὸ
239 1999 519 2063 ὑπολήψεται
553 1998 712 2070 οἷγαθῷ
743 1996 852 2046 εἶναι
881 2000 956 2044 καὶ
979 2002 1115 2070 κακῷ.
1158 1998 1266 2044 εστω
1292 1994 1376 2081 γὰρ
1397 1995 1449 2043 τὸ
1473 1997 1553 2056 μὲν

103 2067 261 2134 άγαθῷ
293 2073 406 2114 εἰναι
432 2066 500 2128 ἐφ’
527 2069 587 2114 οὑ
616 2065 761 2123 Α,τό
790 2068 837 2113 δε
867 2070 1007 2132 κακῷ
1014 2062 1124 2112 εἶναι
1154 2063 1224 2125 ἐφ’
1251 2067 1310 2111 οὑ
1341 2067 1393 2120 Β,
1417 2063 1553 2110 πάλιν

103 2137 151 2182 δε
179 2135 231 2182 τὸ
259 2133 420 2199 ἀγαθῷ
448 2153 557 2181 ειναι
590 2134 647 2194 ἐφ
679 2152 738 2181 ου
769 2137 820 2179 Γ.
872 2134 964 2180 ἐπεὶ
991 2127 1077 2180 οὖν
1099 2130 1267 2179 ταύτὸν
1284 2130 1550 2192 ὑπολαμβά-
1568 2147 1603 2175 15

102 2221 166 2249 νει
194 2200 247 2248 τὸ
284 2205 323 2247 Β
350 2202 423 2247 καὶ
451 2200 504 2247 τό
540 2205 591 2259 Γ,
608 2202 697 2271 *nai
717 2197 836 2250 εἶναι
869 2199 922 2247 τὸ
950 2205 996 2247 Γ
1019 2198 1070 2247 τὸ
1090 2204 1128 2246 Β
1154 2198 1466 2285 ὑπολήψεται,
1478 2198 1554 2244 καὶ

102 2268 236 2316 πάλιν
261 2266 312 2314 τὸ
345 2271 384 2313 Β
416 2265 468 2314 τὸ
508 2271 546 2313 A
585 2264 695 2313 εἶναι
727 2265 966 2324 ωσαυτως,
1008 2265 1120 2313 ωστε
1152 2268 1227 2313 καὶ
1259 2265 1310 2313 τὸ
1346 2269 1393 2311 Γ
1415 2263 1469 2311 τὸ
1498 2267 1551 2311 A.

104 2334 250 2418 ωσπερ
278 2353 363 2396 γαρ
402 2335 441 2381 εἰ
470 2328 526 2398 ἦν
554 2332 734 2396 αληθές,
770 2332 875 2380 καθ’
904 2353 963 2381 ου
998 2332 1049 2380 τὸ
1086 2338 1137 2389 Γ,
1162 2332 1214 2379 τὸ
1250 2337 1312 2389 Β,
1340 2333 1415 2378 καὶ
1446 2329 1555 2378 καθ’

105 2405 165 2450 οὑ
185 2401 238 2450 τὸ
259 2399 408 2462 Β,τὸ
432 2406 493 2460 Α,
523 2403 598 2448 καὶ
616 2420 728 2447 κατα
751 2405 836 2448 τοῦ
858 2399 967 2448 Γτὸ
989 2405 1027 2448 Α
1045 2399 1214 2464 άληθὲς
1236 2418 1309 2463 ην,
1339 2397 1460 2446 οὕτω
1479 2399 1555 2446 καὶ

194 2590 238 2622 27
256 2586 319 2633 τὰ]
338 2585 380 2623 τὰ
395 2599 429 2621 η.
454 2605 499 2614 -·
522 2587 566 2620 29
582 2599 649 2629 μεν
665 2598 722 2620 om
744 2587 774 2620 B
792 2593 827 2620 et
842 2599 885 2632 pr
903 2599 931 2620 ο.
945 2606 991 2612 -
1014 2587 1058 2620 32
1079 2582 1169 2620 καθ’
1189 2583 1315 2630 ἕτερον
1332 2586 1374 2627 A,
1398 2583 1554 2629 κᾶτερον

107 2645 147 2676 pr
163 2645 209 2667 m.
242 2652 287 2660 —
318 2635 362 2668 35
379 2645 474 2676 αντη
491 2631 515 2675 ἡ
533 2631 691 2676 ἡμίονος
709 2634 769 2665 Ac.
801 2651 847 2659 —-
884 2633 928 2666 36
951 2631 1094 2674 ταύτην
1111 2643 1148 2663 rc
1167 2642 1212 2664 m.
1240 2649 1278 2655 -
1317 2631 1361 2664 37
1380 2628 1555 2686 ἑκάτερον

106 2679 241 2722 λῆμμα.
267 2689 359 2713 mats.
382 2681 425 2720 A,
452 2678 575 2722 λῆμμα
592 2690 628 2710 rc
650 2689 711 2720 sup
715 2690 752 2711 ra
772 2689 809 2710 vs
826 2689 861 2710 u.
885 2696 931 2703 —
956 2678 998 2710 39
1014 2675 1184 2711 καθόλου
1202 2673 1552 2731 προτάσειςπρὸςλ.

194 2722 287 2758 fflbs
306 2722 478 2812 ωςτόῙ,ἡ
491 2736 532 2767 pr
552 2724 648 2756 ARu.
672 2741 718 2748 —
741 2718 832 2762 5ως
853 2724 1038 2776 omfetp
1042 2734 1109 2755 τη.
1136 2740 1178 2746 -
1200 2734 1243 2755 το
1262 2722 1360 2776 prA.
1381 2740 1420 2747 -
1449 2733 1552 2756 anot-

105 2768 298 2802 τᾶσθαιπ.
323 2787 368 2796 -
390 2735 1173 2824 8μηρτοπιπ.-1]γάρέστινὴ0.-
1198 2768 1241 2800 12
1257 2764 1548 2813 prt6]·tcpf,to

106 2825 187 2847 corr
204 2814 273 2848 AC.
298 2833 343 2842 —
368 2815 411 2848 13
431 2813 474 2849 τὸ
491 2827 572 2848 corr
588 2815 659 2850 AC.
687 2834 730 2840 --
759 2814 801 2847 18
817 2825 861 2849 ου
879 2825 899 2856 γ
915 2825 951 2846 n.
