<?xml version="1.0" encoding="UTF-8"?>
<!DOCTYPE html PUBLIC "-//W3C//DTD XHTML 1.0 Transitional//EN"
    "http://www.w3.org/TR/xhtml1/DTD/xhtml1-transitional.dtd">
<html xmlns="http://www.w3.org/1999/xhtml" xml:lang="en" lang="en">
 <head>
  <title>
</title>
<meta http-equiv="Content-Type" content="text/html;charset=utf-8" />
  <meta name='ocr-system' content='tesseract 3.04.00' />
  <meta name='ocr-capabilities' content='ocr_page ocr_carea ocr_par ocr_line ocrx_word'/>
</head>
<body>
  <div class='ocr_page' id='page_1' title='image "aristotelisorgan01arisuoft_0477.png"; bbox 0 0 1774 3106; ppageno 0'>
   <div class='ocr_carea' id='block_1_1' title="bbox 567 146 1570 202">
    <p class='ocr_par' dir='ltr' id='par_1_1' title="bbox 567 146 1570 202">
     <span class='ocr_line' id='line_1_1' title="bbox 567 146 1570 202; baseline -0.009 -11"><span class='ocrx_word' id='word_1_1' title='bbox 567 155 828 202; x_wconf 73' lang='lat' dir='ltr'>Analyticn</span> <span class='ocrx_word' id='word_1_2' title='bbox 859 153 1032 200; x_wconf 70' lang='lat' dir='ltr'>priora.</span> <span class='ocrx_word' id='word_1_3' title='bbox 1489 146 1570 187; x_wconf 59' lang='grc' dir='ltr'>ΨΒ</span> 
     </span>
    </p>
   </div>
   <div class='ocr_carea' id='block_1_2' title="bbox 60 246 1593 2821">
    <p class='ocr_par' dir='ltr' id='par_1_2' title="bbox 60 246 1593 2821">
     <span class='ocr_line' id='line_1_2' title="bbox 105 246 1568 304; baseline -0.011 -2"><span class='ocrx_word' id='word_1_4' title='bbox 105 273 176 301; x_wconf 87' lang='lat' dir='ltr'>sus</span> <span class='ocrx_word' id='word_1_5' title='bbox 203 263 317 300; x_wconf 85' lang='lat' dir='ltr'>certo</span> <span class='ocrx_word' id='word_1_6' title='bbox 343 256 463 298; x_wconf 87' lang='lat' dir='ltr'>modo</span> <span class='ocrx_word' id='word_1_7' title='bbox 491 255 706 304; x_wconf 77' lang='lat' dir='ltr'>afficiatur,</span> <span class='ocrx_word' id='word_1_8' title='bbox 735 266 772 293; x_wconf 87' lang='lat' dir='ltr'>v.</span> <span class='ocrx_word' id='word_1_9' title='bbox 796 266 831 294; x_wconf 87' lang='lat' dir='ltr'>c.</span> <span class='ocrx_word' id='word_1_10' title='bbox 858 251 1037 293; x_wconf 79' lang='lat' dir='ltr'>tabulam</span> <span class='ocrx_word' id='word_1_11' title='bbox 1062 261 1142 290; x_wconf 87' lang='lat' dir='ltr'>non</span> <span class='ocrx_word' id='word_1_12' title='bbox 1169 247 1314 298; x_wconf 72' lang='lat' dir='ltr'>video,</span> <span class='ocrx_word' id='word_1_13' title='bbox 1343 246 1416 287; x_wconf 85' lang='lat' dir='ltr'>sed</span> <span class='ocrx_word' id='word_1_14' title='bbox 1446 259 1568 299; x_wconf 87' lang='lat' dir='ltr'>quum</span> 
     </span>
     <span class='ocr_line' id='line_1_3' title="bbox 107 311 1571 370; baseline -0.011 -5"><span class='ocrx_word' id='word_1_15' title='bbox 107 337 187 365; x_wconf 89' lang='lat' dir='ltr'>nou</span> <span class='ocrx_word' id='word_1_16' title='bbox 215 324 292 364; x_wconf 89' lang='lat' dir='ltr'>nisi</span> <span class='ocrx_word' id='word_1_17' title='bbox 319 322 496 363; x_wconf 79' lang='lat' dir='ltr'>colorem</span> <span class='ocrx_word' id='word_1_18' title='bbox 523 320 680 359; x_wconf 78' lang='lat' dir='ltr'>videam</span> <span class='ocrx_word' id='word_1_19' title='bbox 710 330 830 370; x_wconf 83' lang='lat' dir='ltr'>quem</span> <span class='ocrx_word' id='word_1_20' title='bbox 858 318 998 365; x_wconf 82' lang='lat' dir='ltr'>habet,</span> <span class='ocrx_word' id='word_1_21' title='bbox 1039 313 1214 354; x_wconf 74' lang='lat' dir='ltr'>tabulam</span> <span class='ocrx_word' id='word_1_22' title='bbox 1241 313 1372 364; x_wconf 84' lang='lat' dir='ltr'>ipsam</span> <span class='ocrx_word' id='word_1_23' title='bbox 1400 324 1478 351; x_wconf 90' lang='lat' dir='ltr'>non</span> <span class='ocrx_word' id='word_1_24' title='bbox 1506 311 1571 349; x_wconf 88' lang='lat' dir='ltr'>vi-</span> 
     </span>
     <span class='ocr_line' id='line_1_4' title="bbox 109 374 1571 437; baseline -0.011 -9"><span class='ocrx_word' id='word_1_25' title='bbox 109 389 186 428; x_wconf 85' lang='lat' dir='ltr'>deo</span> <span class='ocrx_word' id='word_1_26' title='bbox 224 388 301 427; x_wconf 87' lang='lat' dir='ltr'>nisi</span> <span class='ocrx_word' id='word_1_27' title='bbox 337 383 446 428; x_wconf 79' lang='grc' dir='ltr'><em>κατὰ</em></span> <span class='ocrx_word' id='word_1_28' title='bbox 483 381 777 437; x_wconf 74' lang='grc' dir='ltr'><em>συμβεβηκόςε</em></span> <span class='ocrx_word' id='word_1_29' title='bbox 818 379 927 422; x_wconf 80' lang='grc' dir='ltr'><em>κατὰ</em></span> <span class='ocrx_word' id='word_1_30' title='bbox 955 375 1227 431; x_wconf 83' lang='grc' dir='ltr'><em>συμβεβηκὸς</em></span> <span class='ocrx_word' id='word_1_31' title='bbox 1262 377 1386 427; x_wconf 81' lang='lat' dir='ltr'>igitur</span> <span class='ocrx_word' id='word_1_32' title='bbox 1424 374 1571 414; x_wconf 84' lang='lat' dir='ltr'>dicitur</span> 
     </span>
     <span class='ocr_line' id='line_1_5' title="bbox 110 439 1570 505; baseline -0.011 -12"><span class='ocrx_word' id='word_1_33' title='bbox 110 453 218 505; x_wconf 87' lang='lat' dir='ltr'>quod</span> <span class='ocrx_word' id='word_1_34' title='bbox 255 464 332 491; x_wconf 91' lang='lat' dir='ltr'>non</span> <span class='ocrx_word' id='word_1_35' title='bbox 363 451 439 491; x_wconf 89' lang='lat' dir='ltr'>nisi</span> <span class='ocrx_word' id='word_1_36' title='bbox 474 463 564 490; x_wconf 89' lang='lat' dir='ltr'>cum</span> <span class='ocrx_word' id='word_1_37' title='bbox 601 450 726 487; x_wconf 84' lang='lat' dir='ltr'>abusu</span> <span class='ocrx_word' id='word_1_38' title='bbox 765 446 936 496; x_wconf 85' lang='lat' dir='ltr'>quodam</span> <span class='ocrx_word' id='word_1_39' title='bbox 975 442 1159 483; x_wconf 85' lang='lat' dir='ltr'>vocabuli</span> <span class='ocrx_word' id='word_1_40' title='bbox 1208 441 1365 480; x_wconf 87' lang='lat' dir='ltr'>dicitur.</span> <span class='ocrx_word' id='word_1_41' title='bbox 1415 439 1570 479; x_wconf 75' lang='lat' dir='ltr'>10⁶2b4</span> 
     </span>
     <span class='ocr_line' id='line_1_6' title="bbox 109 501 1573 569; baseline -0.011 -11"><span class='ocrx_word' id='word_1_42' title='bbox 109 515 380 569; x_wconf 83' lang='grc' dir='ltr'><em>συμβεβηκὸς</em></span> <span class='ocrx_word' id='word_1_43' title='bbox 406 512 451 555; x_wconf 86' lang='grc' dir='ltr'>δέ</span> <span class='ocrx_word' id='word_1_44' title='bbox 479 512 614 559; x_wconf 79' lang='grc' dir='ltr'><em>ἐστιν,</em></span> <span class='ocrx_word' id='word_1_45' title='bbox 651 511 676 552; x_wconf 84' lang='grc' dir='ltr'>ὃ</span> <span class='ocrx_word' id='word_1_46' title='bbox 713 507 846 563; x_wconf 82' lang='grc' dir='ltr'><em>μηδὲν</em></span> <span class='ocrx_word' id='word_1_47' title='bbox 883 506 961 561; x_wconf 80' lang='grc' dir='ltr'><em>μὲν</em></span> <span class='ocrx_word' id='word_1_48' title='bbox 996 506 1166 547; x_wconf 79' lang='grc' dir='ltr'><em>τούτων</em></span> <span class='ocrx_word' id='word_1_49' title='bbox 1193 504 1302 555; x_wconf 68' lang='grc' dir='ltr'><em>ἐστί,</em></span> <span class='ocrx_word' id='word_1_50' title='bbox 1339 503 1442 558; x_wconf 83' lang='grc' dir='ltr'><em>μήτε</em></span> <span class='ocrx_word' id='word_1_51' title='bbox 1469 501 1573 554; x_wconf 80' lang='grc' dir='ltr'><em>ὅρος</em></span> 
     </span>
     <span class='ocr_line' id='line_1_7' title="bbox 110 565 1572 635; baseline -0.01 -13"><span class='ocrx_word' id='word_1_52' title='bbox 110 581 217 635; x_wconf 81' lang='grc' dir='ltr'><em>μήτε</em></span> <span class='ocrx_word' id='word_1_53' title='bbox 241 579 358 621; x_wconf 76' lang='grc' dir='ltr'><em>ἴδιον</em></span> <span class='ocrx_word' id='word_1_54' title='bbox 383 578 488 632; x_wconf 86' lang='grc' dir='ltr'><em>μήτε</em></span> <span class='ocrx_word' id='word_1_55' title='bbox 513 574 652 629; x_wconf 78' lang='grc' dir='ltr'><em>γένος,</em></span> <span class='ocrx_word' id='word_1_56' title='bbox 681 573 859 626; x_wconf 77' lang='grc' dir='ltr'><em>ὑπάρχει</em></span> <span class='ocrx_word' id='word_1_57' title='bbox 887 572 934 613; x_wconf 81' lang='grc' dir='ltr'>δὲ</span> <span class='ocrx_word' id='word_1_58' title='bbox 960 576 1019 625; x_wconf 82' lang='grc' dir='ltr'>τῷ</span> <span class='ocrx_word' id='word_1_59' title='bbox 1046 571 1276 623; x_wconf 78' lang='grc' dir='ltr'><em>πράγματι,</em></span> <span class='ocrx_word' id='word_1_60' title='bbox 1303 568 1378 610; x_wconf 82' lang='grc' dir='ltr'><em>καὶ</em></span> <span class='ocrx_word' id='word_1_61' title='bbox 1406 565 1430 610; x_wconf 90' lang='grc' dir='ltr'><strong>ὃ</strong></span> <span class='ocrx_word' id='word_1_62' title='bbox 1457 566 1572 610; x_wconf 79' lang='grc' dir='ltr'><em>ἐνδέ-</em></span> 
     </span>
     <span class='ocr_line' id='line_1_8' title="bbox 110 633 1573 698; baseline -0.008 -12"><span class='ocrx_word' id='word_1_63' title='bbox 110 658 226 698; x_wconf 80' lang='grc' dir='ltr'><em>χεται</em></span> <span class='ocrx_word' id='word_1_64' title='bbox 251 643 460 695; x_wconf 80' lang='grc' dir='ltr'><em>ὑπάρχειν</em></span> <span class='ocrx_word' id='word_1_65' title='bbox 487 640 658 694; x_wconf 79' lang='grc' dir='ltr'><strong><em>ὁτῳοῦν</em></strong></span> <span class='ocrx_word' id='word_1_66' title='bbox 684 637 748 680; x_wconf 79' lang='grc' dir='ltr'>ἑνὶ</span> <span class='ocrx_word' id='word_1_67' title='bbox 774 636 847 680; x_wconf 82' lang='grc' dir='ltr'><em>καὶ</em></span> <span class='ocrx_word' id='word_1_68' title='bbox 873 641 932 690; x_wconf 84' lang='grc' dir='ltr'>τῷ</span> <span class='ocrx_word' id='word_1_69' title='bbox 960 636 1075 689; x_wconf 82' lang='grc' dir='ltr'><em>αὐτῷ</em></span> <span class='ocrx_word' id='word_1_70' title='bbox 1102 634 1174 677; x_wconf 83' lang='grc' dir='ltr'><em>καὶ</em></span> <span class='ocrx_word' id='word_1_71' title='bbox 1202 633 1260 688; x_wconf 84' lang='grc' dir='ltr'><em>μὴ</em></span> <span class='ocrx_word' id='word_1_72' title='bbox 1287 633 1495 688; x_wconf 76' lang='grc' dir='ltr'><em>ὑπάρχειν</em></span> <span class='ocrx_word' id='word_1_73' title='bbox 1509 663 1522 676; x_wconf 90' lang='grc'><strong><em>.</em></strong></span> <span class='ocrx_word' id='word_1_74' title='bbox 1537 664 1548 676; x_wconf 91' lang='grc'><strong>.</strong></span> <span class='ocrx_word' id='word_1_75' title='bbox 1562 664 1573 674; x_wconf 92' lang='grc'><strong>.</strong></span> 
     </span>
     <span class='ocr_line' id='line_1_9' title="bbox 109 697 1572 760; baseline -0.008 -9"><span class='ocrx_word' id='word_1_76' title='bbox 109 707 200 751; x_wconf 81' lang='grc' dir='ltr'><em>ἔστι</em></span> <span class='ocrx_word' id='word_1_77' title='bbox 227 707 275 750; x_wconf 76' lang='grc' dir='ltr'>δὲ</span> <span class='ocrx_word' id='word_1_78' title='bbox 300 709 389 749; x_wconf 83' lang='grc' dir='ltr'>τῶν</span> <span class='ocrx_word' id='word_1_79' title='bbox 414 709 495 748; x_wconf 83' lang='grc' dir='ltr'>τοῦ</span> <span class='ocrx_word' id='word_1_80' title='bbox 523 703 843 760; x_wconf 83' lang='grc' dir='ltr'><strong><em>συμβεβηκότος</em></strong></span> <span class='ocrx_word' id='word_1_81' title='bbox 881 701 1074 754; x_wconf 85' lang='grc' dir='ltr'><em>ὁρισμῶν</em></span> <span class='ocrx_word' id='word_1_82' title='bbox 1102 699 1126 741; x_wconf 88' lang='grc' dir='ltr'>ὁ</span> <span class='ocrx_word' id='word_1_83' title='bbox 1155 699 1355 751; x_wconf 77' lang='grc' dir='ltr'><em>δεύτερος</em></span> <span class='ocrx_word' id='word_1_84' title='bbox 1382 697 1572 752; x_wconf 79' lang='grc' dir='ltr'><em>βελτίων.</em></span> 
     </span>
     <span class='ocr_line' id='line_1_10' title="bbox 60 765 1575 824; baseline -0.009 -8"><span class='ocrx_word' id='word_1_85' title='bbox 60 776 210 815; x_wconf 62' lang='grc'><strong>43836</strong></span> <span class='ocrx_word' id='word_1_86' title='bbox 237 771 306 815; x_wconf 79' lang='grc' dir='ltr'>ἐπὶ</span> <span class='ocrx_word' id='word_1_87' title='bbox 332 771 382 814; x_wconf 82' lang='grc' dir='ltr'>τὸ</span> <span class='ocrx_word' id='word_1_88' title='bbox 410 773 502 812; x_wconf 89' lang='grc' dir='ltr'><em>α”νω</em></span> <span class='ocrx_word' id='word_1_89' title='bbox 530 771 745 824; x_wconf 84' lang='lat' dir='ltr'>opponitur</span> <span class='ocrx_word' id='word_1_90' title='bbox 771 773 832 822; x_wconf 76' lang='grc' dir='ltr'>τῷ</span> <span class='ocrx_word' id='word_1_91' title='bbox 861 765 929 809; x_wconf 83' lang='grc' dir='ltr'>ἐπὶ</span> <span class='ocrx_word' id='word_1_92' title='bbox 956 765 1005 808; x_wconf 88' lang='grc' dir='ltr'>τὸ</span> <span class='ocrx_word' id='word_1_93' title='bbox 1032 765 1147 807; x_wconf 81' lang='grc' dir='ltr'><em>κάτω</em></span> <span class='ocrx_word' id='word_1_94' title='bbox 1175 770 1220 804; x_wconf 85' lang='lat' dir='ltr'>ut</span> <span class='ocrx_word' id='word_1_95' title='bbox 1247 766 1422 805; x_wconf 71' lang='lat'>651123:</span> <span class='ocrx_word' id='word_1_96' title='bbox 1462 772 1575 804; x_wconf 74' lang='lat' dir='ltr'>num-</span> 
     </span>
     <span class='ocr_line' id='line_1_11' title="bbox 115 829 1574 891; baseline -0.008 -12"><span class='ocrx_word' id='word_1_97' title='bbox 115 853 194 891; x_wconf 86' lang='lat' dir='ltr'>que</span> <span class='ocrx_word' id='word_1_98' title='bbox 223 851 287 878; x_wconf 86' lang='lat' dir='ltr'>res</span> <span class='ocrx_word' id='word_1_99' title='bbox 316 838 536 889; x_wconf 80' lang='lat' dir='ltr'><strong>singulares</strong></span> <span class='ocrx_word' id='word_1_100' title='bbox 564 836 699 875; x_wconf 84' lang='lat' dir='ltr'>infimo</span> <span class='ocrx_word' id='word_1_101' title='bbox 727 835 815 874; x_wconf 89' lang='lat' dir='ltr'>loco</span> <span class='ocrx_word' id='word_1_102' title='bbox 844 834 998 886; x_wconf 83' lang='lat' dir='ltr'>positae</span> <span class='ocrx_word' id='word_1_103' title='bbox 1025 836 1132 877; x_wconf 83' lang='lat' dir='ltr'>sunt,</span> <span class='ocrx_word' id='word_1_104' title='bbox 1162 841 1322 882; x_wconf 80' lang='lat' dir='ltr'>genera,</span> <span class='ocrx_word' id='word_1_105' title='bbox 1351 829 1403 869; x_wconf 90' lang='lat' dir='ltr'>de</span> <span class='ocrx_word' id='word_1_106' title='bbox 1430 829 1574 880; x_wconf 88' lang='lat' dir='ltr'>quibus</span> 
     </span>
     <span class='ocr_line' id='line_1_12' title="bbox 116 889 1576 955; baseline -0.007 -12"><span class='ocrx_word' id='word_1_107' title='bbox 116 903 212 944; x_wconf 87' lang='lat' dir='ltr'>nihil</span> <span class='ocrx_word' id='word_1_108' title='bbox 240 903 516 955; x_wconf 79' lang='lat' dir='ltr'>praedicatur,</span> <span class='ocrx_word' id='word_1_109' title='bbox 557 912 726 939; x_wconf 89' lang='lat' dir='ltr'>summo.</span> <span class='ocrx_word' id='word_1_110' title='bbox 779 900 928 938; x_wconf 81' lang='lat' dir='ltr'>82a23</span> <span class='ocrx_word' id='word_1_111' title='bbox 961 894 1071 948; x_wconf 81' lang='grc' dir='ltr'><em>λέγω</em></span> <span class='ocrx_word' id='word_1_112' title='bbox 1110 893 1148 935; x_wconf 83' lang='grc' dir='ltr'>δ’</span> <span class='ocrx_word' id='word_1_113' title='bbox 1184 895 1276 934; x_wconf 80' lang='grc' dir='ltr'>ἄνω</span> <span class='ocrx_word' id='word_1_114' title='bbox 1313 891 1394 947; x_wconf 81' lang='grc' dir='ltr'>τὴν</span> <span class='ocrx_word' id='word_1_115' title='bbox 1431 889 1500 934; x_wconf 76' lang='grc' dir='ltr'>ἐπὶ</span> <span class='ocrx_word' id='word_1_116' title='bbox 1526 891 1576 934; x_wconf 88' lang='grc' dir='ltr'>τὸ</span> 
     </span>
     <span class='ocr_line' id='line_1_13' title="bbox 113 955 1576 1018; baseline -0.009 -9"><span class='ocrx_word' id='word_1_117' title='bbox 113 966 310 1010; x_wconf 78' lang='grc' dir='ltr'><strong><em>καθόλου</em></strong></span> <span class='ocrx_word' id='word_1_118' title='bbox 338 967 514 1018; x_wconf 72' lang='grc' dir='ltr'><em>μᾶλλον,</em></span> <span class='ocrx_word' id='word_1_119' title='bbox 545 963 661 1004; x_wconf 81' lang='grc' dir='ltr'><em>κάτω</em></span> <span class='ocrx_word' id='word_1_120' title='bbox 691 960 738 1004; x_wconf 78' lang='grc' dir='ltr'>δέ</span> <span class='ocrx_word' id='word_1_121' title='bbox 766 960 846 1016; x_wconf 82' lang='grc' dir='ltr'>τὴν</span> <span class='ocrx_word' id='word_1_122' title='bbox 874 959 942 1002; x_wconf 80' lang='grc' dir='ltr'>ἐπὶ</span> <span class='ocrx_word' id='word_1_123' title='bbox 967 957 1017 1002; x_wconf 89' lang='grc' dir='ltr'>τὸ</span> <span class='ocrx_word' id='word_1_124' title='bbox 1045 955 1154 1001; x_wconf 81' lang='grc' dir='ltr'><em>κατὰ</em></span> <span class='ocrx_word' id='word_1_125' title='bbox 1180 956 1332 1011; x_wconf 67' lang='grc' dir='ltr'><em>μέρος-τ</em></span> <span class='ocrx_word' id='word_1_126' title='bbox 1361 971 1486 1010; x_wconf 85' lang='lat' dir='ltr'>quare</span> <span class='ocrx_word' id='word_1_127' title='bbox 1513 958 1576 997; x_wconf 91' lang='lat' dir='ltr'>di-</span> 
     </span>
     <span class='ocr_line' id='line_1_14' title="bbox 116 1021 1578 1079; baseline -0.006 -7"><span class='ocrx_word' id='word_1_128' title='bbox 116 1033 174 1073; x_wconf 82' lang='lat' dir='ltr'>cit</span> <span class='ocrx_word' id='word_1_129' title='bbox 201 1034 339 1071; x_wconf 74' lang='lat' dir='ltr'>1005a</span> <span class='ocrx_word' id='word_1_130' title='bbox 354 1031 407 1070; x_wconf 83' lang='lat'>34</span> <span class='ocrx_word' id='word_1_131' title='bbox 446 1028 559 1070; x_wconf 79' lang='grc' dir='ltr'><em>ἔστιν</em></span> <span class='ocrx_word' id='word_1_132' title='bbox 596 1024 656 1069; x_wconf 78' lang='grc' dir='ltr'><em>ἔτι</em></span> <span class='ocrx_word' id='word_1_133' title='bbox 694 1030 776 1068; x_wconf 86' lang='grc' dir='ltr'>τοῦ</span> <span class='ocrx_word' id='word_1_134' title='bbox 816 1028 1007 1079; x_wconf 82' lang='grc' dir='ltr'><strong><em>φυσικοῦ</em></strong></span> <span class='ocrx_word' id='word_1_135' title='bbox 1036 1039 1100 1073; x_wconf 81' lang='grc' dir='ltr'><em>τις</em></span> <span class='ocrx_word' id='word_1_136' title='bbox 1127 1021 1340 1074; x_wconf 86' lang='grc' dir='ltr'><em>άνωτέ-ρω.</em></span> <span class='ocrx_word' id='word_1_137' title='bbox 1395 1025 1510 1062; x_wconf 64' lang='grc'><strong>9993</strong></span> <span class='ocrx_word' id='word_1_138' title='bbox 1525 1024 1578 1063; x_wconf 83' lang='grc'>12</span> 
     </span>
     <span class='ocr_line' id='line_1_15' title="bbox 114 1085 1577 1146; baseline -0.007 -9"><span class='ocrx_word' id='word_1_139' title='bbox 114 1092 164 1137; x_wconf 83' lang='grc' dir='ltr'>ἐν</span> <span class='ocrx_word' id='word_1_140' title='bbox 191 1093 238 1137; x_wconf 82' lang='grc' dir='ltr'>δὲ</span> <span class='ocrx_word' id='word_1_141' title='bbox 263 1097 353 1143; x_wconf 79' lang='grc' dir='ltr'><em>τοῖς</em></span> <span class='ocrx_word' id='word_1_142' title='bbox 380 1093 557 1146; x_wconf 77' lang='grc' dir='ltr'><em>α’τόμοις</em></span> <span class='ocrx_word' id='word_1_143' title='bbox 583 1091 664 1134; x_wconf 85' lang='grc' dir='ltr'>οὐκ</span> <span class='ocrx_word' id='word_1_144' title='bbox 691 1090 777 1132; x_wconf 77' lang='grc' dir='ltr'><em>ἔστι</em></span> <span class='ocrx_word' id='word_1_145' title='bbox 804 1089 853 1132; x_wconf 84' lang='grc' dir='ltr'>τὸ</span> <span class='ocrx_word' id='word_1_146' title='bbox 882 1089 961 1143; x_wconf 80' lang='grc' dir='ltr'><em>μὲν</em></span> <span class='ocrx_word' id='word_1_147' title='bbox 987 1089 1198 1142; x_wconf 80' lang='grc' dir='ltr'><em>πρότερον</em></span> <span class='ocrx_word' id='word_1_148' title='bbox 1223 1087 1273 1129; x_wconf 87' lang='grc' dir='ltr'>τὸ</span> <span class='ocrx_word' id='word_1_149' title='bbox 1303 1086 1342 1128; x_wconf 81' lang='grc' dir='ltr'>δ’</span> <span class='ocrx_word' id='word_1_150' title='bbox 1369 1085 1577 1139; x_wconf 70' lang='grc' dir='ltr'><em>ὕστερονε</em></span> 
     </span>
     <span class='ocr_line' id='line_1_16' title="bbox 116 1149 1580 1213; baseline -0.006 -13"><span class='ocrx_word' id='word_1_151' title='bbox 116 1172 209 1200; x_wconf 81' lang='lat' dir='ltr'>nam</span> <span class='ocrx_word' id='word_1_152' title='bbox 237 1173 303 1199; x_wconf 84' lang='lat' dir='ltr'>res</span> <span class='ocrx_word' id='word_1_153' title='bbox 329 1160 552 1213; x_wconf 79' lang='lat' dir='ltr'>singulares</span> <span class='ocrx_word' id='word_1_154' title='bbox 581 1158 761 1197; x_wconf 86' lang='lat' dir='ltr'>eiusdem</span> <span class='ocrx_word' id='word_1_155' title='bbox 790 1157 942 1196; x_wconf 79' lang='lat' dir='ltr'>ordinis</span> <span class='ocrx_word' id='word_1_156' title='bbox 970 1160 1064 1195; x_wconf 89' lang='lat' dir='ltr'>sunt</span> <span class='ocrx_word' id='word_1_157' title='bbox 1092 1167 1245 1194; x_wconf 85' lang='lat' dir='ltr'>omnes.</span> <span class='ocrx_word' id='word_1_158' title='bbox 1290 1155 1493 1192; x_wconf 80' lang='lat' dir='ltr'>1095a31</span> <span class='ocrx_word' id='word_1_159' title='bbox 1521 1149 1580 1205; x_wconf 82' lang='grc' dir='ltr'><em>μὴ</em></span> 
     </span>
     <span class='ocr_line' id='line_1_17' title="bbox 115 1216 1579 1276; baseline -0.006 -10"><span class='ocrx_word' id='word_1_160' title='bbox 115 1221 366 1266; x_wconf 77' lang='grc' dir='ltr'><em>λανθανέτω</em></span> <span class='ocrx_word' id='word_1_161' title='bbox 405 1223 443 1264; x_wconf 83' lang='grc' dir='ltr'>δ’</span> <span class='ocrx_word' id='word_1_162' title='bbox 480 1221 592 1276; x_wconf 73' lang='grc' dir='ltr'><em>ἡμᾶς</em></span> <span class='ocrx_word' id='word_1_163' title='bbox 625 1219 691 1262; x_wconf 84' lang='grc' dir='ltr'><em>ὅτι</em></span> <span class='ocrx_word' id='word_1_164' title='bbox 718 1219 1006 1274; x_wconf 80' lang='grc' dir='ltr'>διαφέρουσιν</span> <span class='ocrx_word' id='word_1_165' title='bbox 1040 1218 1085 1261; x_wconf 84' lang='grc' dir='ltr'>οἱ</span> <span class='ocrx_word' id='word_1_166' title='bbox 1110 1217 1197 1260; x_wconf 84' lang='grc' dir='ltr'>άπὸ</span> <span class='ocrx_word' id='word_1_167' title='bbox 1223 1218 1311 1258; x_wconf 79' lang='grc' dir='ltr'>τῶν</span> <span class='ocrx_word' id='word_1_168' title='bbox 1338 1216 1483 1270; x_wconf 83' lang='grc' dir='ltr'><em>άρχῶν</em></span> <span class='ocrx_word' id='word_1_169' title='bbox 1507 1216 1579 1257; x_wconf 85' lang='grc' dir='ltr'>λό·</span> 
     </span>
     <span class='ocr_line' id='line_1_18' title="bbox 115 1282 1581 1343; baseline -0.007 -12"><span class='ocrx_word' id='word_1_170' title='bbox 115 1303 189 1343; x_wconf 73' lang='lat' dir='ltr'>you.</span> <span class='ocrx_word' id='word_1_171' title='bbox 215 1287 288 1331; x_wconf 89' lang='grc' dir='ltr'><em>καὶ</em></span> <span class='ocrx_word' id='word_1_172' title='bbox 315 1287 359 1329; x_wconf 79' lang='grc' dir='ltr'>οἱ</span> <span class='ocrx_word' id='word_1_173' title='bbox 385 1285 452 1329; x_wconf 77' lang='grc' dir='ltr'>ἐπὶ</span> <span class='ocrx_word' id='word_1_174' title='bbox 477 1286 554 1335; x_wconf 84' lang='grc' dir='ltr'>τὰς</span> <span class='ocrx_word' id='word_1_175' title='bbox 581 1285 746 1341; x_wconf 50' lang='grc' dir='ltr'>άρχάςς,ν</span> <span class='ocrx_word' id='word_1_176' title='bbox 782 1286 1044 1326; x_wconf 86' lang='lat' dir='ltr'>Praedicandi</span> <span class='ocrx_word' id='word_1_177' title='bbox 1071 1298 1163 1325; x_wconf 84' lang='lat' dir='ltr'>esse</span> <span class='ocrx_word' id='word_1_178' title='bbox 1194 1285 1318 1334; x_wconf 81' lang='lat' dir='ltr'>fines,</span> <span class='ocrx_word' id='word_1_179' title='bbox 1348 1282 1451 1322; x_wconf 86' lang='lat' dir='ltr'>ultra</span> <span class='ocrx_word' id='word_1_180' title='bbox 1478 1295 1581 1334; x_wconf 84' lang='lat' dir='ltr'>quos</span> 
     </span>
     <span class='ocr_line' id='line_1_19' title="bbox 116 1349 1582 1407; baseline -0.005 -12"><span class='ocrx_word' id='word_1_181' title='bbox 116 1355 304 1407; x_wconf 82' lang='lat' dir='ltr'>progredi</span> <span class='ocrx_word' id='word_1_182' title='bbox 332 1366 410 1394; x_wconf 89' lang='lat' dir='ltr'>non</span> <span class='ocrx_word' id='word_1_183' title='bbox 437 1353 584 1399; x_wconf 85' lang='lat' dir='ltr'>liceat,</span> <span class='ocrx_word' id='word_1_184' title='bbox 613 1352 903 1391; x_wconf 69' lang='lat' dir='ltr'>demonstrabit</span> <span class='ocrx_word' id='word_1_185' title='bbox 932 1351 1045 1391; x_wconf 86' lang='lat' dir='ltr'>Anal.</span> <span class='ocrx_word' id='word_1_186' title='bbox 1065 1355 1173 1403; x_wconf 89' lang='lat' dir='ltr'>post.</span> <span class='ocrx_word' id='word_1_187' title='bbox 1199 1349 1228 1387; x_wconf 94' lang='grc' dir='ltr'>Ι.</span> <span class='ocrx_word' id='word_1_188' title='bbox 1253 1362 1342 1402; x_wconf 87' lang='lat' dir='ltr'>cap.</span> <span class='ocrx_word' id='word_1_189' title='bbox 1364 1350 1438 1398; x_wconf 88' lang='lat'>22,</span> <span class='ocrx_word' id='word_1_190' title='bbox 1477 1359 1582 1387; x_wconf 79' lang='lat' dir='ltr'>nuuc</span> 
     </span>
     <span class='ocr_line' id='line_1_20' title="bbox 119 1411 1582 1460; baseline -0.005 -1"><span class='ocrx_word' id='word_1_191' title='bbox 119 1419 257 1460; x_wconf 85' lang='lat' dir='ltr'>sumit.</span> <span class='ocrx_word' id='word_1_192' title='bbox 314 1418 448 1459; x_wconf 89' lang='lat' dir='ltr'>Alium</span> <span class='ocrx_word' id='word_1_193' title='bbox 489 1429 651 1456; x_wconf 85' lang='lat' dir='ltr'>sensum</span> <span class='ocrx_word' id='word_1_194' title='bbox 689 1416 839 1455; x_wconf 87' lang='lat' dir='ltr'>habeut</span> <span class='ocrx_word' id='word_1_195' title='bbox 874 1413 923 1455; x_wconf 87' lang='grc' dir='ltr'>τὸ</span> <span class='ocrx_word' id='word_1_196' title='bbox 951 1415 1044 1455; x_wconf 84' lang='grc' dir='ltr'>ἄνω</span> <span class='ocrx_word' id='word_1_197' title='bbox 1083 1420 1124 1454; x_wconf 91' lang='lat' dir='ltr'>et</span> <span class='ocrx_word' id='word_1_198' title='bbox 1160 1411 1210 1454; x_wconf 88' lang='grc' dir='ltr'>τὸ</span> <span class='ocrx_word' id='word_1_199' title='bbox 1237 1412 1353 1454; x_wconf 77' lang='grc' dir='ltr'><em>κάτω</em></span> <span class='ocrx_word' id='word_1_200' title='bbox 1391 1413 1432 1453; x_wconf 85' lang='grc' dir='ltr'>ἰη</span> <span class='ocrx_word' id='word_1_201' title='bbox 1459 1412 1582 1452; x_wconf 87' lang='lat' dir='ltr'>rebus</span> 
     </span>
     <span class='ocr_line' id='line_1_21' title="bbox 117 1472 1583 1536; baseline -0.004 -14"><span class='ocrx_word' id='word_1_202' title='bbox 117 1483 320 1536; x_wconf 78' lang='lat' dir='ltr'>physicis:</span> <span class='ocrx_word' id='word_1_203' title='bbox 348 1483 462 1521; x_wconf 80' lang='lat' dir='ltr'>994a</span> <span class='ocrx_word' id='word_1_204' title='bbox 475 1483 527 1520; x_wconf 91' lang='grc'>19</span> <span class='ocrx_word' id='word_1_205' title='bbox 555 1477 664 1520; x_wconf 75' lang='grc' dir='ltr'><em>ἀλλὰ</em></span> <span class='ocrx_word' id='word_1_206' title='bbox 690 1477 777 1532; x_wconf 79' lang='grc' dir='ltr'><em>μὴν</em></span> <span class='ocrx_word' id='word_1_207' title='bbox 804 1477 900 1520; x_wconf 83' lang='grc' dir='ltr'><em>οὐδ’</em></span> <span class='ocrx_word' id='word_1_208' title='bbox 920 1476 989 1519; x_wconf 83' lang='grc' dir='ltr'>ἐπὶ</span> <span class='ocrx_word' id='word_1_209' title='bbox 1005 1478 1055 1519; x_wconf 84' lang='grc' dir='ltr'>τὸ</span> <span class='ocrx_word' id='word_1_210' title='bbox 1083 1477 1198 1519; x_wconf 82' lang='grc' dir='ltr'><em>κάτω</em></span> <span class='ocrx_word' id='word_1_211' title='bbox 1218 1472 1315 1519; x_wconf 81' lang='grc' dir='ltr'><em>οἶόν</em></span> <span class='ocrx_word' id='word_1_212' title='bbox 1331 1478 1369 1518; x_wconf 85' lang='grc' dir='ltr'>τ’</span> <span class='ocrx_word' id='word_1_213' title='bbox 1389 1476 1449 1524; x_wconf 83' lang='grc' dir='ltr'>εἰς</span> <span class='ocrx_word' id='word_1_214' title='bbox 1465 1477 1583 1516; x_wconf 74' lang='grc' dir='ltr'><em>ἄπει-</em></span> 
     </span>
     <span class='ocr_line' id='line_1_22' title="bbox 118 1542 1585 1600; baseline -0.005 -12"><span class='ocrx_word' id='word_1_215' title='bbox 118 1561 201 1600; x_wconf 90' lang='grc' dir='ltr'>ρον</span> <span class='ocrx_word' id='word_1_216' title='bbox 227 1545 338 1587; x_wconf 83' lang='grc' dir='ltr'><em>ἰέναι</em></span> <span class='ocrx_word' id='word_1_217' title='bbox 363 1547 442 1586; x_wconf 84' lang='grc' dir='ltr'>τοῦ</span> <span class='ocrx_word' id='word_1_218' title='bbox 471 1545 563 1584; x_wconf 78' lang='grc' dir='ltr'>ἄνω</span> <span class='ocrx_word' id='word_1_219' title='bbox 591 1543 765 1596; x_wconf 76' lang='grc' dir='ltr'><em>ἔχοντος</em></span> <span class='ocrx_word' id='word_1_220' title='bbox 791 1543 941 1597; x_wconf 87' lang='grc' dir='ltr'><em>α’ρχήν.</em></span> <span class='ocrx_word' id='word_1_221' title='bbox 981 1544 1083 1583; x_wconf 85' lang='lat' dir='ltr'>Nam</span> <span class='ocrx_word' id='word_1_222' title='bbox 1111 1548 1156 1583; x_wconf 83' lang='lat' dir='ltr'>ut</span> <span class='ocrx_word' id='word_1_223' title='bbox 1182 1545 1221 1583; x_wconf 91' lang='lat' dir='ltr'>in</span> <span class='ocrx_word' id='word_1_224' title='bbox 1240 1544 1379 1596; x_wconf 82' lang='lat' dir='ltr'>logicis</span> <span class='ocrx_word' id='word_1_225' title='bbox 1399 1542 1585 1581; x_wconf 91' lang='lat' dir='ltr'>ultimum</span> 
     </span>
     <span class='ocr_line' id='line_1_23' title="bbox 120 1605 1586 1661; baseline -0.005 -9"><span class='ocrx_word' id='word_1_226' title='bbox 120 1617 165 1653; x_wconf 85' lang='lat' dir='ltr'>et</span> <span class='ocrx_word' id='word_1_227' title='bbox 191 1612 375 1651; x_wconf 86' lang='lat' dir='ltr'>infimum</span> <span class='ocrx_word' id='word_1_228' title='bbox 413 1614 477 1649; x_wconf 82' lang='lat' dir='ltr'>est</span> <span class='ocrx_word' id='word_1_229' title='bbox 512 1610 554 1648; x_wconf 88' lang='lat' dir='ltr'>id</span> <span class='ocrx_word' id='word_1_230' title='bbox 592 1610 643 1648; x_wconf 89' lang='lat' dir='ltr'>de</span> <span class='ocrx_word' id='word_1_231' title='bbox 671 1623 749 1660; x_wconf 88' lang='lat' dir='ltr'>quo</span> <span class='ocrx_word' id='word_1_232' title='bbox 778 1622 897 1661; x_wconf 89' lang='lat' dir='ltr'>quam</span> <span class='ocrx_word' id='word_1_233' title='bbox 926 1609 1098 1660; x_wconf 86' lang='lat' dir='ltr'>plurima</span> <span class='ocrx_word' id='word_1_234' title='bbox 1124 1608 1432 1661; x_wconf 80' lang='lat' dir='ltr'>praedicantur,</span> <span class='ocrx_word' id='word_1_235' title='bbox 1476 1605 1586 1657; x_wconf 86' lang='lat' dir='ltr'>quod</span> 
     </span>
     <span class='ocr_line' id='line_1_24' title="bbox 122 1671 1587 1723; baseline -0.005 -7"><span class='ocrx_word' id='word_1_236' title='bbox 122 1678 180 1716; x_wconf 78' lang='lat' dir='ltr'>ita</span> <span class='ocrx_word' id='word_1_237' title='bbox 216 1675 401 1715; x_wconf 89' lang='lat' dir='ltr'>omnibus</span> <span class='ocrx_word' id='word_1_238' title='bbox 440 1673 619 1712; x_wconf 88' lang='lat' dir='ltr'>numeris</span> <span class='ocrx_word' id='word_1_239' title='bbox 658 1673 966 1712; x_wconf 85' lang='lat' dir='ltr'>determinatum</span> <span class='ocrx_word' id='word_1_240' title='bbox 1005 1677 1091 1720; x_wconf 83' lang='lat' dir='ltr'>est,</span> <span class='ocrx_word' id='word_1_241' title='bbox 1127 1674 1183 1711; x_wconf 83' lang='lat' dir='ltr'>ita</span> <span class='ocrx_word' id='word_1_242' title='bbox 1211 1672 1372 1723; x_wconf 89' lang='lat' dir='ltr'>plenum</span> <span class='ocrx_word' id='word_1_243' title='bbox 1400 1676 1444 1710; x_wconf 87' lang='lat' dir='ltr'>et</span> <span class='ocrx_word' id='word_1_244' title='bbox 1471 1671 1587 1722; x_wconf 75' lang='lat' dir='ltr'>quasi</span> 
     </span>
     <span class='ocr_line' id='line_1_25' title="bbox 123 1735 1586 1787; baseline -0.003 -8"><span class='ocrx_word' id='word_1_245' title='bbox 123 1740 335 1786; x_wconf 81' lang='lat' dir='ltr'>refertum,</span> <span class='ocrx_word' id='word_1_246' title='bbox 364 1741 407 1776; x_wconf 90' lang='lat' dir='ltr'>ut</span> <span class='ocrx_word' id='word_1_247' title='bbox 435 1737 534 1776; x_wconf 87' lang='lat' dir='ltr'>nihil</span> <span class='ocrx_word' id='word_1_248' title='bbox 562 1736 734 1787; x_wconf 88' lang='lat' dir='ltr'>amplius</span> <span class='ocrx_word' id='word_1_249' title='bbox 762 1737 948 1775; x_wconf 87' lang='lat' dir='ltr'>admittat</span> <span class='ocrx_word' id='word_1_250' title='bbox 976 1736 1077 1775; x_wconf 86' lang='lat' dir='ltr'>etin</span> <span class='ocrx_word' id='word_1_251' title='bbox 1100 1748 1146 1774; x_wconf 86' lang='lat' dir='ltr'>se</span> <span class='ocrx_word' id='word_1_252' title='bbox 1166 1735 1339 1786; x_wconf 87' lang='lat' dir='ltr'>recipiat</span> <span class='ocrx_word' id='word_1_253' title='bbox 1357 1735 1463 1786; x_wconf 86' lang='lat' dir='ltr'>quod</span> <span class='ocrx_word' id='word_1_254' title='bbox 1483 1747 1586 1774; x_wconf 88' lang='lat' dir='ltr'>non-</span> 
     </span>
     <span class='ocr_line' id='line_1_26' title="bbox 123 1798 1588 1850; baseline -0.003 -7"><span class='ocrx_word' id='word_1_255' title='bbox 123 1804 221 1843; x_wconf 88' lang='lat' dir='ltr'>dum</span> <span class='ocrx_word' id='word_1_256' title='bbox 247 1802 455 1842; x_wconf 88' lang='lat' dir='ltr'>definitum</span> <span class='ocrx_word' id='word_1_257' title='bbox 484 1800 537 1838; x_wconf 84' lang='lat' dir='ltr'>sit</span> <span class='ocrx_word' id='word_1_258' title='bbox 564 1803 675 1838; x_wconf 82' lang='lat' dir='ltr'>certa</span> <span class='ocrx_word' id='word_1_259' title='bbox 701 1799 915 1850; x_wconf 75' lang='lat' dir='ltr'>qualitate,</span> <span class='ocrx_word' id='word_1_260' title='bbox 953 1799 1012 1838; x_wconf 83' lang='lat' dir='ltr'>sic</span> <span class='ocrx_word' id='word_1_261' title='bbox 1038 1799 1080 1838; x_wconf 91' lang='lat' dir='ltr'>in</span> <span class='ocrx_word' id='word_1_262' title='bbox 1107 1799 1290 1850; x_wconf 86' lang='lat' dir='ltr'>physicis</span> <span class='ocrx_word' id='word_1_263' title='bbox 1317 1798 1497 1839; x_wconf 85' lang='lat' dir='ltr'>infimum</span> <span class='ocrx_word' id='word_1_264' title='bbox 1525 1799 1588 1838; x_wconf 93' lang='lat' dir='ltr'>lo-</span> 
     </span>
     <span class='ocr_line' id='line_1_27' title="bbox 123 1863 1587 1915; baseline -0.003 -8"><span class='ocrx_word' id='word_1_265' title='bbox 123 1880 217 1908; x_wconf 80' lang='lat' dir='ltr'>cum</span> <span class='ocrx_word' id='word_1_266' title='bbox 237 1869 376 1906; x_wconf 82' lang='lat' dir='ltr'>tenent</span> <span class='ocrx_word' id='word_1_267' title='bbox 402 1877 463 1912; x_wconf 81' lang='lat' dir='ltr'>ea,</span> <span class='ocrx_word' id='word_1_268' title='bbox 494 1877 597 1915; x_wconf 88' lang='lat' dir='ltr'>quae</span> <span class='ocrx_word' id='word_1_269' title='bbox 618 1863 838 1902; x_wconf 88' lang='lat' dir='ltr'>secundum</span> <span class='ocrx_word' id='word_1_270' title='bbox 861 1868 1027 1902; x_wconf 83' lang='lat' dir='ltr'>naturae</span> <span class='ocrx_word' id='word_1_271' title='bbox 1045 1863 1225 1902; x_wconf 85' lang='lat' dir='ltr'>ordinem</span> <span class='ocrx_word' id='word_1_272' title='bbox 1246 1868 1341 1902; x_wconf 87' lang='lat' dir='ltr'>sunt</span> <span class='ocrx_word' id='word_1_273' title='bbox 1357 1863 1587 1910; x_wconf 86' lang='lat' dir='ltr'>novissima,</span> 
     </span>
     <span class='ocr_line' id='line_1_28' title="bbox 86 1924 1587 1983; baseline -0.003 -12"><span class='ocrx_word' id='word_1_274' title='bbox 86 1924 88 1926; x_wconf 44' lang='grc'><strong>’</strong></span> <span class='ocrx_word' id='word_1_275' title='bbox 123 1945 157 1972; x_wconf 82' lang='lat' dir='ltr'>s.</span> <span class='ocrx_word' id='word_1_276' title='bbox 197 1942 300 1983; x_wconf 84' lang='lat' dir='ltr'>quae</span> <span class='ocrx_word' id='word_1_277' title='bbox 336 1941 386 1968; x_wconf 82' lang='lat' dir='ltr'>ex</span> <span class='ocrx_word' id='word_1_278' title='bbox 422 1928 634 1967; x_wconf 86' lang='lat' dir='ltr'>elementis</span> <span class='ocrx_word' id='word_1_279' title='bbox 670 1927 891 1979; x_wconf 80' lang='lat' dir='ltr'>composita</span> <span class='ocrx_word' id='word_1_280' title='bbox 928 1928 1145 1980; x_wconf 80' lang='lat' dir='ltr'>gignuntur</span> <span class='ocrx_word' id='word_1_281' title='bbox 1179 1927 1343 1972; x_wconf 83' lang='lat' dir='ltr'>ultima,</span> <span class='ocrx_word' id='word_1_282' title='bbox 1386 1927 1587 1967; x_wconf 82' lang='lat' dir='ltr'>elementa</span> 
     </span>
     <span class='ocr_line' id='line_1_29' title="bbox 122 1991 1588 2044; baseline -0.003 -8"><span class='ocrx_word' id='word_1_283' title='bbox 122 2000 271 2043; x_wconf 74' lang='lat' dir='ltr'>nutem,</span> <span class='ocrx_word' id='word_1_284' title='bbox 300 1995 445 2044; x_wconf 84' lang='lat' dir='ltr'>utpote</span> <span class='ocrx_word' id='word_1_285' title='bbox 474 1991 670 2043; x_wconf 82' lang='lat' dir='ltr'>simplicia</span> <span class='ocrx_word' id='word_1_286' title='bbox 698 1995 741 2029; x_wconf 86' lang='lat' dir='ltr'>et</span> <span class='ocrx_word' id='word_1_287' title='bbox 768 1992 902 2043; x_wconf 87' lang='lat' dir='ltr'>priora</span> <span class='ocrx_word' id='word_1_288' title='bbox 928 2004 1007 2031; x_wconf 89' lang='lat' dir='ltr'>non</span> <span class='ocrx_word' id='word_1_289' title='bbox 1034 1997 1221 2044; x_wconf 81' lang='lat' dir='ltr'>tempore</span> <span class='ocrx_word' id='word_1_290' title='bbox 1249 1991 1393 2040; x_wconf 87' lang='lat' dir='ltr'>solum,</span> <span class='ocrx_word' id='word_1_291' title='bbox 1422 1992 1495 2031; x_wconf 84' lang='lat' dir='ltr'>sed</span> <span class='ocrx_word' id='word_1_292' title='bbox 1517 2004 1588 2031; x_wconf 88' lang='lat' dir='ltr'>na-</span> 
     </span>
     <span class='ocr_line' id='line_1_30' title="bbox 124 2053 1588 2108; baseline -0.003 -8"><span class='ocrx_word' id='word_1_293' title='bbox 124 2065 216 2100; x_wconf 78' lang='lat' dir='ltr'>tura</span> <span class='ocrx_word' id='word_1_294' title='bbox 256 2071 330 2097; x_wconf 86' lang='lat' dir='ltr'>sua</span> <span class='ocrx_word' id='word_1_295' title='bbox 364 2061 406 2095; x_wconf 86' lang='lat' dir='ltr'>et</span> <span class='ocrx_word' id='word_1_296' title='bbox 446 2055 587 2095; x_wconf 87' lang='lat' dir='ltr'>ordine</span> <span class='ocrx_word' id='word_1_297' title='bbox 614 2068 774 2105; x_wconf 83' lang='lat' dir='ltr'>rerum,</span> <span class='ocrx_word' id='word_1_298' title='bbox 807 2057 1060 2108; x_wconf 84' lang='lat' dir='ltr'>appellantur</span> <span class='ocrx_word' id='word_1_299' title='bbox 1097 2053 1150 2095; x_wconf 83' lang='grc' dir='ltr'>τὰ</span> <span class='ocrx_word' id='word_1_300' title='bbox 1177 2056 1293 2095; x_wconf 60' lang='lat' dir='ltr'>dvm:</span> <span class='ocrx_word' id='word_1_301' title='bbox 1335 2068 1458 2107; x_wconf 83' lang='lat' dir='ltr'>quare</span> <span class='ocrx_word' id='word_1_302' title='bbox 1486 2056 1588 2096; x_wconf 88' lang='lat' dir='ltr'>dicit</span> 
     </span>
     <span class='ocr_line' id='line_1_31' title="bbox 125 2112 1586 2173; baseline -0.002 -10"><span class='ocrx_word' id='word_1_303' title='bbox 125 2124 276 2163; x_wconf 69' lang='grc' dir='ltr'>338ιῖ</span> <span class='ocrx_word' id='word_1_304' title='bbox 315 2118 396 2161; x_wconf 87' lang='grc' dir='ltr'>οὐκ</span> <span class='ocrx_word' id='word_1_305' title='bbox 431 2118 490 2166; x_wconf 83' lang='grc' dir='ltr'>εἰς</span> <span class='ocrx_word' id='word_1_306' title='bbox 528 2112 638 2158; x_wconf 82' lang='grc' dir='ltr'><em>εὐθὺ</em></span> <span class='ocrx_word' id='word_1_307' title='bbox 666 2113 761 2160; x_wconf 86' lang='grc' dir='ltr'><em>οἷόν</em></span> <span class='ocrx_word' id='word_1_308' title='bbox 787 2132 831 2160; x_wconf 85' lang='grc' dir='ltr'>τε</span> <span class='ocrx_word' id='word_1_309' title='bbox 860 2117 960 2173; x_wconf 80' lang='grc' dir='ltr'>(τὴν</span> <span class='ocrx_word' id='word_1_310' title='bbox 985 2119 1154 2172; x_wconf 73' lang='grc' dir='ltr'><em>γένεσιν</em></span> <span class='ocrx_word' id='word_1_311' title='bbox 1180 2121 1361 2171; x_wconf 84' lang='grc' dir='ltr'><em>ἄπειρον</em></span> <span class='ocrx_word' id='word_1_312' title='bbox 1388 2114 1500 2160; x_wconf 81' lang='grc' dir='ltr'><em>εἶναι</em></span> <span class='ocrx_word' id='word_1_313' title='bbox 1524 2121 1586 2160; x_wconf 82' lang='grc' dir='ltr'>ἰη-</span> 
     </span>
     <span class='ocr_line' id='line_1_32' title="bbox 125 2179 1588 2238; baseline -0.001 -12"><span class='ocrx_word' id='word_1_314' title='bbox 125 2187 233 2234; x_wconf 87' lang='lat' dir='ltr'>tell.)</span> <span class='ocrx_word' id='word_1_315' title='bbox 263 2183 334 2225; x_wconf 83' lang='grc' dir='ltr'><em>διὰ</em></span> <span class='ocrx_word' id='word_1_316' title='bbox 360 2183 409 2224; x_wconf 87' lang='grc' dir='ltr'>τὸ</span> <span class='ocrx_word' id='word_1_317' title='bbox 436 2182 642 2235; x_wconf 77' lang='grc' dir='ltr'><em>μηδαμῶς</em></span> <span class='ocrx_word' id='word_1_318' title='bbox 669 2179 778 2224; x_wconf 81' lang='grc' dir='ltr'><em>εἶναι</em></span> <span class='ocrx_word' id='word_1_319' title='bbox 805 2183 957 2238; x_wconf 76' lang='grc' dir='ltr'><em>άρχήν,</em></span> <span class='ocrx_word' id='word_1_320' title='bbox 986 2184 1080 2238; x_wconf 78' lang='grc' dir='ltr'><em>μήτ’</em></span> <span class='ocrx_word' id='word_1_321' title='bbox 1110 2183 1165 2225; x_wconf 78' lang='grc' dir='ltr'>ἂν</span> <span class='ocrx_word' id='word_1_322' title='bbox 1181 2183 1311 2235; x_wconf 81' lang='grc' dir='ltr'><em>κάτω,</em></span> <span class='ocrx_word' id='word_1_323' title='bbox 1339 2183 1398 2234; x_wconf 81' lang='grc' dir='ltr'>ὡς</span> <span class='ocrx_word' id='word_1_324' title='bbox 1416 2181 1588 2225; x_wconf 77' lang='grc' dir='ltr'><em>ἐπὶτῶν</em></span> 
     </span>
     <span class='ocr_line' id='line_1_33' title="bbox 127 2247 1588 2303; baseline -0.001 -11"><span class='ocrx_word' id='word_1_325' title='bbox 127 2247 358 2302; x_wconf 80' lang='grc' dir='ltr'><em>ἐσομένων,</em></span> <span class='ocrx_word' id='word_1_326' title='bbox 386 2247 674 2300; x_wconf 81' lang='grc' dir='ltr'><em>λαμβάνωμεν</em></span> <span class='ocrx_word' id='word_1_327' title='bbox 702 2250 999 2303; x_wconf 78' lang='grc' dir='ltr'><em>(λαμβάνομεν</em></span> <span class='ocrx_word' id='word_1_328' title='bbox 1026 2251 1126 2289; x_wconf 89' lang='lat' dir='ltr'><strong>Bkk.</strong></span> <span class='ocrx_word' id='word_1_329' title='bbox 1157 2264 1180 2289; x_wconf 88' lang='lat' dir='ltr'>e</span> <span class='ocrx_word' id='word_1_330' title='bbox 1200 2250 1353 2298; x_wconf 66' lang='lat' dir='ltr'>codd),</span> <span class='ocrx_word' id='word_1_331' title='bbox 1382 2247 1477 2302; x_wconf 78' lang='grc' dir='ltr'><em>μήτ’</em></span> <span class='ocrx_word' id='word_1_332' title='bbox 1495 2251 1588 2290; x_wconf 84' lang='grc' dir='ltr'>ἄνω</span> 
     </span>
     <span class='ocr_line' id='line_1_34' title="bbox 129 2311 1588 2369; baseline -0.001 -14"><span class='ocrx_word' id='word_1_333' title='bbox 129 2315 246 2369; x_wconf 81' lang='grc' dir='ltr'><em>(μήτ’</em></span> <span class='ocrx_word' id='word_1_334' title='bbox 265 2313 319 2354; x_wconf 81' lang='grc' dir='ltr'>ἂν</span> <span class='ocrx_word' id='word_1_335' title='bbox 336 2314 427 2353; x_wconf 86' lang='grc' dir='ltr'><em>α”νω</em></span> <span class='ocrx_word' id='word_1_336' title='bbox 443 2314 618 2364; x_wconf 83' lang='lat' dir='ltr'>opinor),</span> <span class='ocrx_word' id='word_1_337' title='bbox 647 2311 705 2361; x_wconf 80' lang='grc' dir='ltr'>ὡς</span> <span class='ocrx_word' id='word_1_338' title='bbox 729 2311 796 2354; x_wconf 77' lang='grc' dir='ltr'>ἐπὶ</span> <span class='ocrx_word' id='word_1_339' title='bbox 816 2316 904 2355; x_wconf 80' lang='grc' dir='ltr'>τῶν</span> <span class='ocrx_word' id='word_1_340' title='bbox 921 2314 1169 2367; x_wconf 75' lang='grc' dir='ltr'><em>γενομένων</em></span> <span class='ocrx_word' id='word_1_341' title='bbox 1187 2312 1450 2366; x_wconf 81' lang='grc' dir='ltr'><em>(γινομένων</em></span> <span class='ocrx_word' id='word_1_342' title='bbox 1471 2316 1588 2365; x_wconf 62' lang='lat' dir='ltr'>Bkk„</span> 
     </span>
     <span class='ocr_line' id='line_1_35' title="bbox 127 2377 1590 2434; baseline -0.002 -12"><span class='ocrx_word' id='word_1_343' title='bbox 127 2377 393 2434; x_wconf 71' lang='grc' dir='ltr'><em>φεινομένων</em></span> <span class='ocrx_word' id='word_1_344' title='bbox 421 2378 510 2416; x_wconf 85' lang='lat' dir='ltr'>cod.</span> <span class='ocrx_word' id='word_1_345' title='bbox 534 2377 610 2424; x_wconf 81' lang='lat' dir='ltr'>E).</span> <span class='ocrx_word' id='word_1_346' title='bbox 639 2399 693 2407; x_wconf 90' lang='lat'>—-</span> <span class='ocrx_word' id='word_1_347' title='bbox 732 2379 783 2418; x_wconf 86' lang='lat' dir='ltr'>Ei</span> <span class='ocrx_word' id='word_1_348' title='bbox 819 2381 925 2432; x_wconf 87' lang='lat' dir='ltr'>quod</span> <span class='ocrx_word' id='word_1_349' title='bbox 956 2381 995 2419; x_wconf 87' lang='lat' dir='ltr'>in</span> <span class='ocrx_word' id='word_1_350' title='bbox 1023 2379 1222 2418; x_wconf 86' lang='lat' dir='ltr'>infinitum</span> <span class='ocrx_word' id='word_1_351' title='bbox 1251 2380 1488 2431; x_wconf 87' lang='lat' dir='ltr'>producitur</span> <span class='ocrx_word' id='word_1_352' title='bbox 1516 2393 1590 2433; x_wconf 86' lang='lat' dir='ltr'>op-</span> 
     </span>
     <span class='ocr_line' id='line_1_36' title="bbox 128 2440 1589 2498; baseline -0.001 -13"><span class='ocrx_word' id='word_1_353' title='bbox 128 2447 292 2498; x_wconf 83' lang='lat' dir='ltr'>ponitur</span> <span class='ocrx_word' id='word_1_354' title='bbox 318 2441 367 2484; x_wconf 87' lang='grc' dir='ltr'>τὸ</span> <span class='ocrx_word' id='word_1_355' title='bbox 396 2440 610 2482; x_wconf 80' lang='grc' dir='ltr'><em>ἵστασθαι.</em></span> <span class='ocrx_word' id='word_1_356' title='bbox 667 2444 754 2482; x_wconf 71' lang='grc'>721)</span> <span class='ocrx_word' id='word_1_357' title='bbox 769 2446 816 2483; x_wconf 92' lang='lat' dir='ltr'>ll</span> <span class='ocrx_word' id='word_1_358' title='bbox 855 2443 895 2484; x_wconf 80' lang='grc' dir='ltr'>εἴ</span> <span class='ocrx_word' id='word_1_359' title='bbox 926 2457 971 2484; x_wconf 86' lang='grc' dir='ltr'>τε</span> <span class='ocrx_word' id='word_1_360' title='bbox 1008 2442 1174 2483; x_wconf 79' lang='grc' dir='ltr'><em>ἵσταται</em></span> <span class='ocrx_word' id='word_1_361' title='bbox 1211 2441 1284 2484; x_wconf 86' lang='grc' dir='ltr'><em>καὶ</em></span> <span class='ocrx_word' id='word_1_362' title='bbox 1311 2441 1420 2484; x_wconf 83' lang='grc' dir='ltr'><em>εἰσὶν</em></span> <span class='ocrx_word' id='word_1_363' title='bbox 1449 2443 1589 2497; x_wconf 84' lang='grc' dir='ltr'><em>α’ρχαί.</em></span> 
     </span>
     <span class='ocr_line' id='line_1_37' title="bbox 131 2504 1590 2561; baseline 0 -11"><span class='ocrx_word' id='word_1_364' title='bbox 131 2512 309 2550; x_wconf 81' lang='lat' dir='ltr'><strong>332b12</strong></span> <span class='ocrx_word' id='word_1_365' title='bbox 347 2507 413 2549; x_wconf 86' lang='grc' dir='ltr'>δεῖ</span> <span class='ocrx_word' id='word_1_366' title='bbox 446 2505 525 2556; x_wconf 82' lang='grc' dir='ltr'><em>μὲν</em></span> <span class='ocrx_word' id='word_1_367' title='bbox 552 2504 636 2557; x_wconf 76' lang='grc' dir='ltr'>γὰρ</span> <span class='ocrx_word' id='word_1_368' title='bbox 664 2509 816 2561; x_wconf 81' lang='grc' dir='ltr'><em>στῆναι</em></span> <span class='ocrx_word' id='word_1_369' title='bbox 843 2506 916 2549; x_wconf 87' lang='grc' dir='ltr'><em>καὶ</em></span> <span class='ocrx_word' id='word_1_370' title='bbox 942 2506 1000 2561; x_wconf 85' lang='grc' dir='ltr'><em>μὴ</em></span> <span class='ocrx_word' id='word_1_371' title='bbox 1029 2507 1087 2556; x_wconf 82' lang='grc' dir='ltr'>εἰς</span> <span class='ocrx_word' id='word_1_372' title='bbox 1114 2509 1294 2559; x_wconf 79' lang='grc' dir='ltr'><em>ἄπειρον</em></span> <span class='ocrx_word' id='word_1_373' title='bbox 1319 2511 1451 2550; x_wconf 82' lang='grc' dir='ltr'><strong><em>τοῦτο</em></strong></span> <span class='ocrx_word' id='word_1_374' title='bbox 1480 2507 1590 2550; x_wconf 79' lang='grc' dir='ltr'><em>ἰέναι</em></span> 
     </span>
     <span class='ocr_line' id='line_1_38' title="bbox 82 2568 1589 2627; baseline 0.002 -14"><span class='ocrx_word' id='word_1_375' title='bbox 82 2611 84 2613; x_wconf 78' lang='grc'>,</span> <span class='ocrx_word' id='word_1_376' title='bbox 130 2572 195 2615; x_wconf 60' lang='grc' dir='ltr'>ἐπ’</span> <span class='ocrx_word' id='word_1_377' title='bbox 223 2572 394 2621; x_wconf 77' lang='grc' dir='ltr'><em>εὐθείας</em></span> <span class='ocrx_word' id='word_1_378' title='bbox 422 2569 490 2624; x_wconf 82' lang='grc' dir='ltr'>ἐφ’</span> <span class='ocrx_word' id='word_1_379' title='bbox 520 2568 709 2623; x_wconf 81' lang='grc' dir='ltr'><em>ἑκάτερα.</em></span> <span class='ocrx_word' id='word_1_380' title='bbox 765 2575 970 2613; x_wconf 60' lang='grc'><strong>10001128</strong></span> <span class='ocrx_word' id='word_1_381' title='bbox 996 2570 1069 2614; x_wconf 83' lang='grc' dir='ltr'><em>καὶ</em></span> <span class='ocrx_word' id='word_1_382' title='bbox 1096 2572 1133 2613; x_wconf 78' lang='grc' dir='ltr'>εἰ</span> <span class='ocrx_word' id='word_1_383' title='bbox 1159 2572 1326 2614; x_wconf 81' lang='grc' dir='ltr'><em>ἵσταται</em></span> <span class='ocrx_word' id='word_1_384' title='bbox 1351 2572 1425 2615; x_wconf 82' lang='grc' dir='ltr'><em>καὶ</em></span> <span class='ocrx_word' id='word_1_385' title='bbox 1452 2573 1489 2615; x_wconf 81' lang='grc' dir='ltr'>εἰ</span> <span class='ocrx_word' id='word_1_386' title='bbox 1514 2575 1589 2627; x_wconf 78' lang='grc' dir='ltr'><em>βα·</em></span> 
     </span>
     <span class='ocr_line' id='line_1_39' title="bbox 132 2637 535 2689; baseline -0.01 -10"><span class='ocrx_word' id='word_1_387' title='bbox 132 2637 236 2688; x_wconf 64' lang='lat' dir='ltr'>&amp;iga</span> <span class='ocrx_word' id='word_1_388' title='bbox 261 2637 319 2687; x_wconf 81' lang='grc' dir='ltr'>εἰς</span> <span class='ocrx_word' id='word_1_389' title='bbox 345 2639 535 2689; x_wconf 80' lang='grc' dir='ltr'><em>ἄπειρον.</em></span> 
     </span>
     <span class='ocr_line' id='line_1_40' title="bbox 78 2697 1593 2758; baseline 0.003 -16"><span class='ocrx_word' id='word_1_390' title='bbox 78 2704 229 2743; x_wconf 61' lang='grc'><strong>43839</strong></span> <span class='ocrx_word' id='word_1_391' title='bbox 254 2701 366 2757; x_wconf 81' lang='grc' dir='ltr'><em>πλὴν</em></span> <span class='ocrx_word' id='word_1_392' title='bbox 394 2701 431 2743; x_wconf 74' lang='grc' dir='ltr'>εἰ</span> <span class='ocrx_word' id='word_1_393' title='bbox 457 2699 516 2754; x_wconf 75' lang='grc' dir='ltr'><em>μὴ</em></span> <span class='ocrx_word' id='word_1_394' title='bbox 543 2697 651 2741; x_wconf 79' lang='grc' dir='ltr'><em>κατὰ</em></span> <span class='ocrx_word' id='word_1_395' title='bbox 681 2698 826 2751; x_wconf 82' lang='grc' dir='ltr'><em>δόξαν,</em></span> <span class='ocrx_word' id='word_1_396' title='bbox 851 2702 929 2742; x_wconf 86' lang='lat' dir='ltr'>nisi</span> <span class='ocrx_word' id='word_1_397' title='bbox 956 2703 997 2742; x_wconf 86' lang='lat' dir='ltr'>in</span> <span class='ocrx_word' id='word_1_398' title='bbox 1023 2703 1216 2755; x_wconf 83' lang='lat' dir='ltr'>speciem.</span> <span class='ocrx_word' id='word_1_399' title='bbox 1270 2705 1445 2745; x_wconf 72' lang='lat'><strong>3231127</strong></span> <span class='ocrx_word' id='word_1_400' title='bbox 1479 2703 1593 2758; x_wconf 82' lang='grc' dir='ltr'><em>πλὴν</em></span> 
     </span>
     <span class='ocr_line' id='line_1_41' title="bbox 133 2763 1591 2821; baseline 0.001 -13"><span class='ocrx_word' id='word_1_401' title='bbox 133 2765 172 2808; x_wconf 82' lang='grc' dir='ltr'>εἰ</span> <span class='ocrx_word' id='word_1_402' title='bbox 196 2765 255 2820; x_wconf 78' lang='grc' dir='ltr'><em>μὴ</em></span> <span class='ocrx_word' id='word_1_403' title='bbox 281 2767 390 2810; x_wconf 80' lang='grc' dir='ltr'><em>κατὰ</em></span> <span class='ocrx_word' id='word_1_404' title='bbox 416 2763 700 2820; x_wconf 78' lang='grc' dir='ltr'><em>συμβεβηκός.</em></span> <span class='ocrx_word' id='word_1_405' title='bbox 755 2763 867 2819; x_wconf 82' lang='grc' dir='ltr'><em>πλὴν</em></span> <span class='ocrx_word' id='word_1_406' title='bbox 895 2765 932 2807; x_wconf 85' lang='grc' dir='ltr'>εἰ</span> <span class='ocrx_word' id='word_1_407' title='bbox 957 2765 1016 2819; x_wconf 89' lang='grc' dir='ltr'><em>μὴ</em></span> <span class='ocrx_word' id='word_1_408' title='bbox 1043 2767 1300 2819; x_wconf 83' lang='lat' dir='ltr'>pleonasmus</span> <span class='ocrx_word' id='word_1_409' title='bbox 1326 2772 1406 2817; x_wconf 87' lang='lat' dir='ltr'>est,</span> <span class='ocrx_word' id='word_1_410' title='bbox 1434 2769 1503 2821; x_wconf 88' lang='lat' dir='ltr'>qui</span> <span class='ocrx_word' id='word_1_411' title='bbox 1530 2774 1591 2810; x_wconf 90' lang='lat' dir='ltr'>ta-</span> 
     </span>
    </p>
   </div>
  </div>
 </body>
</html>
