1734 3100
180 206 258 244 494
706 205 957 250 Analyticu
979 206 1153 248 pri-ora.

233 304 293 342 sin
330 308 462 343 nutem
499 315 667 341 neccsse
693 304 756 339 est
782 301 819 340 Β
846 313 935 340 esse
975 313 1176 352 magnum,
1215 302 1249 340 si
1274 302 1315 340 A
1340 301 1469 341 album
1498 314 1572 340 non
1605 302 1658 340 sit

233 370 308 411 (vs.
337 368 406 412 12)
425 388 478 395 -—-
501 378 590 404 nam
619 377 740 414 quum
768 364 1015 414 posuerimus
1041 376 1135 401 vere
1162 369 1203 403 et
1230 366 1451 403 necessario
1479 364 1659 403 concludi

235 429 270 467 B
291 442 381 468 csse
398 441 595 479 magnum,
625 427 657 464 si
676 427 715 464 A
736 427 786 464 sit
812 427 956 473 album,
991 426 1134 465 deinde
1163 431 1291 465 autem
1310 428 1397 466 fieri
1415 439 1533 477 posse
1551 439 1657 465 sum-

230 493 422 539 serimus,
461 495 505 527 ut
540 489 657 527 etiam
694 502 717 528 e
749 489 860 527 falsis
888 490 1219 540 propositionibus
1247 503 1338 528 vera
1365 490 1562 528 conclusio
1590 502 1658 528 ne-

232 555 403 592 cessario
429 553 645 603 proveniat,
673 552 891 590 concedere
918 552 1164 597 debebimus,
1192 553 1295 602 quod
1317 553 1538 591 necessario
1566 565 1658 590 con-

233 617 338 654 cludi
363 615 553 667 ·possitB
581 621 670 652 esse
701 627 894 664 magnum,
923 615 1037 652 etiam
1066 616 1154 653 siA
1180 615 1309 654 album
1339 627 1413 653 non
1442 615 1494 653 sit
1519 635 1571 642 —
1598 614 1659 652 ef-

234 679 365 716 ficitur
383 690 431 715 ex
452 678 515 715 his
535 677 864 728 propositionibus
886 677 934 715 ad
948 677 1214 728 syllogismum
1236 678 1536 728 hypotheticum
1564 690 1658 727 qua-

230 742 306 779 lem
322 753 440 790 supra
456 740 661 777 habuimus
674 741 891 778 coniunctis
905 740 941 778 B
957 752 1046 777 esse
1067 753 1258 790 magnum,
1281 742 1315 778 si
1330 741 1365 779 B
1384 753 1566 792 magnum
1581 752 1656 778 non

233 803 296 850 sit,
316 802 420 853 quod
434 803 646 840 absurdum
662 807 723 840 est
745 809 821 847 (vs.
835 803 883 839 13
894 804 988 851 sq.).
1016 801 1230 840 Habuimus
1249 803 1351 841 enim
1378 806 1454 848 (vs.
1468 804 1656 847 14—-1'0

231 866 272 904 A
299 865 521 904 necessario
544 877 620 903 non
649 877 738 902 esse
765 865 910 910 album,
940 864 972 901 si
1000 863 1036 901 B
1063 876 1140 902 non
1167 865 1220 902 sit
1246 878 1452 915 magnum3
1481 865 1513 903 si
1540 865 1661 916 igitur

233 927 358 978 (quod
387 927 529 965 deinde
557 927 789 973 sumsimus)
819 927 855 964 Β
882 930 944 964 est
971 938 1166 975 magnum,
1196 926 1229 964 si
1259 928 1297 965 A
1324 928 1452 965 album
1480 940 1557 966 non
1585 931 1659 975 est,

233 991 268 1029 Β
297 1002 387 1028 esse
416 1000 619 1039 magnum,
650 989 683 1026 si
711 990 870 1026 nonsit
899 1001 1095 1038 magnum,
1125 988 1322 1039 colligitur
1349 987 1406 1036 ὡς
1433 987 1504 1029 διὰ
1530 989 1660 1041 τριῶν

232 1053 358 1103 (quod
387 1064 462 1089 non
491 1055 602 1089 recte
631 1051 818 1100 explicuit
844 1051 1123 1102 Philoponus),
1150 1053 1190 1090 h.
1220 1065 1254 1091 c.
1282 1054 1420 1092 eodem
1448 1053 1566 1091 modo
1593 1065 1659 1091 co-

231 1116 337 1166 gitur
375 1126 447 1164 per
487 1113 585 1151 duos
623 1114 814 1152 terminos
851 1114 930 1152 AB
966 1118 1085 1163 atque
1120 1127 1192 1165 per
1220 1119 1302 1153 tres
1330 1116 1519 1154 terminos
1545 1115 1667 1155 ΑΒΓ

230 1178 481 1228 syllogismus
508 1176 789 1226 hypotheticus
810 1188 925 1226 quem
951 1177 1202 1227 exposuimus
1229 1191 1285 1217 vs.
1305 1181 1441 1216 6—9.
1470 1178 1533 1219 Cf.
1561 1191 1661 1229 quae

229 1240 400 1279 diximus
427 1239 477 1276 ad
503 1239 638 1276 44h6.

288 1343 388 1395 Cap.
414 1341 454 1382 5.
487 1341 649 1380 Circulo
677 1340 999 1390 demonstratur,
1025 1343 1063 1381 si
1091 1343 1224 1381 altera
1247 1345 1474 1395 propositio
1502 1345 1661 1384 conclu-

180 1399 294 1446 ditur
332 1417 384 1443 ea:
423 1404 681 1443 conclusione
717 1405 937 1443 coniuncta
973 1418 1063 1444 cum
1103 1407 1238 1444 altera
1261 1408 1540 1458 propositione
1568 1421 1661 1447 con-

179 1482 313 1508 versa.
379 1468 430 1505 32
464 1465 568 1505 Vere
602 1479 683 1504 non
720 1465 1025 1506 demonstratur
1063 1469 1216 1507 circulo
1248 1469 1331 1506 uisi
1362 1482 1440 1519 per
1466 1472 1662 1510 terminos

179 1532 252 1584 qui
270 1532 381 1569 inter
397 1542 442 1567 se
465 1534 768 1576 convertuntur,
797 1532 943 1568 58a15
970 1530 1046 1568 secl
1071 1543 1123 1568 ne
1146 1543 1223 1582 per
1249 1531 1320 1569 hos
1346 1531 1510 1583 quidem
1539 1533 1662 1572 aliter

181 1593 500 1638 demonstratur,
529 1603 650 1643 quam
677 1596 724 1629 ut
746 1604 826 1643 pro
854 1604 1040 1630 concesso
1067 1597 1255 1630 sumatur
1283 1593 1390 1645 quod
1418 1594 1472 1632 acl
1499 1595 1660 1634 demon-

179 1655 395 1695 strandum
427 1655 683 1706 propositum
717 1655 784 1691 sit.
848 1655 898 1691 21
928 1653 1120 1692 Secundo
1147 1655 1266 1693 modo
1297 1656 1462 1707 primae
1486 1659 1661 1708 figurae

183 1723 362 1770 utraque
385 1717 611 1769 propositio
639 1715 942 1754 demonstratur
971 1716 1136 1763 circulo,
1164 1717 1238 1756 sed
1265 1717 1425 1756 diverso
1451 1718 1581 1759 modo.
1611 1721 1662 1757 36

181 1780 233 1819 In
266 1779 592 1832 particularibus
626 1778 869 1829 syllogismis
905 1779 1036 1817 maior
1070 1791 1152 1817 non
1179 1778 1502 1828 demonstratur,
1530 1782 1662 1820 minor

179 1843 496 1887 demonstratur,
516 1840 590 1879 sed
615 1841 701 1879 alia
720 1842 885 1880 ratione
909 1842 955 1879 in
982 1847 1128 1894 quarto
1155 1842 1273 1880 modo
1301 1848 1425 1895 atque
1452 1844 1496 1882 in
1522 1845 1661 1883 tertio.

178 1928 262 1967 5711
278 1929 326 1964 18
353 1925 532 1976 Respicit
567 1925 616 1962 ad
644 1924 749 1963 hunc
777 1925 906 1963 locum
934 1927 1083 1963 ⁷3a14
1109 1938 1217 1977 sqq.,
1245 1926 1310 1976 qui
1337 1927 1446 1966 locus
1474 1939 1561 1966 cum
1589 1940 1660 1967 no-

232 1994 317 2028 stro
346 1987 608 2026 conferendus
637 1991 699 2025 est
726 1987 818 2026 inde
847 2001 869 2025 a
895 1988 1057 2028 'mh-⁴32.

179 2053 327 2091 571225
354 2051 540 2088 Dedimus
557 2046 749 2100 ὑπάρχον
774 2063 847 2101 pro
874 2048 1087 2102 ὑπάρχειν,
1114 2051 1165 2090 de
1194 2064 1270 2102 quo
1297 2063 1332 2091 v.
1361 2064 1461 2102 quae
1488 2052 1659 2092 diximus

231 2115 280 2153 ad
309 2114 466 2153 352116.

176 2178 325 2216 58a14
352 2173 409 2222 ὡς
424 2172 633 2225 πρότερον
650 2173 833 2225 εἴπομεν,
854 2176 1052 2215 conversis
1081 2177 1415 2228 propositionibus
1444 2189 1539 2229 quas
1567 2189 1660 2218 con-

231 2245 387 2278 vertere
415 2251 491 2276 non
519 2238 627 2276 licet.

178 2304 326 2341 58a15
353 2300 532 2349 τούτοις,
559 2301 599 2340 h.
626 2313 662 2341 e.
689 2302 779 2349 τοῖς
804 2299 1166 2352 ἀναστρέφουσιν.

177 2368 322 2405 58:122
350 2364 609 2403 Restituimus
630 2364 735 2415 quod
755 2364 939 2404 meliores
961 2366 1119 2405 codices
1147 2365 1338 2417 praebent
1363 2376 1498 2404 omnes
1524 2362 1659 2414 ὖποέρ-

230 2441 317 2480 χειν
342 2439 415 2480 pro
443 2425 646 2479 ὑπάρχον.
786 2479 788 2481 ¹

178 2494 319 2530 58³2?
348 2488 492 2530 οὐκέθ’
519 2489 676 2542 ὁμοίως
697 2486 1016 2541 ἄντιστρεπτέον
1038 2518 1047 2528 .
1074 2519 1084 2529 .
1106 2519 1116 2530 .
1138 2491 1195 2530 Ut
1222 2492 1536 2531 demonstremus
1564 2502 1657 2540 pro-

229 2555 465 2606 positionem
494 2554 590 2602 ΒΓ,
629 2566 706 2592 non
733 2554 827 2592 item
855 2555 1121 2593 convertenda
1149 2555 1224 2593 erit
1251 2553 1464 2606 propositio
1492 2552 1570 2590 AB
1598 2557 1657 2591 ut-

230 2629 307 2666 que
333 2616 452 2656 modo
471 2618 735 2657 convertimus
761 2617 1068 2668 propositionem
1096 2617 1177 2657 ΒΓ
1198 2619 1402 2668 (integram
1431 2616 1533 2654 enim
1562 2627 1656 2654 con-

228 2680 452 2729 vertimus),
478 2685 525 2720 ut
553 2681 846 2719 demonstretur
872 2680 972 2719 AB:
1003 2693 1090 2720 nam
1118 2685 1162 2720 ut
1187 2684 1346 2731 cogatur
1374 2679 1411 2718 B
1437 2678 1657 2730 praedicari

229 2742 282 2781 de
317 2742 422 2782 omni
450 2743 510 2792 Γ,
539 2743 772 2783 sumendum
799 2746 861 2783 est
890 2743 926 2783 Β
953 2743 1173 2795 praedicari
1197 2743 1250 2782 de
1275 2754 1324 2782 eo
1351 2742 1471 2789 omni,
1498 2742 1550 2782 de
1576 2753 1655 2793 quo
