<?xml version="1.0" encoding="UTF-8"?>
<!DOCTYPE html PUBLIC "-//W3C//DTD XHTML 1.0 Transitional//EN"
    "http://www.w3.org/TR/xhtml1/DTD/xhtml1-transitional.dtd">
<html xmlns="http://www.w3.org/1999/xhtml" xml:lang="en" lang="en">
 <head>
  <title>
</title>
<meta http-equiv="Content-Type" content="text/html;charset=utf-8" />
  <meta name='ocr-system' content='tesseract 3.04.00' />
  <meta name='ocr-capabilities' content='ocr_page ocr_carea ocr_par ocr_line ocrx_word'/>
</head>
<body>
  <div class='ocr_page' id='page_1' title='image "aristotelisorgan01arisuoft_0292.png"; bbox 0 0 1826 3112; ppageno 0'>
   <div class='ocr_carea' id='block_1_1' title="bbox 351 205 1261 245">
    <p class='ocr_par' dir='ltr' id='par_1_1' title="bbox 351 205 1261 245">
     <span class='ocr_line' id='line_1_1' title="bbox 351 205 1261 245; baseline 0.003 -8"><span class='ocrx_word' id='word_1_1' title='bbox 351 205 431 245; x_wconf 73' lang='lat'><em>258</em></span> <span class='ocrx_word' id='word_1_2' title='bbox 861 206 1261 241; x_wconf 75' lang='grc' dir='ltr'><em>ΑΝΑΛΤΤΙΚΩΝ</em></span> 
     </span>
    </p>
   </div>
   <div class='ocr_carea' id='block_1_2' title="bbox 278 296 1776 2331">
    <p class='ocr_par' dir='ltr' id='par_1_2' title="bbox 352 296 1768 431">
     <span class='ocr_line' id='line_1_2' title="bbox 352 296 1768 371; baseline -0.001 -21"><span class='ocrx_word' id='word_1_3' title='bbox 352 302 570 358; x_wconf 86' lang='grc' dir='ltr'><em>διδακτόν,</em></span> <span class='ocrx_word' id='word_1_4' title='bbox 598 301 813 363; x_wconf 87' lang='grc' dir='ltr'><em>φανερόν·</em></span> <span class='ocrx_word' id='word_1_5' title='bbox 843 299 873 364; x_wconf 82' lang='grc' dir='ltr'>ἡ</span> <span class='ocrx_word' id='word_1_6' title='bbox 907 300 997 348; x_wconf 82' lang='grc' dir='ltr'><em>δ”</em></span> <span class='ocrx_word' id='word_1_7' title='bbox 968 300 1097 364; x_wconf 80' lang='grc' dir='ltr'><em>αρετὴ</em></span> <span class='ocrx_word' id='word_1_8' title='bbox 1117 303 1155 350; x_wconf 82' lang='grc' dir='ltr'><em>εἰ</em></span> <span class='ocrx_word' id='word_1_9' title='bbox 1180 301 1404 371; x_wconf 84' lang='grc' dir='ltr'><em>ἐπιστήμη,</em></span> <span class='ocrx_word' id='word_1_10' title='bbox 1424 300 1599 366; x_wconf 72' lang='grc' dir='ltr'><em>ἄδηλον.</em></span> <span class='ocrx_word' id='word_1_11' title='bbox 1624 304 1664 351; x_wconf 75' lang='grc' dir='ltr'><em>εἰ</em></span> <span class='ocrx_word' id='word_1_12' title='bbox 1680 296 1768 350; x_wconf 80' lang='grc' dir='ltr'><em>οὖν</em></span> 
     </span>
     <span class='ocr_line' id='line_1_3' title="bbox 355 365 1768 431; baseline 0.001 -17.02"><span class='ocrx_word' id='word_1_13' title='bbox 355 365 566 429; x_wconf 79' lang='grc' dir='ltr'><em>ὁμοίως”</em></span> <span class='ocrx_word' id='word_1_14' title='bbox 545 387 575 430; x_wconf 88' lang='grc' dir='ltr'><em>η</em></span> <span class='ocrx_word' id='word_1_15' title='bbox 604 371 769 427; x_wconf 74' lang='grc' dir='ltr'><em>μᾶλλον</em></span> <span class='ocrx_word' id='word_1_16' title='bbox 796 366 954 414; x_wconf 81' lang='grc' dir='ltr'><em>πιστὸν</em></span> <span class='ocrx_word' id='word_1_17' title='bbox 988 367 1038 415; x_wconf 88' lang='grc' dir='ltr'><em>τὸ</em></span> <span class='ocrx_word' id='word_1_18' title='bbox 1067 372 1152 414; x_wconf 89' lang='grc' dir='ltr'><em>ΒΓ</em></span> <span class='ocrx_word' id='word_1_19' title='bbox 1169 373 1253 415; x_wconf 82' lang='grc' dir='ltr'><em>τοῦ</em></span> <span class='ocrx_word' id='word_1_20' title='bbox 1274 372 1375 427; x_wconf 88' lang='grc' dir='ltr'><em>ΑΓ,</em></span> <span class='ocrx_word' id='word_1_21' title='bbox 1411 367 1616 431; x_wconf 77' lang='grc' dir='ltr'><em>ἅπαγωγή</em></span> <span class='ocrx_word' id='word_1_22' title='bbox 1635 369 1768 415; x_wconf 78' lang='grc' dir='ltr'><em>ἐστιν·</em></span> 
     </span>
    </p>

    <p class='ocr_par' dir='ltr' id='par_1_3' title="bbox 354 432 1776 562">
     <span class='ocr_line' id='line_1_4' title="bbox 354 432 1776 517; baseline -0.001 -37"><span class='ocrx_word' id='word_1_23' title='bbox 354 433 578 495; x_wconf 81' lang='grc' dir='ltr'><em>ἐγγύτερον</em></span> <span class='ocrx_word' id='word_1_24' title='bbox 589 451 670 494; x_wconf 80' lang='grc' dir='ltr'><em>γαρ</em></span> <span class='ocrx_word' id='word_1_25' title='bbox 683 450 766 479; x_wconf 91' lang='grc' dir='ltr'><em>του</em></span> <span class='ocrx_word' id='word_1_26' title='bbox 748 434 1036 480; x_wconf 75' lang='grc' dir='ltr'><em>ἐπιστασθαι</em></span> <span class='ocrx_word' id='word_1_27' title='bbox 1049 432 1120 479; x_wconf 90' lang='grc' dir='ltr'><em>δια</em></span> <span class='ocrx_word' id='word_1_28' title='bbox 1139 433 1189 480; x_wconf 85' lang='grc' dir='ltr'><em>τὸ</em></span> <span class='ocrx_word' id='word_1_29' title='bbox 1197 435 1555 517; x_wconf 77' lang='grc' dir='ltr'><em>προσειληφέναι</em></span> <span class='ocrx_word' id='word_1_30' title='bbox 1584 432 1666 495; x_wconf 78' lang='grc' dir='ltr'><em>τήν</em></span> <span class='ocrx_word' id='word_1_31' title='bbox 1694 438 1776 480; x_wconf 91' lang='grc' dir='ltr'><em>ΑΓ</em></span> 
     </span>
     <span class='ocr_line' id='line_1_5' title="bbox 355 497 1770 581; baseline -0.001 -36"><span class='ocrx_word' id='word_1_32' title='bbox 355 499 591 560; x_wconf 76' lang='grc' dir='ltr'><em>ἐπιστήμην</em></span> <span class='ocrx_word' id='word_1_33' title='bbox 616 498 849 581; x_wconf 83' lang='grc' dir='ltr'><em>πρότερον</em></span> <span class='ocrx_word' id='word_1_34' title='bbox 851 498 939 545; x_wconf 79' lang='grc' dir='ltr'><em>ουίι</em></span> <span class='ocrx_word' id='word_1_35' title='bbox 963 501 1147 559; x_wconf 76' lang='grc' dir='ltr'><em>ἔχοντας.</em></span> <span class='ocrx_word' id='word_1_36' title='bbox 1186 497 1219 562; x_wconf 77' lang='grc' dir='ltr'><strong><em>ἢ</em></strong></span> <span class='ocrx_word' id='word_1_37' title='bbox 1238 499 1369 546; x_wconf 83' lang='grc' dir='ltr'><em>πάλιν</em></span> <span class='ocrx_word' id='word_1_38' title='bbox 1389 502 1425 546; x_wconf 85' lang='grc' dir='ltr'><em>εἰ</em></span> <span class='ocrx_word' id='word_1_39' title='bbox 1447 499 1572 559; x_wconf 73' lang='grc' dir='ltr'><em>ὀλίγα</em></span> <span class='ocrx_word' id='word_1_40' title='bbox 1592 498 1643 545; x_wconf 75' lang='grc' dir='ltr'><em>τὰ</em></span> <span class='ocrx_word' id='word_1_41' title='bbox 1661 500 1770 559; x_wconf 88' lang='grc' dir='ltr'><em>μέσα</em></span> 
     </span>
    </p>

    <p class='ocr_par' dir='ltr' id='par_1_4' title="bbox 306 562 1770 691">
     <span class='ocr_line' id='line_1_6' title="bbox 306 562 1770 631; baseline 0.001 -22"><span class='ocrx_word' id='word_1_42' title='bbox 306 569 442 610; x_wconf 62' lang='lat' dir='ltr'><em>sono-511</em></span> <span class='ocrx_word' id='word_1_43' title='bbox 465 568 570 610; x_wconf 93' lang='grc' dir='ltr'><em>ΒΓ·</em></span> <span class='ocrx_word' id='word_1_44' title='bbox 592 565 665 609; x_wconf 90' lang='grc' dir='ltr'><em>καὶ</em></span> <span class='ocrx_word' id='word_1_45' title='bbox 682 582 766 624; x_wconf 79' lang='grc' dir='ltr'><em>γαρ</em></span> <span class='ocrx_word' id='word_1_46' title='bbox 790 562 931 621; x_wconf 80' lang='grc' dir='ltr'><em>οὕτως</em></span> <span class='ocrx_word' id='word_1_47' title='bbox 949 565 1186 631; x_wconf 76' lang='grc' dir='ltr'><em>ἐγγύτερον</em></span> <span class='ocrx_word' id='word_1_48' title='bbox 1197 571 1278 612; x_wconf 86' lang='grc' dir='ltr'><em>τοῦ</em></span> <span class='ocrx_word' id='word_1_49' title='bbox 1300 566 1467 612; x_wconf 84' lang='grc' dir='ltr'><em>εἰδέναι.</em></span> <span class='ocrx_word' id='word_1_50' title='bbox 1490 563 1584 611; x_wconf 83' lang='grc' dir='ltr'><em>οἷον</em></span> <span class='ocrx_word' id='word_1_51' title='bbox 1604 566 1640 611; x_wconf 83' lang='grc' dir='ltr'><em>εἰ</em></span> <span class='ocrx_word' id='word_1_52' title='bbox 1658 563 1708 610; x_wconf 84' lang='grc' dir='ltr'><em>τὸ</em></span> <span class='ocrx_word' id='word_1_53' title='bbox 1730 573 1770 610; x_wconf 86' lang='grc' dir='ltr'><em>Δ</em></span> 
     </span>
     <span class='ocr_line' id='line_1_7' title="bbox 355 628 1772 697; baseline -0.001 -21"><span class='ocrx_word' id='word_1_54' title='bbox 355 632 421 691; x_wconf 78' lang='grc' dir='ltr'><em>εἴη</em></span> <span class='ocrx_word' id='word_1_55' title='bbox 455 631 860 697; x_wconf 74' lang='grc' dir='ltr'><em>τετραγωνίζεσθαι,</em></span> <span class='ocrx_word' id='word_1_56' title='bbox 900 629 951 676; x_wconf 82' lang='grc' dir='ltr'><em>τὸ</em></span> <span class='ocrx_word' id='word_1_57' title='bbox 979 630 1018 677; x_wconf 86' lang='grc' dir='ltr'><em>δ’</em></span> <span class='ocrx_word' id='word_1_58' title='bbox 1048 630 1118 691; x_wconf 84' lang='grc' dir='ltr'><em>ἐφ’</em></span> <span class='ocrx_word' id='word_1_59' title='bbox 1150 632 1185 695; x_wconf 75' lang='grc' dir='ltr'><em>ῴ</em></span> <span class='ocrx_word' id='word_1_60' title='bbox 1218 635 1259 676; x_wconf 87' lang='grc' dir='ltr'><strong><em>Ε</em></strong></span> <span class='ocrx_word' id='word_1_61' title='bbox 1288 630 1623 691; x_wconf 70' lang='grc' dir='ltr'><em>ευθύγραμμον,</em></span> <span class='ocrx_word' id='word_1_62' title='bbox 1655 628 1705 676; x_wconf 81' lang='grc' dir='ltr'><em>τὸ</em></span> <span class='ocrx_word' id='word_1_63' title='bbox 1733 629 1772 675; x_wconf 84' lang='grc' dir='ltr'><em>δ’</em></span> 
     </span>
    </p>

    <p class='ocr_par' dir='ltr' id='par_1_5' title="bbox 299 693 1772 888">
     <span class='ocr_line' id='line_1_8' title="bbox 299 693 1770 759; baseline -0.001 -18"><span class='ocrx_word' id='word_1_64' title='bbox 299 695 301 697; x_wconf 58' lang='grc'><strong>’</strong></span> <span class='ocrx_word' id='word_1_65' title='bbox 355 695 423 756; x_wconf 83' lang='grc' dir='ltr'><em>ἐφ’</em></span> <span class='ocrx_word' id='word_1_66' title='bbox 456 697 491 759; x_wconf 74' lang='grc' dir='ltr'>ᾠ</span> <span class='ocrx_word' id='word_1_67' title='bbox 525 699 564 740; x_wconf 89' lang='grc' dir='ltr'><em>Ζ</em></span> <span class='ocrx_word' id='word_1_68' title='bbox 593 695 782 751; x_wconf 78' lang='grc' dir='ltr'><strong><em>κύκλος·</em></strong></span> <span class='ocrx_word' id='word_1_69' title='bbox 814 697 851 742; x_wconf 83' lang='grc' dir='ltr'><em>εἰ</em></span> <span class='ocrx_word' id='word_1_70' title='bbox 878 701 961 742; x_wconf 80' lang='grc' dir='ltr'><em>τοῦ</em></span> <span class='ocrx_word' id='word_1_71' title='bbox 995 700 1080 741; x_wconf 90' lang='grc' dir='ltr'><em>ΕΖ</em></span> <span class='ocrx_word' id='word_1_72' title='bbox 1105 697 1153 742; x_wconf 65' lang='grc' dir='ltr'><em>ἓν</em></span> <span class='ocrx_word' id='word_1_73' title='bbox 1179 696 1316 756; x_wconf 89' lang='grc' dir='ltr'><em>μόνον</em></span> <span class='ocrx_word' id='word_1_74' title='bbox 1333 699 1398 759; x_wconf 80' lang='grc' dir='ltr'><em>εἴη</em></span> <span class='ocrx_word' id='word_1_75' title='bbox 1416 697 1561 755; x_wconf 83' lang='grc' dir='ltr'><em>μέσον,</em></span> <span class='ocrx_word' id='word_1_76' title='bbox 1587 694 1638 741; x_wconf 83' lang='grc' dir='ltr'><em>τό</em></span> <span class='ocrx_word' id='word_1_77' title='bbox 1667 693 1770 755; x_wconf 75' lang='grc' dir='ltr'><em>μετὰ</em></span> 
     </span>
     <span class='ocr_line' id='line_1_9' title="bbox 353 741 1772 842; baseline 0 -36"><span class='ocrx_word' id='word_1_78' title='bbox 353 741 574 823; x_wconf 75' lang='grc' dir='ltr'><em>μηνίσκων</em></span> <span class='ocrx_word' id='word_1_79' title='bbox 604 763 700 807; x_wconf 80' lang='grc' dir='ltr'><em>ἴσον</em></span> <span class='ocrx_word' id='word_1_80' title='bbox 726 762 924 842; x_wconf 73' lang='grc' dir='ltr'><em>χίνεσθαι</em></span> <span class='ocrx_word' id='word_1_81' title='bbox 953 760 1250 826; x_wconf 75' lang='grc' dir='ltr'><em>ευθυγράμιιῳ</em></span> <span class='ocrx_word' id='word_1_82' title='bbox 1270 760 1350 808; x_wconf 82' lang='grc' dir='ltr'><em>τὸν</em></span> <span class='ocrx_word' id='word_1_83' title='bbox 1371 761 1550 817; x_wconf 67' lang='grc' dir='ltr'><em>κύκλον,</em></span> <span class='ocrx_word' id='word_1_84' title='bbox 1570 758 1736 822; x_wconf 65' lang='grc' dir='ltr'><em>ἐγχύς’1</em></span> <span class='ocrx_word' id='word_1_85' title='bbox 1718 760 1772 806; x_wconf 73' lang='grc' dir='ltr'><em>οἶν</em></span> 
     </span>
     <span class='ocr_line' id='line_1_10' title="bbox 355 820 1772 908; baseline -0.001 -36"><span class='ocrx_word' id='word_1_86' title='bbox 355 828 422 888; x_wconf 80' lang='grc' dir='ltr'><em>εἴη</em></span> <span class='ocrx_word' id='word_1_87' title='bbox 436 830 520 872; x_wconf 76' lang='grc' dir='ltr'><em>τοῦ</em></span> <span class='ocrx_word' id='word_1_88' title='bbox 538 826 706 873; x_wconf 85' lang='grc' dir='ltr'><em>εἰδέναι.</em></span> <span class='ocrx_word' id='word_1_89' title='bbox 731 824 836 873; x_wconf 81' lang='grc' dir='ltr'><em>ὅταν</em></span> <span class='ocrx_word' id='word_1_90' title='bbox 847 828 892 872; x_wconf 91' lang='grc' dir='ltr'><em>δε</em></span> <span class='ocrx_word' id='word_1_91' title='bbox 902 845 1004 888; x_wconf 86' lang='grc' dir='ltr'><em>μητε</em></span> <span class='ocrx_word' id='word_1_92' title='bbox 1016 827 1267 887; x_wconf 79' lang='grc' dir='ltr'><em>πιστότερον</em></span> <span class='ocrx_word' id='word_1_93' title='bbox 1285 820 1316 886; x_wconf 78' lang='grc' dir='ltr'><strong><em>ᾖ</em></strong></span> <span class='ocrx_word' id='word_1_94' title='bbox 1331 825 1383 872; x_wconf 83' lang='grc' dir='ltr'><em>τὸ</em></span> <span class='ocrx_word' id='word_1_95' title='bbox 1406 831 1580 872; x_wconf 79' lang='grc' dir='ltr'><em>ΒΓτοΰ</em></span> <span class='ocrx_word' id='word_1_96' title='bbox 1590 824 1772 908; x_wconf 85' lang='grc' dir='ltr'><em>ΑΓμήτ’</em></span> 
     </span>
    </p>

    <p class='ocr_par' dir='ltr' id='par_1_6' title="bbox 308 886 1771 1019">
     <span class='ocr_line' id='line_1_11' title="bbox 308 886 1771 954; baseline 0 -17"><span class='ocrx_word' id='word_1_97' title='bbox 308 909 343 937; x_wconf 76' lang='lat'><em>35</em></span> <span class='ocrx_word' id='word_1_98' title='bbox 358 890 483 952; x_wconf 75' lang='grc' dir='ltr'><em>ὀλίγα</em></span> <span class='ocrx_word' id='word_1_99' title='bbox 508 889 561 937; x_wconf 74' lang='grc' dir='ltr'><em>τὰ</em></span> <span class='ocrx_word' id='word_1_100' title='bbox 591 893 723 951; x_wconf 83' lang='grc' dir='ltr'><em>μέσα,</em></span> <span class='ocrx_word' id='word_1_101' title='bbox 755 891 812 938; x_wconf 75' lang='grc' dir='ltr'><em>οὔ</em></span> <span class='ocrx_word' id='word_1_102' title='bbox 835 893 944 952; x_wconf 77' lang='grc' dir='ltr'><em>λέγω</em></span> <span class='ocrx_word' id='word_1_103' title='bbox 968 891 1213 954; x_wconf 69' lang='grc' dir='ltr'><em>ἀπαγωγήν.</em></span> <span class='ocrx_word' id='word_1_104' title='bbox 1246 891 1344 938; x_wconf 77' lang='grc' dir='ltr'><em>οὐδ’</em></span> <span class='ocrx_word' id='word_1_105' title='bbox 1365 889 1472 938; x_wconf 80' lang='grc' dir='ltr'><em>ὅταν</em></span> <span class='ocrx_word' id='word_1_106' title='bbox 1494 890 1654 952; x_wconf 77' lang='grc' dir='ltr'><em>ἅμεσον</em></span> <span class='ocrx_word' id='word_1_107' title='bbox 1671 886 1702 951; x_wconf 76' lang='grc' dir='ltr'><em>ᾗ</em></span> <span class='ocrx_word' id='word_1_108' title='bbox 1721 890 1771 937; x_wconf 83' lang='grc' dir='ltr'><em>τὸ</em></span> 
     </span>
     <span class='ocr_line' id='line_1_12' title="bbox 359 955 1101 1037; baseline 0 -34"><span class='ocrx_word' id='word_1_109' title='bbox 359 961 458 1003; x_wconf 89' lang='grc' dir='ltr'><em>ΒΓ·</em></span> <span class='ocrx_word' id='word_1_110' title='bbox 477 957 697 1037; x_wconf 76' lang='grc' dir='ltr'><em>ἐπιστήμη</em></span> <span class='ocrx_word' id='word_1_111' title='bbox 717 955 799 1017; x_wconf 76' lang='grc' dir='ltr'><em>γὰρ</em></span> <span class='ocrx_word' id='word_1_112' title='bbox 818 955 868 1002; x_wconf 82' lang='grc' dir='ltr'><em>τὸ</em></span> <span class='ocrx_word' id='word_1_113' title='bbox 886 962 1101 1003; x_wconf 82' lang='grc' dir='ltr'><em>τοιοῦτον.</em></span> 
     </span>
    </p>

    <p class='ocr_par' dir='ltr' id='par_1_7' title="bbox 278 1019 1772 1215">
     <span class='ocr_line' id='line_1_13' title="bbox 278 1019 1772 1082; baseline 0 -16"><span class='ocrx_word' id='word_1_114' title='bbox 278 1027 341 1071; x_wconf 85' lang='grc'><em>26</em></span> <span class='ocrx_word' id='word_1_115' title='bbox 477 1019 710 1078; x_wconf 86' lang='grc' dir='ltr'><em>Ἔνστασις</em></span> <span class='ocrx_word' id='word_1_116' title='bbox 737 1021 879 1068; x_wconf 82' lang='grc' dir='ltr'><em>δ’ἐστὶ</em></span> <span class='ocrx_word' id='word_1_117' title='bbox 902 1022 1110 1082; x_wconf 85' lang='grc' dir='ltr'><em>πρότασις</em></span> <span class='ocrx_word' id='word_1_118' title='bbox 1128 1020 1333 1081; x_wconf 79' lang='grc' dir='ltr'><em>προτάσει</em></span> <span class='ocrx_word' id='word_1_119' title='bbox 1353 1021 1531 1067; x_wconf 85' lang='grc' dir='ltr'><em>ἐναντία.</em></span> <span class='ocrx_word' id='word_1_120' title='bbox 1576 1020 1772 1080; x_wconf 81' lang='grc' dir='ltr'><em>διαφέρει</em></span> 
     </span>
     <span class='ocr_line' id='line_1_14' title="bbox 358 1083 1771 1150; baseline 0 -18"><span class='ocrx_word' id='word_1_121' title='bbox 358 1086 405 1131; x_wconf 71' lang='grc' dir='ltr'><em>δὲ</em></span> <span class='ocrx_word' id='word_1_122' title='bbox 435 1090 517 1148; x_wconf 72' lang='grc' dir='ltr'><em>τῆς</em></span> <span class='ocrx_word' id='word_1_123' title='bbox 545 1089 816 1144; x_wconf 78' lang='grc' dir='ltr'><em>προτάσεως,</em></span> <span class='ocrx_word' id='word_1_124' title='bbox 844 1083 912 1132; x_wconf 81' lang='grc' dir='ltr'><em>ὅτι</em></span> <span class='ocrx_word' id='word_1_125' title='bbox 930 1086 1011 1150; x_wconf 78' lang='grc' dir='ltr'><em>τήν</em></span> <span class='ocrx_word' id='word_1_126' title='bbox 1035 1088 1112 1146; x_wconf 71' lang='grc' dir='ltr'><em>μὲν</em></span> <span class='ocrx_word' id='word_1_127' title='bbox 1130 1088 1326 1133; x_wconf 79' lang='grc' dir='ltr'><em>ἔνστασιν</em></span> <span class='ocrx_word' id='word_1_128' title='bbox 1341 1087 1550 1146; x_wconf 85' lang='grc' dir='ltr'><em>ἐνδέχεται</em></span> <span class='ocrx_word' id='word_1_129' title='bbox 1573 1083 1680 1133; x_wconf 82' lang='grc' dir='ltr'><em>εἶναι</em></span> <span class='ocrx_word' id='word_1_130' title='bbox 1703 1087 1771 1132; x_wconf 86' lang='grc' dir='ltr'><em>ἐπὶ</em></span> 
     </span>
     <span class='ocr_line' id='line_1_15' title="bbox 354 1150 1770 1215; baseline 0 -18"><span class='ocrx_word' id='word_1_131' title='bbox 354 1151 528 1211; x_wconf 87' lang='grc' dir='ltr'><em>μέρους,</em></span> <span class='ocrx_word' id='word_1_132' title='bbox 547 1151 630 1214; x_wconf 80' lang='grc' dir='ltr'><em>τὴν</em></span> <span class='ocrx_word' id='word_1_133' title='bbox 648 1153 694 1198; x_wconf 74' lang='grc' dir='ltr'><em>δὲ</em></span> <span class='ocrx_word' id='word_1_134' title='bbox 710 1150 966 1215; x_wconf 78' lang='grc' dir='ltr'><em>πρότασινῆ</em></span> <span class='ocrx_word' id='word_1_135' title='bbox 993 1150 1106 1209; x_wconf 83' lang='grc' dir='ltr'><em>ὅλως</em></span> <span class='ocrx_word' id='word_1_136' title='bbox 1125 1151 1210 1198; x_wconf 74' lang='grc' dir='ltr'><em>οὐκ</em></span> <span class='ocrx_word' id='word_1_137' title='bbox 1230 1153 1436 1211; x_wconf 74' lang='grc' dir='ltr'><em>ἐνδέχεται</em></span> <span class='ocrx_word' id='word_1_138' title='bbox 1457 1150 1490 1213; x_wconf 77' lang='grc' dir='ltr'><em>ἢ</em></span> <span class='ocrx_word' id='word_1_139' title='bbox 1510 1150 1596 1198; x_wconf 75' lang='grc' dir='ltr'><em>οὔκ</em></span> <span class='ocrx_word' id='word_1_140' title='bbox 1618 1152 1661 1198; x_wconf 89' lang='grc' dir='ltr'><em>ἐν</em></span> <span class='ocrx_word' id='word_1_141' title='bbox 1679 1157 1770 1208; x_wconf 89' lang='grc' dir='ltr'><em>τοῖς</em></span> 
     </span>
    </p>

    <p class='ocr_par' dir='ltr' id='par_1_8' title="bbox 316 1216 1771 1474">
     <span class='ocr_line' id='line_1_16' title="bbox 316 1216 1771 1280; baseline 0 -18"><span class='ocrx_word' id='word_1_142' title='bbox 316 1229 338 1262; x_wconf 84' lang='lat' dir='ltr'>b</span> <span class='ocrx_word' id='word_1_143' title='bbox 354 1216 562 1264; x_wconf 80' lang='grc' dir='ltr'><em>καθόλου</em></span> <span class='ocrx_word' id='word_1_144' title='bbox 592 1221 913 1278; x_wconf 74' lang='grc' dir='ltr'><em>συλλογισμοῖς.</em></span> <span class='ocrx_word' id='word_1_145' title='bbox 963 1218 1139 1278; x_wconf 83' lang='grc' dir='ltr'><em>φέρεται</em></span> <span class='ocrx_word' id='word_1_146' title='bbox 1174 1219 1220 1263; x_wconf 72' lang='grc' dir='ltr'><em>δὲ</em></span> <span class='ocrx_word' id='word_1_147' title='bbox 1252 1216 1282 1280; x_wconf 84' lang='grc' dir='ltr'>ἡ</span> <span class='ocrx_word' id='word_1_148' title='bbox 1316 1218 1510 1273; x_wconf 74' lang='grc' dir='ltr'><em>ἔνστασις</em></span> <span class='ocrx_word' id='word_1_149' title='bbox 1538 1221 1669 1277; x_wconf 79' lang='grc' dir='ltr'><em>διχώς</em></span> <span class='ocrx_word' id='word_1_150' title='bbox 1697 1218 1771 1263; x_wconf 89' lang='grc' dir='ltr'><em>καὶ</em></span> 
     </span>
     <span class='ocr_line' id='line_1_17' title="bbox 355 1280 1771 1345; baseline 0 -17"><span class='ocrx_word' id='word_1_151' title='bbox 355 1281 428 1328; x_wconf 81' lang='grc' dir='ltr'><em>διὰ</em></span> <span class='ocrx_word' id='word_1_152' title='bbox 460 1282 547 1329; x_wconf 81' lang='grc' dir='ltr'><em>δύο</em></span> <span class='ocrx_word' id='word_1_153' title='bbox 585 1282 835 1345; x_wconf 77' lang='grc' dir='ltr'><em>σχημάτων,</em></span> <span class='ocrx_word' id='word_1_154' title='bbox 866 1287 998 1343; x_wconf 71' lang='grc' dir='ltr'><em>διχῶς</em></span> <span class='ocrx_word' id='word_1_155' title='bbox 1034 1285 1111 1343; x_wconf 73' lang='grc' dir='ltr'><em>μὶν</em></span> <span class='ocrx_word' id='word_1_156' title='bbox 1140 1281 1204 1329; x_wconf 80' lang='grc' dir='ltr'><em>ὅτι</em></span> <span class='ocrx_word' id='word_1_157' title='bbox 1232 1281 1263 1345; x_wconf 80' lang='grc' dir='ltr'><em>ἢ</em></span> <span class='ocrx_word' id='word_1_158' title='bbox 1289 1283 1495 1328; x_wconf 74' lang='grc' dir='ltr'><em>καθόλου</em></span> <span class='ocrx_word' id='word_1_159' title='bbox 1524 1280 1554 1344; x_wconf 77' lang='grc' dir='ltr'><strong><em>ἢ</em></strong></span> <span class='ocrx_word' id='word_1_160' title='bbox 1582 1284 1628 1329; x_wconf 87' lang='grc' dir='ltr'><em>ἐν</em></span> <span class='ocrx_word' id='word_1_161' title='bbox 1655 1283 1771 1342; x_wconf 89' lang='grc' dir='ltr'><em>μέρει</em></span> 
     </span>
     <span class='ocr_line' id='line_1_18' title="bbox 354 1346 1770 1411; baseline 0.001 -18"><span class='ocrx_word' id='word_1_162' title='bbox 354 1352 475 1394; x_wconf 83' lang='grc' dir='ltr'><em>πᾶσα</em></span> <span class='ocrx_word' id='word_1_163' title='bbox 513 1349 730 1406; x_wconf 74' lang='grc' dir='ltr'><em>ἔνστασις,</em></span> <span class='ocrx_word' id='word_1_164' title='bbox 759 1350 806 1395; x_wconf 84' lang='grc' dir='ltr'><em>ἐκ</em></span> <span class='ocrx_word' id='word_1_165' title='bbox 834 1349 922 1395; x_wconf 80' lang='grc' dir='ltr'><em>δύο</em></span> <span class='ocrx_word' id='word_1_166' title='bbox 957 1350 1003 1395; x_wconf 81' lang='grc' dir='ltr'><em>δὲ</em></span> <span class='ocrx_word' id='word_1_167' title='bbox 1034 1348 1263 1411; x_wconf 85' lang='grc' dir='ltr'><em>σχημάτων</em></span> <span class='ocrx_word' id='word_1_168' title='bbox 1291 1346 1357 1394; x_wconf 81' lang='grc' dir='ltr'><em>ὅτι</em></span> <span class='ocrx_word' id='word_1_169' title='bbox 1378 1347 1656 1407; x_wconf 78' lang='grc' dir='ltr'><em>άντικείμεναι</em></span> <span class='ocrx_word' id='word_1_170' title='bbox 1687 1348 1770 1409; x_wconf 81' lang='grc' dir='ltr'><em>φέ-</em></span> 
     </span>
     <span class='ocr_line' id='line_1_19' title="bbox 356 1412 1771 1478; baseline 0 -19"><span class='ocrx_word' id='word_1_171' title='bbox 356 1431 505 1473; x_wconf 87' lang='grc' dir='ltr'><em>ρονται</em></span> <span class='ocrx_word' id='word_1_172' title='bbox 538 1418 594 1474; x_wconf 83' lang='grc' dir='ltr'><em>τῇ</em></span> <span class='ocrx_word' id='word_1_173' title='bbox 630 1414 856 1474; x_wconf 87' lang='grc' dir='ltr'><em>προτάσει,</em></span> <span class='ocrx_word' id='word_1_174' title='bbox 895 1412 947 1460; x_wconf 78' lang='grc' dir='ltr'><em>τὰ</em></span> <span class='ocrx_word' id='word_1_175' title='bbox 978 1413 1017 1461; x_wconf 88' lang='grc' dir='ltr'><em>δ’</em></span> <span class='ocrx_word' id='word_1_176' title='bbox 1049 1414 1312 1474; x_wconf 78' lang='grc' dir='ltr'><em>ἀντικείμενα</em></span> <span class='ocrx_word' id='word_1_177' title='bbox 1350 1415 1394 1460; x_wconf 87' lang='grc' dir='ltr'><em>ἐν</em></span> <span class='ocrx_word' id='word_1_178' title='bbox 1421 1418 1485 1478; x_wconf 78' lang='grc' dir='ltr'><em>τῷ</em></span> <span class='ocrx_word' id='word_1_179' title='bbox 1514 1414 1671 1477; x_wconf 82' lang='grc' dir='ltr'><em>πρώτω</em></span> <span class='ocrx_word' id='word_1_180' title='bbox 1697 1415 1771 1460; x_wconf 83' lang='grc' dir='ltr'><em>καὶ</em></span> 
     </span>
    </p>

    <p class='ocr_par' dir='ltr' id='par_1_9' title="bbox 325 1478 1772 1804">
     <span class='ocr_line' id='line_1_20' title="bbox 325 1478 1771 1560; baseline 0 -36"><span class='ocrx_word' id='word_1_181' title='bbox 325 1499 342 1524; x_wconf 84' lang='lat'><strong>5</strong></span> <span class='ocrx_word' id='word_1_182' title='bbox 356 1483 420 1543; x_wconf 77' lang='grc' dir='ltr'><em>τῷ</em></span> <span class='ocrx_word' id='word_1_183' title='bbox 461 1480 587 1560; x_wconf 81' lang='grc' dir='ltr'><em>τρίτῳ</em></span> <span class='ocrx_word' id='word_1_184' title='bbox 626 1480 811 1545; x_wconf 85' lang='grc' dir='ltr'><em>σχήιιατι</em></span> <span class='ocrx_word' id='word_1_185' title='bbox 853 1481 1124 1539; x_wconf 86' lang='grc' dir='ltr'><em>περαίνονται</em></span> <span class='ocrx_word' id='word_1_186' title='bbox 1151 1481 1318 1538; x_wconf 88' lang='grc' dir='ltr'><em>μόνοις.</em></span> <span class='ocrx_word' id='word_1_187' title='bbox 1342 1478 1457 1559; x_wconf 46' lang='grc' dir='ltr'><em>’ὅταν</em></span> <span class='ocrx_word' id='word_1_188' title='bbox 1488 1498 1571 1540; x_wconf 80' lang='grc' dir='ltr'><em>γαρ</em></span> <span class='ocrx_word' id='word_1_189' title='bbox 1610 1478 1771 1539; x_wconf 80' lang='grc' dir='ltr'><em>άξιώση</em></span> 
     </span>
     <span class='ocr_line' id='line_1_21' title="bbox 355 1542 1770 1607; baseline 0 -17"><span class='ocrx_word' id='word_1_190' title='bbox 355 1546 483 1590; x_wconf 87' lang='grc' dir='ltr'><em>παντὶ</em></span> <span class='ocrx_word' id='word_1_191' title='bbox 503 1543 728 1605; x_wconf 90' lang='grc' dir='ltr'><em>υπάρχειν,</em></span> <span class='ocrx_word' id='word_1_192' title='bbox 749 1544 1055 1604; x_wconf 79' lang='grc' dir='ltr'><em>ἐνιστάμεθα’</em></span> <span class='ocrx_word' id='word_1_193' title='bbox 1027 1564 1095 1591; x_wconf 93' lang='grc' dir='ltr'><em>οτι</em></span> <span class='ocrx_word' id='word_1_194' title='bbox 1115 1544 1262 1592; x_wconf 87' lang='grc' dir='ltr'><em>ουδενὶ</em></span> <span class='ocrx_word' id='word_1_195' title='bbox 1284 1542 1318 1607; x_wconf 78' lang='grc' dir='ltr'><em>ἢ</em></span> <span class='ocrx_word' id='word_1_196' title='bbox 1336 1542 1402 1590; x_wconf 79' lang='grc' dir='ltr'><em>ὅτι</em></span> <span class='ocrx_word' id='word_1_197' title='bbox 1424 1546 1505 1590; x_wconf 83' lang='grc' dir='ltr'><em>τινὶ</em></span> <span class='ocrx_word' id='word_1_198' title='bbox 1524 1543 1608 1605; x_wconf 79' lang='grc' dir='ltr'><em>οὐχ</em></span> <span class='ocrx_word' id='word_1_199' title='bbox 1627 1543 1770 1604; x_wconf 80' lang='grc' dir='ltr'><em>ὑπάρ-</em></span> 
     </span>
     <span class='ocr_line' id='line_1_22' title="bbox 356 1608 1769 1694; baseline 0.001 -39"><span class='ocrx_word' id='word_1_200' title='bbox 356 1627 439 1669; x_wconf 87' lang='grc' dir='ltr'><em>χει·</em></span> <span class='ocrx_word' id='word_1_201' title='bbox 475 1610 642 1656; x_wconf 88' lang='grc' dir='ltr'><em>τούτων</em></span> <span class='ocrx_word' id='word_1_202' title='bbox 672 1613 718 1657; x_wconf 88' lang='grc' dir='ltr'><em>δε</em></span> <span class='ocrx_word' id='word_1_203' title='bbox 744 1609 796 1657; x_wconf 84' lang='grc' dir='ltr'><em>τὸ</em></span> <span class='ocrx_word' id='word_1_204' title='bbox 827 1628 905 1669; x_wconf 91' lang='grc' dir='ltr'><em>μεν</em></span> <span class='ocrx_word' id='word_1_205' title='bbox 923 1613 1074 1673; x_wconf 89' lang='grc' dir='ltr'><em>μηδενὶ</em></span> <span class='ocrx_word' id='word_1_206' title='bbox 1097 1612 1142 1657; x_wconf 87' lang='grc' dir='ltr'><em>ἐκ</em></span> <span class='ocrx_word' id='word_1_207' title='bbox 1163 1629 1245 1657; x_wconf 89' lang='grc' dir='ltr'><em>του</em></span> <span class='ocrx_word' id='word_1_208' title='bbox 1265 1610 1443 1671; x_wconf 78' lang='grc' dir='ltr'><em>πρώτου</em></span> <span class='ocrx_word' id='word_1_209' title='bbox 1464 1610 1694 1694; x_wconf 73' lang='grc' dir='ltr'><em>σχήματος,</em></span> <span class='ocrx_word' id='word_1_210' title='bbox 1717 1608 1769 1656; x_wconf 83' lang='grc' dir='ltr'><em>τὸ</em></span> 
     </span>
     <span class='ocr_line' id='line_1_23' title="bbox 355 1674 1770 1754; baseline 0 -33"><span class='ocrx_word' id='word_1_211' title='bbox 355 1676 402 1721; x_wconf 87' lang='grc' dir='ltr'><em>δε</em></span> <span class='ocrx_word' id='word_1_212' title='bbox 419 1677 503 1721; x_wconf 90' lang='grc' dir='ltr'><em>τινὶ</em></span> <span class='ocrx_word' id='word_1_213' title='bbox 524 1675 584 1738; x_wconf 80' lang='grc' dir='ltr'><em>μή</em></span> <span class='ocrx_word' id='word_1_214' title='bbox 609 1677 654 1722; x_wconf 88' lang='grc' dir='ltr'><em>ἐκ</em></span> <span class='ocrx_word' id='word_1_215' title='bbox 671 1680 754 1722; x_wconf 86' lang='grc' dir='ltr'><em>τοῦ</em></span> <span class='ocrx_word' id='word_1_216' title='bbox 769 1676 965 1735; x_wconf 82' lang='grc' dir='ltr'><em>ἐσχάτου.</em></span> <span class='ocrx_word' id='word_1_217' title='bbox 988 1682 1083 1722; x_wconf 84' lang='grc' dir='ltr'><em>οἱον</em></span> <span class='ocrx_word' id='word_1_218' title='bbox 1101 1678 1206 1723; x_wconf 90' lang='grc' dir='ltr'><em>ἔστω</em></span> <span class='ocrx_word' id='word_1_219' title='bbox 1225 1674 1277 1722; x_wconf 82' lang='grc' dir='ltr'><em>τὸ</em></span> <span class='ocrx_word' id='word_1_220' title='bbox 1293 1681 1329 1722; x_wconf 89' lang='grc' dir='ltr'><em>Α</em></span> <span class='ocrx_word' id='word_1_221' title='bbox 1349 1677 1451 1735; x_wconf 91' lang='grc' dir='ltr'><em>μίαν</em></span> <span class='ocrx_word' id='word_1_222' title='bbox 1470 1681 1576 1722; x_wconf 84' lang='grc' dir='ltr'><em>εἰναι</em></span> <span class='ocrx_word' id='word_1_223' title='bbox 1577 1675 1770 1754; x_wconf 80' lang='grc' dir='ltr'><em>ἐπιστή-</em></span> 
     </span>
     <span class='ocr_line' id='line_1_24' title="bbox 355 1735 1772 1805; baseline 0 -18"><span class='ocrx_word' id='word_1_224' title='bbox 355 1759 464 1802; x_wconf 84' lang='grc' dir='ltr'><em>μην,</em></span> <span class='ocrx_word' id='word_1_225' title='bbox 495 1740 563 1802; x_wconf 84' lang='grc' dir='ltr'><em>ἐφ’</em></span> <span class='ocrx_word' id='word_1_226' title='bbox 593 1735 630 1805; x_wconf 72' lang='grc' dir='ltr'><em>ᾦ</em></span> <span class='ocrx_word' id='word_1_227' title='bbox 660 1740 710 1788; x_wconf 86' lang='grc' dir='ltr'><em>τὸ</em></span> <span class='ocrx_word' id='word_1_228' title='bbox 738 1746 776 1787; x_wconf 91' lang='grc' dir='ltr'><em>Β</em></span> <span class='ocrx_word' id='word_1_229' title='bbox 807 1743 985 1788; x_wconf 79' lang='grc' dir='ltr'><em>ἐναντία</em></span> <span class='ocrx_word' id='word_1_230' title='bbox 1023 1743 1324 1802; x_wconf 87' lang='grc' dir='ltr'><em>προτείναντος</em></span> <span class='ocrx_word' id='word_1_231' title='bbox 1354 1740 1410 1804; x_wconf 83' lang='grc' dir='ltr'><em>δὴ</em></span> <span class='ocrx_word' id='word_1_232' title='bbox 1435 1742 1536 1800; x_wconf 89' lang='grc' dir='ltr'><em>μίαν</em></span> <span class='ocrx_word' id='word_1_233' title='bbox 1557 1747 1665 1787; x_wconf 78' lang='grc' dir='ltr'><em>εἰναι</em></span> <span class='ocrx_word' id='word_1_234' title='bbox 1687 1759 1772 1787; x_wconf 83' lang='grc' dir='ltr'><em>των</em></span> 
     </span>
    </p>

    <p class='ocr_par' dir='ltr' id='par_1_10' title="bbox 307 1788 1773 2131">
     <span class='ocr_line' id='line_1_25' title="bbox 307 1788 1773 1890; baseline -0.001 -36"><span class='ocrx_word' id='word_1_235' title='bbox 307 1828 340 1854; x_wconf 89' lang='lat'><em>10</em></span> <span class='ocrx_word' id='word_1_236' title='bbox 358 1807 559 1863; x_wconf 75' lang='grc' dir='ltr'><em>ἐναντίων</em></span> <span class='ocrx_word' id='word_1_237' title='bbox 575 1788 868 1890; x_wconf 68' lang='grc' dir='ltr'><em>ἐπιστήμην,“</em></span> <span class='ocrx_word' id='word_1_238' title='bbox 839 1827 867 1870; x_wconf 92' lang='grc' dir='ltr'><em>η</em></span> <span class='ocrx_word' id='word_1_239' title='bbox 881 1805 946 1854; x_wconf 81' lang='grc' dir='ltr'><em>ὅτι</em></span> <span class='ocrx_word' id='word_1_240' title='bbox 960 1805 1074 1865; x_wconf 80' lang='grc' dir='ltr'><em>ολως</em></span> <span class='ocrx_word' id='word_1_241' title='bbox 1085 1826 1170 1869; x_wconf 89' lang='grc' dir='ltr'><em>ουχ</em></span> <span class='ocrx_word' id='word_1_242' title='bbox 1189 1807 1218 1871; x_wconf 83' lang='grc' dir='ltr'><strong><em>ἡ</em></strong></span> <span class='ocrx_word' id='word_1_243' title='bbox 1241 1805 1354 1871; x_wconf 80' lang='grc' dir='ltr'><em>αὐτὴ</em></span> <span class='ocrx_word' id='word_1_244' title='bbox 1374 1826 1459 1853; x_wconf 90' lang='grc' dir='ltr'><em>των</em></span> <span class='ocrx_word' id='word_1_245' title='bbox 1474 1808 1773 1866; x_wconf 77' lang='grc' dir='ltr'><em>ἀντικειμένων</em></span> 
     </span>
     <span class='ocr_line' id='line_1_26' title="bbox 355 1871 1773 1957; baseline 0 -39"><span class='ocrx_word' id='word_1_246' title='bbox 355 1873 581 1929; x_wconf 77' lang='grc' dir='ltr'><em>ἐνίσταται,</em></span> <span class='ocrx_word' id='word_1_247' title='bbox 607 1872 660 1919; x_wconf 79' lang='grc' dir='ltr'><em>τὰ</em></span> <span class='ocrx_word' id='word_1_248' title='bbox 677 1873 716 1920; x_wconf 90' lang='grc' dir='ltr'><em>δ’</em></span> <span class='ocrx_word' id='word_1_249' title='bbox 734 1875 901 1920; x_wconf 79' lang='grc' dir='ltr'><em>ἐναντία</em></span> <span class='ocrx_word' id='word_1_250' title='bbox 921 1872 1196 1957; x_wconf 69' lang='grc' dir='ltr'><em>ἀντικείμενα,</em></span> <span class='ocrx_word' id='word_1_251' title='bbox 1226 1872 1333 1920; x_wconf 76' lang='grc' dir='ltr'><em>ὥστε</em></span> <span class='ocrx_word' id='word_1_252' title='bbox 1351 1875 1508 1934; x_wconf 79' lang='grc' dir='ltr'><em>γίνεται</em></span> <span class='ocrx_word' id='word_1_253' title='bbox 1529 1871 1581 1919; x_wconf 83' lang='grc' dir='ltr'><em>τὸ</em></span> <span class='ocrx_word' id='word_1_254' title='bbox 1601 1877 1773 1934; x_wconf 77' lang='grc' dir='ltr'><em>πρῶτον</em></span> 
     </span>
     <span class='ocr_line' id='line_1_27' title="bbox 357 1936 1770 2000; baseline 0.001 -18"><span class='ocrx_word' id='word_1_255' title='bbox 357 1942 514 2000; x_wconf 85' lang='grc' dir='ltr'><em>σχῆμα,</em></span> <span class='ocrx_word' id='word_1_256' title='bbox 536 1958 565 2000; x_wconf 90' lang='grc' dir='ltr'><em>η</em></span> <span class='ocrx_word' id='word_1_257' title='bbox 588 1937 655 1985; x_wconf 81' lang='grc' dir='ltr'><em>ὅτι</em></span> <span class='ocrx_word' id='word_1_258' title='bbox 672 1944 757 1985; x_wconf 83' lang='grc' dir='ltr'><em>τοῦ</em></span> <span class='ocrx_word' id='word_1_259' title='bbox 774 1943 974 2000; x_wconf 78' lang='grc' dir='ltr'><em>γνωστοῦ</em></span> <span class='ocrx_word' id='word_1_260' title='bbox 993 1941 1065 1985; x_wconf 81' lang='grc' dir='ltr'><em>καὶ</em></span> <span class='ocrx_word' id='word_1_261' title='bbox 1080 1939 1304 2000; x_wconf 83' lang='grc' dir='ltr'><em>αγνώστου</em></span> <span class='ocrx_word' id='word_1_262' title='bbox 1315 1938 1372 1985; x_wconf 79' lang='grc' dir='ltr'><em>οὐ</em></span> <span class='ocrx_word' id='word_1_263' title='bbox 1390 1940 1487 1997; x_wconf 87' lang='grc' dir='ltr'><em>μία·</em></span> <span class='ocrx_word' id='word_1_264' title='bbox 1507 1943 1637 1984; x_wconf 85' lang='grc' dir='ltr'><em>τοῦτο</em></span> <span class='ocrx_word' id='word_1_265' title='bbox 1658 1939 1704 1984; x_wconf 72' lang='grc' dir='ltr'><em>δὲ</em></span> <span class='ocrx_word' id='word_1_266' title='bbox 1720 1936 1770 1984; x_wconf 79' lang='grc' dir='ltr'><em>τὸ</em></span> 
     </span>
     <span class='ocr_line' id='line_1_28' title="bbox 354 2001 1772 2085; baseline 0.001 -37"><span class='ocrx_word' id='word_1_267' title='bbox 354 2004 518 2063; x_wconf 88' lang='grc' dir='ltr'><em>τρίτον·</em></span> <span class='ocrx_word' id='word_1_268' title='bbox 538 2003 647 2050; x_wconf 76' lang='grc' dir='ltr'><em>κατὰ</em></span> <span class='ocrx_word' id='word_1_269' title='bbox 670 2004 752 2065; x_wconf 74' lang='grc' dir='ltr'><em>γὰρ</em></span> <span class='ocrx_word' id='word_1_270' title='bbox 773 2009 858 2050; x_wconf 84' lang='grc' dir='ltr'><em>τοῦ</em></span> <span class='ocrx_word' id='word_1_271' title='bbox 878 2009 931 2085; x_wconf 91' lang='grc' dir='ltr'><em>Γ,</em></span> <span class='ocrx_word' id='word_1_272' title='bbox 953 2008 1036 2050; x_wconf 67' lang='grc' dir='ltr'><em>τοί</em></span> <span class='ocrx_word' id='word_1_273' title='bbox 1056 2009 1256 2065; x_wconf 79' lang='grc' dir='ltr'><em>γνωστοῦ</em></span> <span class='ocrx_word' id='word_1_274' title='bbox 1274 2006 1345 2049; x_wconf 87' lang='grc' dir='ltr'><em>καὶ</em></span> <span class='ocrx_word' id='word_1_275' title='bbox 1368 2003 1606 2064; x_wconf 72' lang='grc' dir='ltr'><em>ἀγνώστου,</em></span> <span class='ocrx_word' id='word_1_276' title='bbox 1624 2001 1676 2049; x_wconf 86' lang='grc' dir='ltr'><em>τὸ</em></span> <span class='ocrx_word' id='word_1_277' title='bbox 1695 2005 1772 2063; x_wconf 89' lang='grc' dir='ltr'><em>μεν</em></span> 
     </span>
     <span class='ocr_line' id='line_1_29' title="bbox 356 2065 1769 2152; baseline 0.001 -38"><span class='ocrx_word' id='word_1_278' title='bbox 356 2065 580 2115; x_wconf 85' lang='grc' dir='ltr'><em>ἐναντία</em></span> <span class='ocrx_word' id='word_1_279' title='bbox 540 2074 648 2116; x_wconf 79' lang='grc' dir='ltr'><em>εἰναι</em></span> <span class='ocrx_word' id='word_1_280' title='bbox 669 2069 846 2131; x_wconf 80' lang='grc' dir='ltr'><em>άληθές,</em></span> <span class='ocrx_word' id='word_1_281' title='bbox 860 2068 909 2115; x_wconf 85' lang='grc' dir='ltr'><em>τὸ</em></span> <span class='ocrx_word' id='word_1_282' title='bbox 928 2071 975 2116; x_wconf 88' lang='grc' dir='ltr'><em>δε</em></span> <span class='ocrx_word' id='word_1_283' title='bbox 990 2071 1092 2128; x_wconf 87' lang='grc' dir='ltr'><em>μίαν</em></span> <span class='ocrx_word' id='word_1_284' title='bbox 1110 2070 1256 2117; x_wconf 79' lang='grc' dir='ltr'><em>αὐτων</em></span> <span class='ocrx_word' id='word_1_285' title='bbox 1269 2069 1505 2152; x_wconf 82' lang='grc' dir='ltr'><em>ἐπιστήμην</em></span> <span class='ocrx_word' id='word_1_286' title='bbox 1527 2088 1635 2116; x_wconf 90' lang='grc' dir='ltr'><em>ειναι</em></span> <span class='ocrx_word' id='word_1_287' title='bbox 1653 2073 1769 2124; x_wconf 68' lang='grc' dir='ltr'><em>’ψεῦ-</em></span> 
     </span>
    </p>

    <p class='ocr_par' dir='ltr' id='par_1_11' title="bbox 306 2133 1770 2331">
     <span class='ocr_line' id='line_1_30' title="bbox 306 2133 1770 2198; baseline 0.001 -19"><span class='ocrx_word' id='word_1_288' title='bbox 306 2153 339 2180; x_wconf 85' lang='lat'><em>15</em></span> <span class='ocrx_word' id='word_1_289' title='bbox 355 2137 444 2190; x_wconf 89' lang='grc' dir='ltr'><em>δος.</em></span> <span class='ocrx_word' id='word_1_290' title='bbox 480 2133 613 2180; x_wconf 80' lang='grc' dir='ltr'><em>πάλιν</em></span> <span class='ocrx_word' id='word_1_291' title='bbox 634 2136 701 2181; x_wconf 89' lang='grc' dir='ltr'><em>ἐπὶ</em></span> <span class='ocrx_word' id='word_1_292' title='bbox 718 2153 796 2198; x_wconf 89' lang='grc' dir='ltr'><em>της</em></span> <span class='ocrx_word' id='word_1_293' title='bbox 815 2140 1066 2197; x_wconf 78' lang='grc' dir='ltr'><em>στερητικῆς</em></span> <span class='ocrx_word' id='word_1_294' title='bbox 1081 2137 1327 2195; x_wconf 87' lang='grc' dir='ltr'><em>προτάσεως</em></span> <span class='ocrx_word' id='word_1_295' title='bbox 1350 2134 1571 2191; x_wconf 83' lang='grc' dir='ltr'><em>ωσαύτως.</em></span> <span class='ocrx_word' id='word_1_296' title='bbox 1594 2134 1770 2190; x_wconf 74' lang='grc' dir='ltr'><em>ἀξιοῦν-</em></span> 
     </span>
     <span class='ocr_line' id='line_1_31' title="bbox 353 2197 1769 2264; baseline 0.001 -18"><span class='ocrx_word' id='word_1_297' title='bbox 353 2217 428 2256; x_wconf 89' lang='grc' dir='ltr'><em>τος</em></span> <span class='ocrx_word' id='word_1_298' title='bbox 457 2197 538 2260; x_wconf 79' lang='grc' dir='ltr'><em>γὰρ</em></span> <span class='ocrx_word' id='word_1_299' title='bbox 559 2198 619 2262; x_wconf 82' lang='grc' dir='ltr'><em>μὴ</em></span> <span class='ocrx_word' id='word_1_300' title='bbox 642 2198 749 2247; x_wconf 80' lang='grc' dir='ltr'><em>εἶναι</em></span> <span class='ocrx_word' id='word_1_301' title='bbox 769 2203 871 2261; x_wconf 84' lang='grc' dir='ltr'><em>μίαν</em></span> <span class='ocrx_word' id='word_1_302' title='bbox 903 2219 989 2247; x_wconf 89' lang='grc' dir='ltr'><em>των</em></span> <span class='ocrx_word' id='word_1_303' title='bbox 1016 2202 1228 2257; x_wconf 87' lang='grc' dir='ltr'><em>ἐναντίων,</em></span> <span class='ocrx_word' id='word_1_304' title='bbox 1257 2199 1290 2264; x_wconf 79' lang='grc' dir='ltr'><em>ἢ</em></span> <span class='ocrx_word' id='word_1_305' title='bbox 1309 2199 1376 2248; x_wconf 80' lang='grc' dir='ltr'><em>ὅτι</em></span> <span class='ocrx_word' id='word_1_306' title='bbox 1398 2200 1569 2247; x_wconf 84' lang='grc' dir='ltr'><em>πάντων</em></span> <span class='ocrx_word' id='word_1_307' title='bbox 1587 2219 1671 2247; x_wconf 90' lang='grc' dir='ltr'><em>των</em></span> <span class='ocrx_word' id='word_1_308' title='bbox 1691 2199 1769 2248; x_wconf 82' lang='grc' dir='ltr'><em>άν-</em></span> 
     </span>
     <span class='ocr_line' id='line_1_32' title="bbox 354 2264 1769 2331; baseline 0.001 -20"><span class='ocrx_word' id='word_1_309' title='bbox 354 2264 644 2325; x_wconf 75' lang='grc' dir='ltr'><em>τικειμένων’“</em></span> <span class='ocrx_word' id='word_1_310' title='bbox 613 2285 643 2329; x_wconf 88' lang='grc' dir='ltr'><em>η</em></span> <span class='ocrx_word' id='word_1_311' title='bbox 664 2264 730 2313; x_wconf 81' lang='grc' dir='ltr'><em>ὅτι</em></span> <span class='ocrx_word' id='word_1_312' title='bbox 738 2285 870 2314; x_wconf 89' lang='grc' dir='ltr'><em>τινων</em></span> <span class='ocrx_word' id='word_1_313' title='bbox 879 2267 1115 2314; x_wconf 75' lang='grc' dir='ltr'><em>ἐναντίων</em></span> <span class='ocrx_word' id='word_1_314' title='bbox 1089 2287 1119 2331; x_wconf 92' lang='grc' dir='ltr'><em>η</em></span> <span class='ocrx_word' id='word_1_315' title='bbox 1131 2266 1243 2331; x_wconf 79' lang='grc' dir='ltr'><em>αὐτὴ</em></span> <span class='ocrx_word' id='word_1_316' title='bbox 1261 2268 1452 2328; x_wconf 77' lang='grc' dir='ltr'><em>λέγομεν,</em></span> <span class='ocrx_word' id='word_1_317' title='bbox 1467 2264 1560 2313; x_wconf 83' lang='grc' dir='ltr'><em>οἷον</em></span> <span class='ocrx_word' id='word_1_318' title='bbox 1571 2265 1769 2328; x_wconf 78' lang='grc' dir='ltr'><em>ὑγιεινοῦ</em></span> 
     </span>
    </p>
   </div>
   <div class='ocr_carea' id='block_1_3' title="bbox 354 2369 621 2374">
    <p class='ocr_par' dir='ltr' id='par_1_12' title="bbox 354 2369 621 2374">
     <span class='ocr_line' id='line_1_33' title="bbox 354 2369 621 2374; baseline 0 0"><span class='ocrx_word' id='word_1_319' title='bbox 354 2369 621 2374; x_wconf 95' lang='lat' dir='ltr'><em> </em></span> 
     </span>
    </p>
   </div>
   <div class='ocr_carea' id='block_1_4' title="bbox 353 2415 1768 2775">
    <p class='ocr_par' dir='ltr' id='par_1_13' title="bbox 354 2415 1768 2541">
     <span class='ocr_line' id='line_1_34' title="bbox 443 2415 1768 2472; baseline 0.002 -22"><span class='ocrx_word' id='word_1_320' title='bbox 443 2418 488 2451; x_wconf 89' lang='grc'><em>28</em></span> <span class='ocrx_word' id='word_1_321' title='bbox 501 2415 759 2472; x_wconf 82' lang='grc' dir='ltr'><em>προειληφέναι</em></span> <span class='ocrx_word' id='word_1_322' title='bbox 780 2420 816 2452; x_wconf 87' lang='lat' dir='ltr'><em>C.</em></span> <span class='ocrx_word' id='word_1_323' title='bbox 828 2436 875 2445; x_wconf 94' lang='lat'><strong>—</strong></span> <span class='ocrx_word' id='word_1_324' title='bbox 897 2419 937 2451; x_wconf 80' lang='lat'><em>31</em></span> <span class='ocrx_word' id='word_1_325' title='bbox 955 2418 1183 2472; x_wconf 78' lang='grc' dir='ltr'><em>τετράγωνον</em></span> <span class='ocrx_word' id='word_1_326' title='bbox 1197 2420 1482 2463; x_wconf 76' lang='grc' dir='ltr'><em>γνωρίζεσθαιη.</em></span> <span class='ocrx_word' id='word_1_327' title='bbox 1494 2435 1539 2444; x_wconf 84' lang='lat'><em>—-</em></span> <span class='ocrx_word' id='word_1_328' title='bbox 1563 2431 1603 2462; x_wconf 90' lang='lat' dir='ltr'><em>pr</em></span> <span class='ocrx_word' id='word_1_329' title='bbox 1619 2415 1651 2452; x_wconf 84' lang='lat'><em>6⁷</em></span> <span class='ocrx_word' id='word_1_330' title='bbox 1663 2429 1718 2450; x_wconf 91' lang='lat' dir='ltr'><em>om</em></span> <span class='ocrx_word' id='word_1_331' title='bbox 1733 2418 1768 2450; x_wconf 85' lang='lat' dir='ltr'><em>C</em></span> 
     </span>
     <span class='ocr_line' id='line_1_35' title="bbox 354 2431 1767 2509; baseline 0.001 -15"><span class='ocrx_word' id='word_1_332' title='bbox 354 2463 455 2494; x_wconf 77' lang='lat'><em>-32</em></span> <span class='ocrx_word' id='word_1_333' title='bbox 477 2459 534 2504; x_wconf 80' lang='grc' dir='ltr'><em>ἐφ’</em></span> <span class='ocrx_word' id='word_1_334' title='bbox 551 2456 579 2506; x_wconf 76' lang='grc' dir='ltr'><em>ᾦ</em></span> <span class='ocrx_word' id='word_1_335' title='bbox 596 2474 648 2494; x_wconf 91' lang='lat' dir='ltr'><em>om</em></span> <span class='ocrx_word' id='word_1_336' title='bbox 669 2464 731 2495; x_wconf 84' lang='lat' dir='ltr'><em>Bu.</em></span> <span class='ocrx_word' id='word_1_337' title='bbox 755 2481 800 2489; x_wconf 87' lang='lat'>—</span> <span class='ocrx_word' id='word_1_338' title='bbox 824 2464 867 2497; x_wconf 86' lang='lat'><em>34</em></span> <span class='ocrx_word' id='word_1_339' title='bbox 884 2461 1107 2509; x_wconf 73' lang='grc' dir='ltr'><em>πιστώτερον</em></span> <span class='ocrx_word' id='word_1_340' title='bbox 1123 2476 1156 2498; x_wconf 79' lang='grc' dir='ltr'><em>τι.</em></span> <span class='ocrx_word' id='word_1_341' title='bbox 1180 2482 1225 2490; x_wconf 90' lang='grc'>-</span> <span class='ocrx_word' id='word_1_342' title='bbox 1248 2465 1303 2508; x_wconf 80' lang='grc' dir='ltr'><em>εἴη</em></span> <span class='ocrx_word' id='word_1_343' title='bbox 1325 2465 1360 2496; x_wconf 89' lang='lat' dir='ltr'><em>C.</em></span> <span class='ocrx_word' id='word_1_344' title='bbox 1384 2482 1429 2490; x_wconf 90' lang='lat'>—</span> <span class='ocrx_word' id='word_1_345' title='bbox 1459 2465 1502 2497; x_wconf 85' lang='lat'><em>35</em></span> <span class='ocrx_word' id='word_1_346' title='bbox 1521 2431 1587 2506; x_wconf 84' lang='grc' dir='ltr'><em>εἴη</em></span> <span class='ocrx_word' id='word_1_347' title='bbox 1594 2474 1628 2503; x_wconf 83' lang='grc' dir='ltr'><em>π,</em></span> <span class='ocrx_word' id='word_1_348' title='bbox 1652 2474 1708 2494; x_wconf 91' lang='lat' dir='ltr'><em>om</em></span> <span class='ocrx_word' id='word_1_349' title='bbox 1731 2463 1767 2494; x_wconf 89' lang='lat' dir='ltr'><em>C.</em></span> 
     </span>
     <span class='ocr_line' id='line_1_36' title="bbox 356 2507 684 2541; baseline 0.009 -3"><span class='ocrx_word' id='word_1_350' title='bbox 356 2525 399 2530; x_wconf 97' lang='lat'><strong>—</strong></span> <span class='ocrx_word' id='word_1_351' title='bbox 417 2507 459 2538; x_wconf 83' lang='lat'><em>36</em></span> <span class='ocrx_word' id='word_1_352' title='bbox 476 2507 624 2541; x_wconf 83' lang='grc' dir='ltr'><em>τοιοῦτο</em></span> <span class='ocrx_word' id='word_1_353' title='bbox 644 2508 684 2541; x_wconf 83' lang='lat' dir='ltr'><em>A.</em></span> 
     </span>
    </p>

    <p class='ocr_par' dir='ltr' id='par_1_14' title="bbox 353 2547 1768 2775">
     <span class='ocr_line' id='line_1_37' title="bbox 443 2547 1768 2605; baseline 0 -22"><span class='ocrx_word' id='word_1_354' title='bbox 443 2549 531 2583; x_wconf 76' lang='lat' dir='ltr'><strong>69b1</strong></span> <span class='ocrx_word' id='word_1_355' title='bbox 553 2549 592 2584; x_wconf 77' lang='grc' dir='ltr'><em>δὲ</em></span> <span class='ocrx_word' id='word_1_356' title='bbox 612 2563 690 2584; x_wconf 83' lang='lat' dir='ltr'><strong>corr</strong></span> <span class='ocrx_word' id='word_1_357' title='bbox 706 2562 739 2583; x_wconf 80' lang='grc' dir='ltr'><em>η.</em></span> <span class='ocrx_word' id='word_1_358' title='bbox 765 2570 807 2575; x_wconf 91' lang='lat'><em>—-</em></span> <span class='ocrx_word' id='word_1_359' title='bbox 841 2551 949 2605; x_wconf 76' lang='grc' dir='ltr'><em>διχῶς</em></span> <span class='ocrx_word' id='word_1_360' title='bbox 972 2563 1010 2585; x_wconf 85' lang='grc' dir='ltr'><em>τε</em></span> <span class='ocrx_word' id='word_1_361' title='bbox 1026 2552 1084 2586; x_wconf 83' lang='grc' dir='ltr'><em>καὶ</em></span> <span class='ocrx_word' id='word_1_362' title='bbox 1106 2553 1141 2585; x_wconf 85' lang='lat' dir='ltr'><em>G.</em></span> <span class='ocrx_word' id='word_1_363' title='bbox 1167 2571 1206 2577; x_wconf 83' lang='lat'>—</span> <span class='ocrx_word' id='word_1_364' title='bbox 1239 2554 1261 2586; x_wconf 98' lang='grc'><strong>2</strong></span> <span class='ocrx_word' id='word_1_365' title='bbox 1277 2550 1342 2591; x_wconf 79' lang='grc' dir='ltr'><em>μὲν</em></span> <span class='ocrx_word' id='word_1_366' title='bbox 1357 2562 1436 2583; x_wconf 87' lang='lat' dir='ltr'><strong>corr</strong></span> <span class='ocrx_word' id='word_1_367' title='bbox 1453 2563 1487 2584; x_wconf 86' lang='lat' dir='ltr'><em>n.</em></span> <span class='ocrx_word' id='word_1_368' title='bbox 1511 2569 1555 2577; x_wconf 92' lang='lat'><em>—-</em></span> <span class='ocrx_word' id='word_1_369' title='bbox 1586 2551 1606 2583; x_wconf 79' lang='lat'><strong>3</strong></span> <span class='ocrx_word' id='word_1_370' title='bbox 1629 2547 1684 2592; x_wconf 79' lang='grc' dir='ltr'><em>ἐκ]</em></span> <span class='ocrx_word' id='word_1_371' title='bbox 1705 2548 1768 2583; x_wconf 78' lang='grc' dir='ltr'><em>διὰ</em></span> 
     </span>
     <span class='ocr_line' id='line_1_38' title="bbox 358 2591 1766 2653; baseline 0 -26"><span class='ocrx_word' id='word_1_372' title='bbox 358 2594 419 2626; x_wconf 84' lang='lat' dir='ltr'><em>Cd.</em></span> <span class='ocrx_word' id='word_1_373' title='bbox 444 2612 489 2620; x_wconf 88' lang='lat'>—</span> <span class='ocrx_word' id='word_1_374' title='bbox 513 2596 533 2628; x_wconf 88' lang='grc'><strong>6</strong></span> <span class='ocrx_word' id='word_1_375' title='bbox 553 2592 641 2638; x_wconf 82' lang='grc' dir='ltr'><em>οτι]-</em></span> <span class='ocrx_word' id='word_1_376' title='bbox 628 2592 667 2638; x_wconf 79' lang='grc' dir='ltr'><em>-ἢ</em></span> <span class='ocrx_word' id='word_1_377' title='bbox 682 2591 740 2629; x_wconf 76' lang='grc' dir='ltr'><em>ὅτι</em></span> <span class='ocrx_word' id='word_1_378' title='bbox 756 2607 790 2629; x_wconf 82' lang='grc' dir='ltr'><em>π.</em></span> <span class='ocrx_word' id='word_1_379' title='bbox 813 2613 859 2621; x_wconf 92' lang='lat'>—</span> <span class='ocrx_word' id='word_1_380' title='bbox 890 2592 970 2630; x_wconf 77' lang='grc' dir='ltr'><em>ὅτι.</em></span> <span class='ocrx_word' id='word_1_381' title='bbox 986 2595 1201 2653; x_wconf 54' lang='grc' dir='ltr'><em>ηὖπάρχει]</em></span> <span class='ocrx_word' id='word_1_382' title='bbox 1224 2594 1249 2640; x_wconf 76' lang='grc' dir='ltr'><strong><em>ἢ</em></strong></span> <span class='ocrx_word' id='word_1_383' title='bbox 1270 2608 1329 2630; x_wconf 88' lang='grc' dir='ltr'><em>οτι</em></span> <span class='ocrx_word' id='word_1_384' title='bbox 1351 2594 1421 2629; x_wconf 87' lang='grc' dir='ltr'><em>τινὶ</em></span> <span class='ocrx_word' id='word_1_385' title='bbox 1449 2591 1473 2638; x_wconf 80' lang='grc' dir='ltr'><em>ηΙ</em></span> <span class='ocrx_word' id='word_1_386' title='bbox 1501 2591 1557 2630; x_wconf 83' lang='grc' dir='ltr'><em>ότι</em></span> <span class='ocrx_word' id='word_1_387' title='bbox 1578 2593 1699 2628; x_wconf 82' lang='grc' dir='ltr'><em>ον’δενὶ</em></span> <span class='ocrx_word' id='word_1_388' title='bbox 1716 2593 1766 2638; x_wconf 82' lang='grc' dir='ltr'><em>μή</em></span> 
     </span>
     <span class='ocr_line' id='line_1_39' title="bbox 353 2635 1767 2683; baseline 0.001 -12"><span class='ocrx_word' id='word_1_389' title='bbox 353 2635 510 2683; x_wconf 80' lang='grc' dir='ltr'><em>υπάρχει</em></span> <span class='ocrx_word' id='word_1_390' title='bbox 530 2640 565 2672; x_wconf 87' lang='lat' dir='ltr'><em>C.</em></span> <span class='ocrx_word' id='word_1_391' title='bbox 590 2658 633 2665; x_wconf 92' lang='lat'>—</span> <span class='ocrx_word' id='word_1_392' title='bbox 657 2638 716 2673; x_wconf 87' lang='lat'><em>8’&#39;</em></span> <span class='ocrx_word' id='word_1_393' title='bbox 698 2651 792 2674; x_wconf 84' lang='grc' dir='ltr'><em>εστιν</em></span> <span class='ocrx_word' id='word_1_394' title='bbox 813 2641 846 2673; x_wconf 82' lang='grc' dir='ltr'><em>ἀ.</em></span> <span class='ocrx_word' id='word_1_395' title='bbox 870 2658 915 2667; x_wconf 90' lang='grc'><strong>-</strong></span> <span class='ocrx_word' id='word_1_396' title='bbox 938 2640 958 2674; x_wconf 90' lang='grc'><strong>9</strong></span> <span class='ocrx_word' id='word_1_397' title='bbox 975 2653 1026 2675; x_wconf 82' lang='grc' dir='ltr'><em>ων</em></span> <span class='ocrx_word' id='word_1_398' title='bbox 1048 2643 1089 2682; x_wconf 81' lang='grc' dir='ltr'><em>Β,</em></span> <span class='ocrx_word' id='word_1_399' title='bbox 1115 2654 1158 2676; x_wconf 83' lang='lat' dir='ltr'><em>ov</em></span> <span class='ocrx_word' id='word_1_400' title='bbox 1177 2643 1213 2675; x_wconf 89' lang='lat' dir='ltr'><em>C.</em></span> <span class='ocrx_word' id='word_1_401' title='bbox 1240 2661 1282 2673; x_wconf 84' lang='grc'><em>,-</em></span> <span class='ocrx_word' id='word_1_402' title='bbox 1305 2639 1346 2673; x_wconf 87' lang='grc' dir='ltr'><em>τὸ</em></span> <span class='ocrx_word' id='word_1_403' title='bbox 1365 2651 1420 2672; x_wconf 85' lang='lat' dir='ltr'><em>om</em></span> <span class='ocrx_word' id='word_1_404' title='bbox 1445 2641 1481 2673; x_wconf 82' lang='lat' dir='ltr'><em>G.</em></span> <span class='ocrx_word' id='word_1_405' title='bbox 1500 2657 1544 2666; x_wconf 84' lang='lat'><em>—-</em></span> <span class='ocrx_word' id='word_1_406' title='bbox 1567 2639 1640 2672; x_wconf 76' lang='grc' dir='ltr'><em>τῶν</em></span> <span class='ocrx_word' id='word_1_407' title='bbox 1660 2638 1767 2673; x_wconf 77' lang='grc' dir='ltr'><em>ἐναν-</em></span> 
     </span>
     <span class='ocr_line' id='line_1_40' title="bbox 353 2681 1765 2738; baseline 0.001 -23"><span class='ocrx_word' id='word_1_408' title='bbox 353 2682 441 2717; x_wconf 85' lang='grc' dir='ltr'><em>τίων</em></span> <span class='ocrx_word' id='word_1_409' title='bbox 455 2685 544 2724; x_wconf 79' lang='grc' dir='ltr'><em>μίαν</em></span> <span class='ocrx_word' id='word_1_410' title='bbox 561 2682 656 2718; x_wconf 77' lang='grc' dir='ltr'><em>εἶναι</em></span> <span class='ocrx_word' id='word_1_411' title='bbox 680 2685 716 2718; x_wconf 85' lang='lat' dir='ltr'><em>C.</em></span> <span class='ocrx_word' id='word_1_412' title='bbox 742 2703 787 2711; x_wconf 93' lang='lat'><em>—-</em></span> <span class='ocrx_word' id='word_1_413' title='bbox 818 2681 904 2718; x_wconf 85' lang='lat'><em>10</em></span> <span class='ocrx_word' id='word_1_414' title='bbox 881 2698 938 2719; x_wconf 87' lang='grc' dir='ltr'><em>οτι</em></span> <span class='ocrx_word' id='word_1_415' title='bbox 959 2697 1013 2719; x_wconf 89' lang='lat' dir='ltr'><em>om</em></span> <span class='ocrx_word' id='word_1_416' title='bbox 1030 2686 1063 2719; x_wconf 82' lang='lat' dir='ltr'><em>cl.</em></span> <span class='ocrx_word' id='word_1_417' title='bbox 1088 2705 1131 2712; x_wconf 87' lang='lat'><em>—-</em></span> <span class='ocrx_word' id='word_1_418' title='bbox 1162 2687 1198 2719; x_wconf 91' lang='lat'><em>11</em></span> <span class='ocrx_word' id='word_1_419' title='bbox 1222 2686 1387 2738; x_wconf 77' lang='grc' dir='ltr'><em>γίνεσθαι</em></span> <span class='ocrx_word' id='word_1_420' title='bbox 1405 2696 1448 2717; x_wconf 88' lang='lat' dir='ltr'><em>m.</em></span> <span class='ocrx_word' id='word_1_421' title='bbox 1481 2702 1525 2708; x_wconf 84' lang='lat'><em>-—</em></span> <span class='ocrx_word' id='word_1_422' title='bbox 1561 2684 1599 2717; x_wconf 87' lang='lat'><em>15</em></span> <span class='ocrx_word' id='word_1_423' title='bbox 1619 2681 1765 2725; x_wconf 78' lang='grc' dir='ltr'><em>οἶξιοῦν-</em></span> 
     </span>
     <span class='ocr_line' id='line_1_41' title="bbox 353 2725 1687 2775; baseline 0.002 -17"><span class='ocrx_word' id='word_1_424' title='bbox 353 2738 414 2759; x_wconf 88' lang='grc' dir='ltr'><em>ται</em></span> <span class='ocrx_word' id='word_1_425' title='bbox 427 2729 467 2766; x_wconf 80' lang='lat' dir='ltr'><em>A,</em></span> <span class='ocrx_word' id='word_1_426' title='bbox 491 2725 678 2770; x_wconf 68' lang='grc' dir='ltr'><em>ἀξιοῦντες</em></span> <span class='ocrx_word' id='word_1_427' title='bbox 699 2729 761 2772; x_wconf 82' lang='lat' dir='ltr'><em>Bd,</em></span> <span class='ocrx_word' id='word_1_428' title='bbox 787 2742 827 2772; x_wconf 87' lang='lat' dir='ltr'><em>pr</em></span> <span class='ocrx_word' id='word_1_429' title='bbox 844 2740 894 2762; x_wconf 86' lang='lat' dir='ltr'><em>cu.</em></span> <span class='ocrx_word' id='word_1_430' title='bbox 920 2747 958 2755; x_wconf 93' lang='lat'>—</span> <span class='ocrx_word' id='word_1_431' title='bbox 990 2731 1031 2763; x_wconf 83' lang='lat'><em>16</em></span> <span class='ocrx_word' id='word_1_432' title='bbox 1050 2729 1117 2775; x_wconf 77' lang='grc' dir='ltr'><em>γὰρ</em></span> <span class='ocrx_word' id='word_1_433' title='bbox 1131 2730 1199 2764; x_wconf 80' lang='grc' dir='ltr'><em>τοῦ</em></span> <span class='ocrx_word' id='word_1_434' title='bbox 1215 2727 1264 2774; x_wconf 82' lang='grc' dir='ltr'><em>μὴ</em></span> <span class='ocrx_word' id='word_1_435' title='bbox 1283 2731 1323 2762; x_wconf 85' lang='lat' dir='ltr'><em>G.</em></span> <span class='ocrx_word' id='word_1_436' title='bbox 1348 2748 1391 2754; x_wconf 90' lang='lat'><em>—-</em></span> <span class='ocrx_word' id='word_1_437' title='bbox 1419 2730 1459 2762; x_wconf 81' lang='lat'><em>17</em></span> <span class='ocrx_word' id='word_1_438' title='bbox 1475 2726 1628 2772; x_wconf 82' lang='grc' dir='ltr'><em>λέγωμεν</em></span> <span class='ocrx_word' id='word_1_439' title='bbox 1646 2730 1687 2761; x_wconf 90' lang='grc' dir='ltr'><em>Β.</em></span> 
     </span>
    </p>
   </div>
  </div>
 </body>
</html>
