1774 3126
210 246 289 285 518
717 243 970 287 Analytica
998 243 1166 286 priora.

268 343 372 383 unde
405 341 597 382 elicienda
625 345 688 379 est
715 339 908 392 αἴσθησις
934 340 995 378 vel
1021 339 1187 392 γνῶσις.
1240 341 1385 378 983124
1412 336 1500 377 ἀλλ’
1528 338 1623 377 οὔτε
1647 338 1695 378 τὸ

268 408 391 446 θεῖον
409 402 629 457 φθονερὸν
649 400 854 456 ἐνδέχεται
880 398 1021 444 εἶναι.
1077 404 1202 443 ,οὔτε
1228 403 1303 455 τῆς
1327 400 1524 452 τοιαύτης
1550 402 1695 452 (intell.

266 472 341 523 τῆς
374 467 491 514 θείας
518 465 766 519 ἐπιστήμης·
803 480 890 505 nam
922 468 973 505 de
1001 432 1163 505 scientia
1190 465 1336 518 agitur)
1363 466 1494 516 ἄλλην
1520 462 1597 517 χρὴ
1624 477 1696 503 νο-

266 533 399 584 μίζειν
433 527 698 580 τιμιωτέραν.
736 531 915 568 906b21
945 528 1010 568 δεῖ
1040 526 1121 581 γὰρ
1159 529 1260 581 μήτε
1300 525 1459 580 πολλὴν
1486 522 1592 567 εἶναι
1619 525 1698 579 τὴν

267 594 444 646 ἰκμάδα,
478 594 660 641 ἄπεπτος
697 593 778 645 γάρ
815 589 926 632 ἐστιν
962 590 991 645 ἦ
1026 591 1178 645 πολλή,
1212 591 1314 644 μήτε
1348 592 1528 642 ἀνικμον
1556 590 1696 643 (intell.

267 654 375 699 εἶναι
400 656 478 710 τὴν
503 658 607 710 γῆν,
643 657 749 708 quod
787 660 826 695 et
859 669 1000 695 sensus
1037 657 1210 707 postulat
1246 660 1287 694 et
1325 656 1450 707 repeti
1479 655 1624 707 poterit
1649 665 1699 692 ex

267 721 610 761 antecedentibus:
652 720 971 759 commemoravit
1010 720 1112 757 enim
1150 718 1328 769 Syriam,
1357 719 1536 758 Arabiam
1566 722 1607 755 et
1632 715 1699 754 Li-

269 783 420 836 byam),
453 781 506 823 οὐ
528 773 608 834 ᾥὰρ
637 780 794 835 γίνεται
821 780 952 833 ἀτμίς.
982 783 1064 819 oca
1080 783 1128 818 1³
1156 780 1191 819 εἰ
1217 779 1366 832 μείζων
1395 778 1506 820 ἐστὶν
1531 778 1560 832 ἦ
1584 775 1701 826 ἐντὸς
1726 828 1728 831 7

270 849 345 901 τῆς
366 844 495 896 ἐκτός,
514 846 617 898 quod
639 846 690 884 de
710 845 862 896 angulis
884 842 1094 894 (γωνίαις)
1117 844 1409 892 intelligendum
1432 849 1504 882 est.
1532 844 1604 881 671
1620 841 1702 879 2124

269 910 299 964 ἦ
326 908 403 962 μὲν
428 907 656 956 θαλαττία,
701 908 824 946 intell.
854 906 1026 958 χελώνη,
1055 906 1158 957 quod
1187 907 1352 944 habetur
1378 918 1434 943 vs.
1467 907 1525 945 15.
1555 906 1630 943 861
1643 905 1702 942 b4

272 974 510 1023 τεταρταῖοι
542 970 704 1023 χρόνιοι
741 969 880 1020 (intell.
907 968 1099 1021 πυρετοὶ)
1127 966 1328 1020 γίνονται.
1370 969 1560 1007 1218340
1585 967 1703 1008 πότε-

277 1050 356 1088 ρον
382 1034 460 1087 μὲν
487 1029 567 1075 οὖν
594 1030 740 1084 ἑτέραν
766 1030 793 1084 ἢ
824 1029 903 1084 τὴν
931 1030 1065 1084 αὐτὴν
1090 1028 1237 1071 θετέον
1263 1032 1362 1071 καθ’
1387 1030 1441 1084 ἣν
1467 1029 1574 1084 ἀνὴρ
1602 1030 1706 1082 ἀγα-

276 1099 357 1147 θός
383 1097 470 1139 ἐστι
497 1095 567 1138 καὶ
592 1097 764 1148 πολίτης
800 1095 1049 1143 σπουδαῖοςε
1079 1100 1286 1134 contextus
1314 1095 1497 1133 orationis
1526 1096 1641 1133 docet
1666 1095 1706 1134 in

275 1168 409 1202 mente
437 1161 657 1200 habendam
686 1172 775 1198 esse
803 1158 967 1212 ἀρετήν.
1000 1160 1167 1198 129288
1201 1154 1247 1196 ἓν
1273 1155 1349 1209 μὲν
1375 1156 1456 1208 γὰρ
1483 1159 1573 1204 ταῖς
1600 1155 1707 1197 κατὰ

275 1225 413 1277 νόμον
450 1220 892 1276 δημοκρατουμέναις,
921 1224 1044 1262 intell.
1071 1221 1252 1261 πόλεσιν.
1283 1223 1474 1260 12951131
1505 1222 1599 1260 οὔτε
1626 1218 1707 1272 γὰρ

276 1288 400 1329 αὐτοὶ
437 1288 523 1327 τῶν
559 1285 791 1337 ἀλλοτρίων
830 1283 968 1336 ὥσπερ
1004 1285 1047 1325 οἱ
1081 1283 1251 1336 πένητες
1288 1281 1573 1334 ἐπιθυμοῦσιν
1610 1285 1707 1324 οὔτε

277 1353 352 1406 τῆς
377 1350 544 1391 τούτων
571 1351 712 1400 (intell.
742 1348 906 1398 οὐσίας)
934 1345 1080 1398 ἕτεροι.

225 1417 351 1454 65b3
380 1415 620 1467 Scripsimus
648 1411 671 1452 ὃ
699 1411 937 1465 ἀντίφησιν,
957 1412 1055 1450 Bkk.
1083 1408 1163 1462 τὴν
1188 1408 1424 1460 ἀντίφασιν.
1453 1409 1712 1449 Consentiunt

280 1479 437 1517 codices
466 1479 504 1515 in
543 1489 640 1515 voce
668 1474 717 1524 ὅ,
747 1489 822 1515 non
850 1476 1040 1514 differunt
1066 1475 1140 1513 nisi
1167 1475 1206 1512 in
1233 1474 1311 1512 fine
1337 1473 1444 1511 verbi
1472 1471 1710 1523 ἀντίφησιν,

196 1563 204 1575 v
280 1542 386 1580 unde
403 1553 405 1555 ’
425 1541 635 1579 lectionem
671 1537 750 1590 τὴν
777 1537 1002 1588 ἀντίφασιν
1030 1543 1138 1575 certo
1171 1537 1308 1574 falsam
1339 1549 1428 1574 esse
1456 1537 1640 1585 colligere
1667 1536 1710 1573 li-

278 1609 356 1642 cet,
395 1603 542 1641 Sensut
570 1603 675 1640 idem
705 1606 790 1640 est:
819 1602 915 1638 dicit
941 1602 1066 1637 enim:
1095 1600 1260 1637 inrecta
1283 1599 1621 1651 demonstratione
1635 1611 1712 1636 non

280 1666 436 1717 ponitur
464 1666 567 1715 quod
597 1669 791 1715 repugnat
827 1661 1090 1706 conclusioni,
1131 1659 1234 1710 quod
1261 1660 1308 1698 fit
1333 1660 1372 1698 in
1399 1659 1634 1697 deductione
1662 1660 1710 1697 ad

280 1729 508 1768 absurdum.
574 1727 760 1766 Nostram
797 1724 1007 1763 lectionem
1045 1724 1163 1762 etiam
1203 1727 1279 1760 vet.
1317 1722 1412 1771 intp.
1447 1720 1515 1760 lat.
1545 1727 1585 1760 et
1611 1722 1712 1760 Boe-

282 1792 389 1830 thius
433 1790 679 1828 confirmant.
746 1787 923 1826 Eandem
962 1787 1202 1836 Philoponus
1240 1785 1394 1822 videtur
1430 1785 1638 1831 habuisse,
1675 1797 1712 1822 v.

286 1854 411 1895 schol.
440 1854 614 1891 1921229
642 1856 781 1902 (quare
808 1849 1229 1888 idemu-estituendum
1264 1847 1418 1885 videtur
1444 1847 1483 1885 in
1511 1847 1634 1886 schol.
1662 1847 1714 1886 ib.

283 1929 342 1955 vs.
370 1918 445 1963 2⁸1;
471 1927 530 1954 vs.
557 1917 609 1953 25
636 1919 768 1952 autem
796 1914 892 1952 οὔτε
917 1924 989 1964 pro
1017 1912 1072 1951 ἄν
1097 1923 1141 1950 τε
1169 1910 1374 1961 legendum
1403 1922 1492 1948 esse
1518 1910 1714 1960 apparet).

229 1981 353 2019 65114
382 1978 423 2016 Si
461 1978 554 2028 quid
590 1977 741 2015 tollitur
777 1981 886 2014 recta
922 1974 1255 2013 demonstratione
1295 1972 1447 2018 (differt
1474 1973 1576 2010 enim
1603 1971 1632 2024 ἦ
1658 1971 1716 2019 εἰς

283 2041 332 2082 τὸ
360 2040 575 2081 ἀδύνατον
601 2036 807 2090 ἀπαγωγὴ
838 2039 888 2076 ab
923 2038 972 2075 iis
999 2049 1101 2087 quae
1126 2036 1312 2073 dicuntur
1338 2033 1619 2085 περαινόμενα
1646 2033 1716 2076 διὰ

283 2107 363 2146 τοῦ
389 2102 629 2151 ἀδυνάτου,
667 2103 771 2152 quod
810 2101 1030 2152 expositum
1060 2102 1123 2137 est
1151 2100 1234 2135 5021
1247 2099 1297 2134 32
1324 2102 1455 2147 sqq.),
1485 2098 1611 2136 locum
1639 2111 1715 2137 non

287 2169 409 2208 habet
442 2166 490 2207 τὸ
531 2165 584 2205 οὐ
612 2162 729 2217 παρὰ
764 2166 906 2213 τοῦτο,
941 2164 1087 2214 quippe
1114 2173 1191 2212 quo
1219 2173 1293 2198 non
1320 2165 1475 2199 utamur
1503 2161 1575 2198 uisi
1602 2161 1641 2199 in
1669 2161 1716 2199 iis

288 2244 389 2282 quae
425 2231 653 2280 colligantur
687 2229 806 2266 etiam
844 2227 997 2270 sublata
1029 2226 1150 2264 hacce
1178 2222 1354 2268 (τούτου
1381 2237 1437 2261 vs.
1466 2226 1510 2271 7)
1538 2223 1714 2275 proposi·
1762 2261 1764 2264 ,

287 2297 408 2343 tione,
436 2306 535 2345 quae
562 2292 611 2331 ad
647 2291 1020 2330 demonstrationem
1050 2288 1329 2326 conficiendam
1358 2288 1579 2325 necessaria
1605 2286 1719 2324 vide-

291 2359 421 2397 batur.
478 2356 592 2406 Quod
623 2354 709 2392 fieri
738 2366 815 2393 non
842 2356 986 2404 potest,
1014 2364 1132 2402 quum
1160 2356 1267 2390 recta
1296 2350 1602 2388 demonstratur:
1631 2361 1719 2386 nam

289 2422 323 2460 si
351 2418 636 2460 demonstratio
663 2422 771 2455 recta
799 2415 996 2468 procedit,
1036 2415 1190 2454 sublata
1227 2426 1302 2453 una
1339 2412 1605 2464 propositione
1641 2422 1720 2449 non

289 2484 442 2536 cogitur
468 2481 570 2533 quod
600 2481 789 2518 io.lumus

238 2549 324 2587 651)
342 2548 388 2584 ll
417 2544 445 2597 ἦ
474 2543 515 2593 ἐξ
541 2542 669 2595 ἀρχῆς
697 2540 919 2590 ὑπόθεσις,
961 2553 1047 2579 eam
1083 2540 1390 2593 propositionem
1428 2536 1634 2588 intelligit,
1671 2536 1722 2574 de

291 2622 366 2660 qua
395 2609 539 2648 dicitur
565 2606 613 2647 τὸ
640 2605 696 2658 μὴ
724 2603 838 2656 παρὰ
864 2606 1044 2644 τοῦτο.

238 2674 387 2711 65b14
414 2670 519 2712 ὅταν
547 2670 631 2711 ἀπὸ
657 2672 767 2722 τῆς.
823 2681 986 2719 .quum
1013 2667 1265 2718 syllogismus
1293 2665 1358 2716 qui
1386 2663 1492 2712 cogit
1519 2662 1622 2713 quod
1650 2661 1721 2700 ab-

292 2736 454 2775 surdum
483 2740 547 2774 est
574 2747 651 2774 non
677 2735 732 2773 ita
760 2696 945 2771 coh-aeret
978 2743 1067 2770 cum
1095 2728 1327 2780 hypothesi,
1369 2731 1414 2766 ut
1454 2739 1503 2765 ex
1539 2725 1588 2764 iis
1625 2736 1723 2774 quae
