1832 3112
609 202 859 249 Annlytioa
881 203 1054 248 priora.
1516 206 1598 246 519

137 299 269 340 media
297 301 430 352 posita
458 301 538 341 sint
565 303 752 344 continuo
780 316 853 358 nos
879 304 1002 344 ducat
1028 302 1078 344 ad
1106 303 1337 354 absurdum,
1366 304 1472 355 quod
1501 317 1595 345 con-

136 369 326 415 sequatur
354 378 405 404 cx
432 364 665 418 hypothesi.

82 428 171 468 651)
184 430 236 467 16
262 428 531 481 Reposuimus
566 426 614 470 ἐν
640 432 731 478 τοῖς
766 431 990 483 Τοπικοῖς,
1027 432 1081 472 de
1117 445 1196 483 quo
1233 444 1268 473 v,
1297 443 1400 482 quae
1427 431 1596 470 diximus

136 492 187 531 ud
213 494 375 533 64831.
433 494 563 534 Locus
583 496 651 534 'ad
690 509 807 548 quem
848 498 1013 549 respicit
1040 501 1105 536 est
1139 498 1210 535 16¹1
1225 496 1310 536 {121
1339 508 1453 547 sqq„
1491 496 1596 534 uude

135 556 207 596 lul.
236 557 380 598 Pacius
407 564 522 598 recte
547 559 699 611 colligit
723 560 916 600 elenchos
945 562 1191 613 sophisticos
1221 560 1423 611 pertinere
1449 559 1499 599 ad
1513 558 1595 598 To-

135 634 236 673 pica.

80 686 169 724 651»
183 687 232 723 18
260 685 505 737 Argumenta
533 685 710 724 Zenonis
740 694 1031 738 pei-censentur
1058 689 1240 727 239b10
1268 701 1355 740 sqq.

79 750 234 790 65b2o
261 746 434 801 συνεχές
461 746 560 798 ἐστι,
589 763 626 791 v.
655 763 757 802 quae
784 751 959 791 diximus
990 752 1039 791 ad
1068 752 1205 791 41120.

81 814 235 853 651124
264 814 304 853 lu
333 815 458 866 priori
486 815 671 866 exemplo
699 816 748 853 ab
777 828 827 855 eo
854 817 961 867 quod
981 816 1150 855 maxime
1173 815 1395 854 universale
1416 819 1480 854 est
1502 828 1595 868 pro-

120 877 314 927 ·greditur
349 879 398 918 ad
438 892 486 917 ea
522 892 628 930 quae
667 879 798 918 miuus
827 880 907 919 late
933 884 1095 932 patent,
1136 880 1186 919 ab
1213 880 1256 918 A
1282 878 1331 918 ad
1360 880 1404 918 A
1431 874 1521 925 (ἐπὶ
1546 877 1595 919 τὸ

134 939 287 990 κάτω),
315 943 357 981 in
385 942 515 983 altero
543 948 622 990 (vs.
643 944 717 988 28)
745 957 823 984 uon
851 946 900 984 ab
929 945 972 984 A
998 957 1070 995 per
1099 943 1136 983 Β
1162 944 1345 995 procedit
1372 945 1422 983 ad
1435 945 1492 992 A,
1521 944 1614 990 sed·

135 1019 156 1043 a
189 1007 238 1054 Ζ,
266 1006 372 1057 quod
401 1020 599 1047 summum
624 1010 706 1053 est,
734 1008 783 1047 ad
813 1009 854 1048 A
882 1013 922 1048 et
949 1021 1022 1060 per
1048 1008 1091 1048 A
1116 1008 1166 1048 nd
1183 1008 1233 1048 Β.
1277 1008 1357 1048 lam
1387 1008 1472 1049 sive
1501 1020 1594 1059 pro-

125 1071 253 1111 'batur
292 1071 610 1123 propositionem
641 1072 723 1111 BA
759 1072 901 1112 falsam
939 1085 1056 1119 esse,
1092 1085 1196 1123 quae
1232 1072 1434 1123 colligitur
1467 1084 1518 1110 ex
1546 1084 1595 1110 eo

135 1135 241 1185 quod
281 1135 509 1184 contiguum
549 1133 761 1187 (συνεχὲς)
801 1142 865 1176 est
892 1136 953 1191 τῷ
980 1137 1022 1175 A
1050 1132 1117 1176 ἐπὶ
1136 1135 1193 1178 Χτὸ
1223 1135 1364 1185 κάτω,
1401 1137 1487 1175 sive
1518 1136 1596 1174 ZA

134 1198 278 1238 salsam
306 1211 411 1246 esse,
441 1212 542 1249 quae
570 1213 620 1239 ex
649 1214 698 1240 eo
719 1201 969 1240 concluditur
997 1203 1103 1251 quod
1127 1201 1358 1252 contiguum
1386 1203 1450 1240 est
1469 1203 1529 1252 τῷ
1554 1201 1597 1239 A

135 1259 204 1302 ἐπὶ
231 1258 280 1303 τὸ
307 1263 414 1310 ἄνω,
435 1262 513 1303 boc
541 1276 619 1303 uon
639 1265 816 1316 pertinet
836 1266 886 1303 ad
907 1266 1222 1316 propositionem
1243 1266 1323 1305 ΑΒ
1347 1263 1596 1316 (συμβαίνει

135 1326 183 1368 τὸ
198 1325 360 1375 ψεῦδος
376 1325 430 1367 οὐ
447 1325 565 1378 παρὰ
582 1330 758 1375 rodim:
786 1341 877 1368 nam
895 1329 977 1368 BA
1005 1333 1047 1368 et
1060 1330 1139 1369 ZA
1160 1330 1290 1369 falsae
1309 1335 1482 1378 manent,
1511 1329 1596 1368 sive

135 1393 353 1432 assumitur
380 1392 461 1431 AB
499 1392 585 1431 sive
621 1405 699 1432 non
737 1394 966 1432 assumitur.
1022 1393 1103 1432 Sed
1133 1397 1213 1440 (vs.
1233 1397 1304 1440 32)
1335 1398 1379 1432 ut
1405 1406 1499 1432 vera
1527 1393 1596 1431 fiat

135 1456 326 1496 deductio
353 1457 403 1495 ad
431 1456 674 1505 absurdum,
701 1457 1000 1508 procedendum
1030 1458 1109 1495 erit
1136 1458 1174 1497 in
1203 1457 1442 1496 deductione
1469 1469 1596 1506 usque

135 1521 185 1560 ad
215 1533 286 1560 eos
314 1521 507 1559 terminos
537 1521 662 1569 (AB,
689 1513 791 1567 τοὺς
820 1517 862 1568 ἐξ
888 1518 1063 1573 ἀρχῆς),
1095 1535 1143 1560 ex
1172 1523 1315 1573 quibus
1344 1522 1468 1571 prima
1496 1533 1593 1571 pro-

136 1583 282 1636 positio
310 1581 558 1634 (ύπόθεσις)
587 1588 765 1624 constat:
794 1596 882 1623 nam
911 1585 952 1622 in
981 1586 1105 1636 priori
1131 1585 1317 1636 exemplo
1345 1584 1539 1623 terminus
1561 1585 1597 1622 A

137 1645 184 1695 (ὁ
204 1647 598 1699 κατηγορούμενος)
620 1659 696 1686 non
715 1651 830 1685 extra
856 1648 1138 1687 deductionem
1167 1648 1374 1699 ponendus
1403 1649 1495 1694 erit,
1524 1648 1596 1686 sed

138 1712 418 1763 suscipiendus
447 1712 486 1750 in
516 1724 605 1750 eam
634 1712 714 1757 (ve.
737 1711 788 1748 35
816 1709 924 1762 πρὸς
948 1709 1025 1750 τὸν
1047 1711 1443 1763 κατηγορούμενον,
1471 1712 1595 1751 intell.

138 1774 371 1815 συνάπτειν
398 1774 466 1815 δεῖ
489 1771 538 1814 τὸ
566 1772 827 1820 emimentem:
855 1774 889 1812 si
919 1775 1025 1813 enim
1054 1788 1150 1814 vcra
1178 1775 1366 1814 deductio
1389 1777 1430 1814 iu
1449 1788 1498 1814 eo
1521 1778 1596 1822 est,

136 1847 181 1880 ut
208 1840 526 1893 propositionem
555 1851 632 1889 qua
660 1837 856 1876 terminus
885 1839 926 1876 A
953 1838 1206 1890 praedicetur
1234 1840 1285 1878 de
1314 1841 1356 1878 A
1385 1839 1597 1877 absurdam

136 1918 229 1945 csse
253 1905 514 1952 demonstret,
545 1901 639 1941 nihil
659 1901 822 1941 absurdi
851 1907 1032 1940 coactum
1053 1902 1143 1951 erit,
1165 1915 1285 1953 quum
1309 1903 1597 1954 praetermisso
1624 1897 1629 1900 χ

136 1969 308 2008 termino
337 1970 377 2007 A
406 1965 722 2020 propositionem
755 1965 837 2004 BA
865 1965 1009 2004 falsam
1038 1979 1129 2005 esse
1158 1966 1381 2020 colligimus
1409 1968 1488 2014 (vs.
1511 1967 1597 2012 36).

139 2034 235 2073 ltem
273 2033 313 2072 in
341 2033 469 2071 altero
497 2029 683 2080 exemplo
713 2032 792 2075 (vs.
817 2031 890 2076 37)
920 2029 1205 2070 demonstratio
1235 2031 1490 2083 producenda
1518 2030 1597 2069 erit

138 2110 265 2147 usque
304 2096 352 2134 ad
390 2095 604 2134 terminum
636 2093 696 2132 B:
735 2106 824 2132 nam
854 2094 1064 2143 deductio,
1103 2107 1224 2144 quum
1252 2095 1425 2146 probare
1454 2094 1597 2133 debeat

138 2173 211 2212 per
239 2159 454 2199 absurdum
487 2159 522 2197 Z
549 2159 600 2196 dc
623 2158 659 2198 Β
688 2158 911 2208 praedicari
941 2170 1018 2196 nou
1047 2171 1189 2208 posse,
1230 2158 1263 2196 si
1292 2158 1496 2204 consistit,
1527 2170 1595 2195 an-

138 2231 299 2276 tequam
327 2223 508 2274 pervenit
547 2222 596 2261 ad
637 2221 851 2261 terminum
882 2221 940 2271 Β,
982 2220 1080 2259 nihil
1119 2221 1280 2261 absurdi
1309 2221 1461 2271 colligit
1489 2222 1594 2271 quod

141 2288 340 2341 pertineat
371 2286 420 2324 ad
450 2287 662 2325 terminum
694 2285 745 2324 B.

86 2354 207 2392 66³1
235 2351 385 2390 Locum
424 2351 596 2389 habebat
631 2348 679 2388 τὸ
710 2347 763 2388 οὐ
790 2347 907 2400 παρὰ
933 2350 1064 2388 τοῦτο
1099 2348 1137 2387 in
1167 2349 1518 2397 antecedentibus,
1560 2349 1595 2386 si

140 2416 392 2468 syllogismus
421 2427 498 2452 non
526 2413 824 2464 producebatur
851 2413 900 2452 ad
925 2413 1114 2452 terminos
1135 2413 1215 2452 AB
1242 2434 1296 2441 —
1321 2406 1424 2460 τοὺς
1452 2409 1494 2461 ἐξ
1520 2411 1590 2464 ἄρ-

139 2482 229 2534 χῆς.
274 2478 379 2529 Quid
407 2470 533 2517 vero?
559 2476 636 2527 (sic
663 2478 796 2531 pergit
822 2490 881 2516 vs.
900 2476 943 2527 2)
973 2476 1269 2516 admittendane
1287 2478 1365 2517 erit
1382 2476 1595 2528 aliquando

140 2544 325 2596 exceptio
366 2556 467 2594 quae
505 2542 653 2581 dicitur
682 2541 735 2582 οὐ
762 2540 880 2592 παρὰ
907 2543 1058 2590 τοῦτο,
1097 2541 1216 2579 etiam
1247 2542 1282 2580 si
1310 2541 1594 2581 demonstratio

142 2608 381 2662 producitur
409 2619 536 2658 usque
564 2606 613 2644 ad
642 2607 857 2648 terminum
877 2607 918 2646 A
947 2605 1055 2655 (nam
1086 2601 1223 2652 οὕτως
1251 2618 1309 2645 vs.
1329 2609 1354 2644 3
1382 2611 1446 2645 est
1473 2601 1596 2646 εἶκαὶ

143 2669 251 2725 πρὸς
277 2665 381 2718 τοὺς
410 2667 451 2720 ἐξ
477 2669 607 2724 ἀρχῆς
635 2668 768 2722 ὅρους
795 2670 859 2722 εἴη
886 2669 934 2710 τὸ
963 2667 1224 2720 ἀδύνατον),
1252 2683 1288 2708 e.
1317 2684 1353 2709 c.
1383 2671 1417 2709 si
1448 2683 1594 2722 propo-

142 2738 325 2777 sitionem
354 2737 440 2776 AA
468 2736 608 2774 salsam
639 2749 730 2775 esse
756 2736 955 2788 colligitur
981 2747 1057 2773 nou
1085 2733 1272 2773 adhibitis
1301 2734 1482 2774 terminis
1507 2734 1595 2780 ΒΓ,

146 2802 218 2841 sed
248 2802 327 2841 alio
355 2801 485 2840 medio
514 2801 776 2853 interposito,
812 2800 921 2839 velut
958 2798 993 2839 si
1023 2799 1107 2838 AA
1143 2799 1297 2850 cogitur
1333 2812 1404 2851 per
1443 2799 1598 2838 medios
