1826 3112
343 224 421 263 148
847 221 1239 256 ΑΝΑΛΤΤῙΚΩΝ

344 319 579 385 τηγορικὴν
589 318 883 380 ἀντιστρέφειν
891 319 968 379 μὲν
977 318 1227 379 ἀναγκαῖον,
1237 315 1296 365 οὐ
1305 315 1390 380 μὴν
1398 315 1601 363 καθόλου
1613 314 1703 362 ἀλλ’
1715 315 1760 362 ἐν

346 389 479 449 μέρει,
497 385 590 433 οἷον
611 387 649 432 εἰ
666 389 785 431 πᾶσα
805 383 942 448 ἡδονέ
968 383 1157 446 ἀγαθόν,
1183 385 1255 430 καὶ
1280 382 1448 445 ἀγαθόν
1465 400 1506 429 τι
1525 378 1631 428 εἶναι
1653 380 1762 443 ἡδο-

300 474 334 501 10
347 454 429 518 νήν
439 471 449 481 ·
471 457 559 499 τῶν
568 453 614 498 δὲ
626 452 670 498 ἐν
678 452 794 511 μέρει
802 449 884 514 τὴν
893 452 970 511 μὲν
982 448 1281 512 καταφατικὴν
1292 449 1587 508 ἀναστρέφειν
1599 446 1766 507 ἀνάγκη

348 518 457 566 και-ἀ
482 519 633 577 μέρος·
667 518 703 562 εἰ
731 516 813 578 γὰρ
841 515 980 579 ἡδονή
1012 535 1076 575 τις
1099 515 1285 577 ἀγαθόν,
1307 517 1380 561 καὶ
1400 514 1572 575 ἀγαθόν
1589 531 1629 559 τι
1651 514 1768 558 ἔσται

346 584 499 648 ἡδονή,
512 582 591 646 τὴν
603 584 649 629 δὲ
660 582 910 646 στερητικὴν
924 582 1008 629 οὐκ
1022 582 1257 643 ἀναγκαῖον
1271 598 1280 608 ·
1311 579 1370 627 οὐ
1381 579 1462 642 γὰρ
1487 582 1524 626 εἰ
1536 578 1768 637 ἄνθρωπος

349 650 409 713 μὴ
438 649 626 709 ὑπάρχει
653 651 734 695 τινὶ
761 649 870 714 ζῴῳ,
898 651 970 695 καὶ
992 652 1104 712 ζῷον
1121 647 1204 708 οὐχ
1223 646 1406 706 ὑπάρχει
1425 647 1507 691 τινὶ
1526 643 1764 707 ἀνθρώπῳ.

483 716 759 776 Πρῶτονμὲν
768 708 851 761 οὖν
862 716 966 761 ἔστω
987 712 1210 776 στερητική
1232 712 1434 759 καθόλου
1455 710 1484 773 ἡ
1507 714 1581 756 ΑΒ
1600 709 1767 769 πρότα-

302 798 336 825 15
354 792 436 838 σις.
479 781 517 827 εἰ
546 774 631 827 οὖν
652 783 804 843 μηδενὶ
822 785 909 826 τῶν
929 785 967 826 Β
985 778 1035 825 τὸ
1056 785 1092 825 Α
1110 778 1306 838 ὑπάρχει,
1326 777 1430 824 οὐδὲ
1453 781 1541 822 τοῖν
1563 780 1598 821 Α
1622 774 1770 821 οὐδενὶ

351 845 534 906 ὑπάρξει
542 845 594 892 τό
606 850 655 892 Β.
677 848 714 892 εἰ
725 847 807 907 γάρ
818 864 914 900 τινι,
925 844 1018 891 οἷον
1026 849 1086 909 τῷ
1098 849 1149 899 Γ,
1160 843 1244 889 οὐκ
1256 843 1419 905 ἀληθὲς
1429 843 1543 888 ἔσται
1554 838 1604 885 τὸ
1618 840 1770 902 μηδενὶ

352 917 438 959 τῶν
457 916 494 957 Β
512 910 561 957 τὸ
586 916 622 957 A
639 910 869 971 ὑπάρχειν·
890 910 942 957 τὸ
962 908 1044 970 γὰρ
1070 913 1114 955 Γ
1125 913 1210 955 τῶν
1223 910 1313 955 Βτί
1323 910 1446 954 ἐστιν.
1474 909 1511 953 εἰ
1523 907 1569 952 δὲ
1581 907 1707 951 παντὶ
1720 902 1771 950 τὸ

353 982 390 1023 Α
419 981 479 1042 τῷ
511 981 571 1030 Β,
603 979 676 1022 καὶ
701 975 752 1022 τό
785 980 822 1022 Β
840 978 922 1022 τινὶ
950 979 1010 1040 τῷ
1029 979 1066 1021 Α
1084 973 1282 1034 ὑπάρχει.
1326 975 1363 1020 εἰ
1382 971 1463 1035 γὰρ
1481 973 1644 1034 μηδενί,
1665 968 1772 1017 οὐδὲ

353 1040 405 1089 τὰ
428 1047 464 1088 Α
494 1041 641 1088 οὐδενὶ
668 1046 729 1107 τῷ
758 1046 795 1088 Β
822 1040 1026 1102 ὑπάρξει·
1063 1039 1157 1087 ἀλλ’
1179 1038 1377 1086 ὑπέκειτο
1400 1040 1527 1085 παντὶ
1547 1036 1770 1096 ὑπάρχειν.

305 1129 340 1156 20
357 1107 518 1169 ὁμοίως
548 1109 594 1153 δὲ
624 1109 697 1153 καὶ
727 1110 764 1154 εἰ
791 1106 900 1153 κατὰ
928 1108 1057 1167 μέρος
1085 1107 1198 1152 ἐστὶν
1223 1103 1262 1168 ἡ
1281 1105 1501 1166 πρότασις.
1545 1105 1581 1149 εἰ
1603 1101 1684 1164 γὰρ
1718 1099 1770 1147 τὸ

355 1179 394 1220 Α
427 1176 511 1220 τινὶ
547 1177 636 1219 τῶν
669 1177 729 1229 Β,
773 1175 847 1219 καὶ
887 1171 937 1218 τὸ
980 1176 1017 1218 Β
1046 1173 1127 1218 τινὶ
1159 1175 1248 1218 τῶν
1278 1175 1314 1217 A
1347 1170 1515 1232 ἀνάγκη
1544 1167 1770 1228 ὑπάρχειν.

356 1242 394 1286 εἰ
422 1237 503 1301 γὰρ
535 1240 698 1301 μηδενί,
729 1237 835 1285 οὐδὲ
860 1236 910 1284 τὸ
942 1242 979 1283 A
995 1236 1142 1284 οὐδενὶ
1170 1241 1259 1283 τοῖν
1278 1241 1327 1283 Β.
1372 1238 1408 1283 εἰ
1427 1237 1473 1282 δέ
1490 1254 1535 1296 γε
1554 1233 1667 1280 τὰΑ
1690 1233 1774 1279 τινὶ

355 1309 445 1352 τῶν
472 1309 509 1350 Β
538 1303 598 1367 μὴ
626 1303 835 1364 ὑπάρχει,
877 1302 962 1350 οὐκ
994 1302 1160 1365 ἀνάγκη
1187 1304 1260 1348 καὶ
1287 1300 1337 1348 τὸ
1372 1305 1410 1348 Β
1439 1304 1521 1347 τινὶ
1551 1303 1611 1365 τῷ
1638 1303 1675 1345 Α
1710 1296 1770 1360 μὴ

355 1370 592 1430 ὑπάρχειν,
619 1367 714 1416 οἷον
742 1367 846 1416 εἰτὸ
878 1370 957 1427 μὲν
987 1373 1024 1414 Β
1045 1370 1131 1415 ἐστὶ
1151 1371 1285 1434 ζῷον,
1315 1365 1366 1414 τὸ
1389 1369 1435 1414 δὲ
1458 1371 1496 1412 Α
1515 1364 1772 1425 ἄνθρωπος·

307 1458 341 1484 25
358 1436 596 1496 ἄνθρωπος
622 1437 701 1496 μὲν
723 1434 805 1497 γὰρ
835 1434 896 1482 ου’
913 1436 1040 1481 παντὶ
1067 1434 1176 1500 ζῴῳ,
1205 1437 1317 1499 ζῷον
1336 1435 1382 1480 δὲ
1400 1433 1526 1479 παντὶ
1549 1430 1773 1495 ἀνθρώπῳ

358 1502 558 1563 ὑπάρχει.

311 1569 341 1613 3
497 1567 587 1614 Τὸν
611 1563 747 1613 αὐτὸν
768 1566 813 1611 δὲ
834 1563 997 1625 τρόπον
1015 1563 1093 1620 ἕξει
1113 1565 1187 1610 καὶ
1205 1564 1274 1610 ἐπὶ
1300 1567 1389 1610 τοῖν
1409 1561 1652 1623 ἀναγκαίων
1666 1564 1776 1621 προ->

357 1634 533 1681 τάσεων.
556 1632 585 1696 ἡ
604 1634 681 1693 μὲν
699 1630 784 1693 γάρ
807 1631 1012 1677 καθόλου
1029 1627 1254 1692 στερητική
1269 1629 1475 1675 καθόλου
1495 1627 1776 1686 ἀντιστρέφει,

358 1704 444 1746 τῶν
463 1702 508 1746 δὲ
530 1701 838 1758 καταφατικῶν
857 1697 1033 1755 ἑκατέρα
1054 1694 1161 1742 κατὰ
1181 1697 1321 1756 μέρος.
1353 1696 1390 1740 εἰ
1409 1696 1486 1753 μὲν
1505 1692 1587 1755 γάρ
1606 1691 1773 1753 ἀνάγκη

310 1764 409 1813 30τό
443 1771 481 1811 Α
510 1770 570 1830 τῷ
600 1768 638 1810 Β
663 1764 813 1826 μηδενὶ
841 1761 1064 1822 ὑπάρχειν,
1098 1760 1266 1823 ἀνάγκη
1292 1761 1364 1806 καὶ
1393 1758 1444 1806 τὸ
1476 1763 1512 1805 Β
1542 1763 1602 1823 τῷ
1632 1762 1668 1803 Α
1694 1774 1779 1819 μη-

361 1833 449 1879 δενὶ
485 1830 717 1891 ὑπάρχειν·
745 1831 782 1875 εἰ
808 1826 891 1888 γάρ
919 1830 1000 1874 τινὶ
1019 1828 1238 1887 ἐνδέχεται,
1256 1828 1329 1872 καὶ
1342 1824 1399 1872 ’τὸ
1422 1830 1459 1871 Α
1477 1829 1537 1889 τῷ
1558 1828 1594 1871 Β
1610 1825 1692 1869 τινὶ
1711 1823 1779 1869 ἔν-

359 1898 527 1958 δέχοιτο
558 1895 624 1942 ἄν.
657 1897 694 1942 εἰ
716 1896 761 1942 δὲ
786 1893 833 1949 ἐξ
848 1893 1038 1957 ἀνάγκης
1060 1892 1112 1940 τὸ
1133 1898 1171 1939 A
1193 1894 1318 1938 παντὶ
1339 1890 1372 1953 ἢ
1390 1893 1471 1937 τινὶ
1497 1895 1557 1956 τῷ
1578 1893 1615 1935 Β
1634 1887 1779 1948 ὑπάρ-

360 1982 436 2023 χει,
479 1964 552 2008 καὶ
585 1960 633 2007 τὸ
676 1965 714 2006 Β
755 1961 838 2006 τινὶ
881 1964 942 2024 τῷ
981 1964 1018 2005 Α
1058 1958 1225 2020 ἀνάγκη
1265 1956 1496 2017 ὑπάρχειν·
1540 1957 1577 2001 εἰ
1609 1953 1689 2016 γὰρ
1720 1951 1780 2015 μὴ

361 2028 541 2092 ἀνάγκη,
573 2025 671 2074 οὐδ’
693 2022 748 2072 ἂν
764 2023 815 2072 τὸ
833 2028 870 2071 Α
893 2026 976 2072 τινὶ
994 2029 1084 2071 τῶν
1104 2028 1142 2071 Β
1161 2023 1206 2080 ἐξ
1222 2021 1413 2086 ἀνάγκης
1430 2020 1633 2082 ὑπάρχοι.
1673 2018 1723 2066 τὸ
1742 2017 1780 2066 δ’

450 2227 470 2259 9
488 2223 544 2270 ἀγ.
564 2225 600 2259 τί
614 2223 709 2259 ἐστιν
717 2222 836 2269 (ἔσται
851 2225 885 2267 f,
898 2235 953 2257 om
970 2224 1021 2266 m)
1038 2222 1156 2279 ἡδονή
1166 2226 1257 2267 fmn.
1268 2241 1310 2249 —
1323 2224 1365 2257 10
1374 2218 1618 2266 πανηγυρικὴν
1629 2220 1726 2262 infm.
1737 2235 1781 2245 -

363 2273 403 2306 11
439 2270 536 2306 ἐστιν
561 2282 594 2303 η.
634 2288 679 2296 —
724 2271 765 2302 12
793 2266 839 2303 ου’
864 2266 934 2312 γάρ
966 2269 1020 2313 εἰ]
1051 2269 1086 2303 εἰ
1116 2282 1185 2315 γαρ
1219 2281 1261 2312 pr
1296 2269 1343 2308 C,
1385 2268 1456 2299 fort
1486 2278 1527 2309 pr
1551 2266 1591 2298 A.
1619 2283 1665 2290 —
1705 2263 1740 2298 εἰ
1760 2260 1780 2297 ὁ

362 2314 471 2361 ἅνθρ.
491 2327 559 2348 nm.
589 2332 634 2339 —-
671 2316 709 2347 13
729 2314 791 2347 καὶ
818 2309 858 2347 τὸ
877 2315 968 2358 ζῷον
984 2315 1080 2356 insm.
1104 2333 1150 2338 -
1182 2314 1223 2347 14
1250 2310 1273 2355 ἡ
1298 2312 1365 2345 τοῦ
1383 2312 1430 2354 αβ
1443 2312 1478 2353 s.
1501 2328 1544 2335 —
1579 2309 1618 2342 15
1640 2309 1731 2351 γοῦν
1747 2319 1782 2350 π,

360 2360 430 2406 γὰρ
451 2362 526 2403 {fm-
550 2379 592 2385 -—
616 2360 667 2404 τῷ
683 2360 706 2403 β
724 2359 803 2399 ιἠπι,
827 2370 868 2401 pr
888 2360 921 2392 C.
949 2378 990 2383 —
1026 2359 1141 2392 ταῖν..
1157 2358 1213 2402 .β]
1235 2357 1276 2390 τὸ
1294 2357 1317 2402 β
1336 2353 1460 2390 ον’δενὶ
1476 2352 1631 2398 ὑπάρξει
1648 2351 1783 2398 (ὑπάρ-

362 2418 417 2450 χει
432 2406 473 2449 π)
490 2405 541 2439 τῶ
559 2417 583 2437 α
605 2416 670 2437 nm.
694 2422 732 2428 —
762 2404 801 2436 16
822 2402 891 2448 γὰρ
917 2400 958 2436 τὸ
978 2404 1048 2437 τινὶ
1073 2404 1169 2435 Marc
1184 2403 1261 2435 231.
1285 2419 1344 2426 ——v
1365 2401 1405 2434 17
1431 2400 1480 2445 τῷ
1500 2410 1546 2438 m,
1570 2410 1650 2430 corr
1666 2399 1707 2430 B.
1737 2415 1783 2423 -

362 2451 438 2529 τθὸιὲ
454 2439 577 2527 Ξχέοεῐ
593 2446 821 2535 &argelem-31.
847 2465 890 2500 T·
925 2445 1032 2500 έστιν.
1064 2446 1153 2525 {Tm
1170 2440 1297 2498 otffvaetb
1320 2446 1342 2490 β
1359 2443 1431 2479 τινὶ
1452 2444 1537 2499 ττιόν,
1558 2456 1581 2528 τέ
1606 2441 1783 2496 ὑπάρχειν

401 2506 422 2528 a
523 2513 593 2526 .—
707 2504 788 2525 rw>
821 2504 894 2524 των
931 2504 942 2524 ι
979 2504 1057 2524 corr
1104 2511 1177 2526 .-
1225 2501 1536 2523 ωναη.-υπα
1583 2498 1783 2521 sunm.—

363 2538 425 2583 μή,
451 2537 537 2573 οὐδὲ
554 2549 587 2570 π.
616 2556 660 2564 -
682 2505 846 2583 ἷῷγτῶν
863 2494 996 2570 σοί-Ἀ.
1022 2555 1066 2561 -
1089 2536 1140 2581 τῷ
1156 2504 1284 2581 βῇῶν
1302 2531 1463 2577 βοῠδευι
1481 2534 1521 2575 is.
1540 2500 1590 2557 ⁹—
1613 2489 1719 2576 2s293
1730 2531 1782 2563 bis

363 2587 425 2626 ms.
451 2601 496 2608 --
518 2583 568 2629 τῷ
588 2595 612 2615 α
631 2582 655 2616 i.
682 2600 725 2607 —
764 2577 903 2623 ἀνάγκη
916 2578 1109 2625 ὑπάρχειν]
1129 2579 1283 2624 ὑπάρχει
1305 2580 1339 2612 G.
1366 2597 1411 2604 —
1434 2580 1477 2611 22
1491 2578 1543 2622 τῷ
1561 2577 1635 2618 imf.
1660 2595 1702 2601 —
1726 2574 1780 2618 εἰ]

364 2626 528 2672 ὑπάρξει.
554 2627 590 2662 εἰ
604 2628 678 2669 imf.
692 2643 735 2650 ——
758 2627 802 2659 23
819 2626 869 2672 τῷ
886 2638 931 2659 m.
949 2643 992 2652 —
1016 2625 1090 2659 τῶν
1110 2626 1176 2669 Gis,
1190 2637 1269 2658 corr
1285 2625 1327 2657 A.
1343 2642 1386 2648 —
1412 2623 1456 2656 30
1471 2623 1544 2655 τῶν
1561 2622 1699 2663 if,vcorr
1709 2620 1782 2653 AG.

364 2691 409 2698 —-
423 2671 558 2716 μηθενὶ
578 2672 629 2704 bis
650 2672 673 2704 i.
698 2689 743 2696 —-
766 2670 829 2705 καὶ
845 2683 900 2704 om
918 2670 1010 2704 ACd.
1032 2689 1078 2697 —
1101 2670 1188 2716 τῷα
1203 2667 1245 2704 τὸ
1264 2669 1287 2714 β
1305 2680 1349 2701 m.
1370 2685 1413 2693 -
1436 2666 1509 2700 τῶν
1527 2667 1568 2710 is,
1590 2677 1669 2698 corr
1685 2665 1783 2698 A.-

365 2718 410 2796 ἓὲ
422 2717 511 2806 ζέἴ]
523 2717 708 2797 {guban
724 2717 769 2751 A.
785 2710 1111 2806 ὖ-πάὲκῖῃᾶἔοΐῖῐηίί.
1141 2731 1187 2741 --
1222 2715 1265 2748 32
1283 2720 1318 2747 et
1333 2714 1376 2748 33
1393 2711 1466 2748 τῶν
1489 2711 1546 2753 ci,
1577 2721 1657 2744 corr
1677 2709 1718 2743 A.
1738 2727 1782 2735 —
