1826 3112
265 226 344 266 254
866 206 1178 274 categoriaes

319 324 345 362 l.
375 324 401 362 1.
430 337 469 376 p.
498 328 523 363 8
549 324 655 371 „Das
681 324 1020 375 Ungewiihnliche
1049 326 1177 365 dieses
1204 324 1400 379 λέγεσθαι
1427 327 1616 367 erkannte
1645 330 1746 368 auch

318 391 435 426 unter
468 388 544 426 den
571 386 754 425 Neueren
781 399 815 425 z.
843 388 887 428 B.
918 388 1085 440 Hegel'',
1122 391 1268 430 rectius
1297 391 1463 429 dixisset
1489 403 1628 430 novum
1657 400 1747 431 esse

319 461 433 488 usum
460 450 565 487 vocis
594 449 719 497 ὄντα,
756 450 902 502 quippe
930 465 1028 502 quae
1056 452 1247 491 hocloco
1274 465 1349 492 non
1379 453 1505 492 solum
1533 453 1584 491 de
1611 454 1660 492 iis
1688 455 1748 492 in-

319 512 529 561 telligenda
552 513 613 559 sit,
633 525 733 562 quae
751 513 975 564 subsistant,
1002 515 1072 553 sed
1101 516 1219 555 etiam
1248 516 1298 555 de
1327 516 1519 564 omuibus,
1547 528 1646 566 quse
1674 529 1748 568 quo

318 575 437 612 modo
466 587 619 624 cunque
646 575 932 625 praedicentur.

430 634 488 676 Τὸ
517 635 796 687 ὑποκείμενον
815 639 910 689 quid
929 639 1127 691 significet
1145 641 1249 692 apud
1271 640 1542 686 Aristotelem,
1571 641 1750 690 exposuit

318 698 482 752 Trdlbg.
505 701 554 739 ad
576 702 642 739 Ar.
664 701 714 739 de
730 714 790 740 an.
809 715 847 752 p.
865 703 956 751 324,
967 714 1002 739 v,
1014 704 1188 742 eiusdem
1214 703 1420 742 Elementa
1436 704 1581 752 logices
1597 704 1748 741 Aristo-

316 763 469 801 telicae.
497 763 626 802 Berol.
642 765 744 801 1842
764 777 801 814 p.
818 766 867 802 51
880 769 972 814 not.‚
990 765 1108 804 Biese
1129 765 1159 803 I.
1179 779 1218 817 p.
1236 768 1285 803 51
1308 771 1387 804 not.
1409 768 1444 809 l,
1465 779 1502 816 p.
1519 767 1595 803 247
1613 770 1693 806 not.
1711 768 1748 813 3,

318 826 439 864 Arist.
460 827 630 864 1038b5
645 824 770 877 διχῶς
789 825 1003 866 ὑπόκειται
1023 826 1050 879 ἢ
1072 827 1166 867 τόδε
1184 841 1224 867 τι
1245 829 1308 874 ὄν,
1321 825 1458 878 ὥσπερ
1471 827 1518 867 τὸ
1541 827 1648 877 ζῷον
1661 830 1750 875 τοῖς

319 886 523 935 πάθεσιν,
550 886 576 939 ἢ
606 887 662 936 ὡς
687 888 715 941 ἡ
741 888 820 939 ὕλη
848 893 900 940 τῇ
929 887 1151 943 ἐντελεχείᾳ
1179 895 1320 942 (quare
1347 889 1375 942 ἦ
1401 888 1505 942 ἀρχὴ
1533 891 1606 941 τῆς
1633 890 1748 942 κινή-

318 958 435 998 σεως,
454 956 658 1001 punctum,
680 966 700 989 a
729 965 806 1002 quo
834 956 964 990 motus
994 955 1182 1003 originem
1211 954 1342 1000 habet,
1370 958 1415 992 ut
1443 954 1547 1004 quod
1576 952 1751 1005 δυνάμει

316 1014 355 1051 in
384 1027 427 1051 se
447 1014 638 1052 inclusum
657 1015 801 1052 habeat
828 1020 989 1061 motum,
1018 1021 1179 1055 vocatur
1205 1015 1253 1055 τὸ
1280 1014 1560 1067 ὑποκείμενον
1585 1018 1660 1069 τῆς
1685 1030 1751 1056 κι-

316 1074 497 1127 νήσεωςι
527 1079 603 1114 ‘109
618 1077 702 1114 {127
730 1075 897 1116 ἅπαντα
918 1075 1000 1129 γὰρ
1031 1077 1088 1126 εἰς
1114 1077 1162 1119 τὸ
1188 1078 1467 1129 ὑποκείμενον
1493 1078 1612 1131 μέχρι
1637 1077 1750 1127 τινὸς

315 1136 388 1179 καὶ
428 1132 522 1178 οἷον
558 1137 616 1185 εἰς
652 1137 828 1179 ὑπεῖκον
866 1139 1147 1192 προέρχεται).
1179 1145 1320 1181 19188
1355 1141 1383 1194 ἦ
1420 1141 1458 1182 δ’
1495 1141 1750 1194 ὑποκειμένη

317 1201 447 1253 φύσις
468 1198 662 1252 έπιστητὴ
685 1202 776 1242 κατ’
804 1202 1046 1254 ἀναλογίαν.
1074 1204 1130 1252 ὡς
1156 1204 1238 1256 γὰρ
1265 1202 1370 1256 πρὸς
1397 1205 1628 1255 ἀνδριάντα
1654 1207 1750 1258 χαλ-

316 1265 392 1312 κὸς
417 1263 444 1317 ἢ
472 1262 578 1315 πρὸς
599 1264 748 1316 κλίνην
776 1264 903 1314 ξύλον
928 1265 955 1318 ἢ
983 1268 1089 1317 πρὸς
1114 1269 1200 1308 τῶν
1226 1270 1365 1308 ἄλλων
1391 1281 1431 1308 τι
1457 1269 1542 1308 τῶν
1569 1267 1752 1321 ἐχόντων

316 1326 491 1380 μορφὴν
527 1327 556 1380 ἡ
581 1326 660 1379 ὕλη
699 1326 770 1367 καὶ
807 1327 855 1368 τὸ
890 1330 1091 1380 ἄμορφον
1128 1329 1205 1382 ἔχει
1247 1329 1347 1383 πρὶν
1373 1331 1518 1382 λαβεῖν
1544 1330 1623 1384 τὴν
1649 1346 1750 1383 μορ-

317 1391 419 1443 φήν,
443 1390 578 1438 οὕτως
607 1389 712 1441 αὕτη
740 1389 845 1442 πρὸς
873 1391 1024 1432 οὐσίαν
1051 1391 1130 1445 ἔχει
1156 1393 1227 1434 καὶ
1253 1393 1300 1434 τὸ
1327 1394 1424 1434 τόδε
1450 1408 1490 1434 τι
1516 1393 1587 1435 καὶ
1612 1394 1660 1436 τὸ
1689 1397 1751 1436 ὄν.

318 1458 518 1495 1028b36
554 1453 602 1493 τὸ
639 1453 677 1494 δ’
714 1452 993 1505 ὑποκείμενόν
1027 1453 1112 1496 ἐστι
1147 1459 1247 1497 καθ’
1283 1450 1337 1497 οὗ
1371 1456 1423 1497 τὰ
1448 1459 1552 1498 ἄλλα
1578 1455 1751 1509 λέγεται,

317 1515 451 1558 έκεῖνο
492 1515 538 1557 δὲ
568 1514 670 1557 αὐτὸ
698 1514 844 1567 μηκέτι
872 1515 964 1558 κατ’
994 1521 1127 1559 ἄλλου
1238 1520 1416 1571 μάλιστα
1442 1520 1522 1572 γὰρ
1550 1521 1670 1561 δοκεῖ
1695 1517 1750 1561 εἷ-

315 1594 388 1620 ναι
409 1579 533 1620 οὐσία
559 1580 606 1620 τὸ
633 1578 912 1631 ὑποκείμενον
938 1583 1118 1632 πρῶτον.
1149 1585 1285 1623 10671)
1304 1587 1350 1622 18
1377 1583 1484 1635 λέγω
1513 1583 1557 1625 δὲ
1586 1583 1752 1625 ὑποκεί-

316 1657 446 1695 μενον
473 1643 520 1683 τὸ
547 1643 782 1694 καταφάσει
809 1642 1096 1696 δηλούμενον,
1135 1648 1238 1685 unde
1265 1649 1437 1686 190a18
1454 1661 1539 1699 sqq.
1568 1645 1620 1687 τὰ
1645 1647 1750 1688 ὑπο-

315 1706 484 1758 κείμενα
507 1713 622 1746 vocat
639 1705 919 1758 ὑπομένοντα,
942 1711 1083 1760 quibus
1107 1713 1356 1760 opponuntur
1372 1709 1423 1749 τὰ
1442 1710 1752 1762 συμβεβηκότα,

316 1776 362 1810 ιιι
389 1784 490 1822 quae
515 1783 592 1809 non
621 1771 848 1810 consistant.
915 1771 1096 1822 Pugnare
1133 1785 1220 1810 cnm
1255 1772 1318 1810 his
1346 1774 1498 1812 videtur
1525 1776 1629 1824 quod
1658 1775 1753 1814 dicit

249 1835 253 1837 ’
318 1836 514 1873 1058323
551 1831 579 1884 ἦ
613 1831 694 1884 γὰρ
734 1831 812 1886 ὕλη
850 1833 1060 1885 ἀποφάσει
1087 1833 1298 1886 δηλοῦται.
1354 1835 1574 1876 Difficultas
1602 1837 1753 1876 tollitur

317 1909 379 1946 eo,
417 1897 522 1947 quod
558 1897 737 1942 materia,
767 1902 958 1947 quatenus
989 1904 1052 1937 est
1077 1898 1124 1937 τὸ
1152 1897 1328 1948 δυνάμει
1357 1893 1421 1944 ὅν,
1450 1900 1552 1950 quod
1580 1901 1751 1939 nondum

316 1960 563 2008 pervenitad
593 1956 857 2010 ἐντελέχειαν,
887 1962 1042 2010 negatio
1070 1962 1147 1999 dici
1176 1967 1308 2012 potest
1335 1962 1459 2012 ipsius
1488 1962 1546 1999 rei
1573 1965 1749 2010 naturae,

316 2026 505 2071 quatenus
533 2034 626 2059 vero
653 2022 712 2060 rei
739 2023 794 2060 ita
823 2023 998 2061 subiecta
1027 2027 1102 2070 est,
1130 2028 1173 2061 ut
1200 2035 1264 2061 res
1293 2036 1382 2061 esse
1405 2036 1480 2061 non
1509 2024 1648 2074 possit,
1676 2025 1751 2063 nisi

315 2083 384 2121 illa
411 2088 491 2122 stet
518 2087 559 2122 et
587 2088 754 2131 maneat,
783 2085 1044 2123 affirmatione
1071 2086 1284 2135 profertur.
1316 2087 1484 2123 189a30
1509 2083 1588 2137 τὴν
1616 2081 1654 2125 δ’
1676 2085 1750 2137 ἀρ-

315 2143 394 2197 χὴν
420 2145 473 2186 οὐ
499 2147 597 2186 καθ’
624 2145 906 2197 ὑποκειμένου
928 2146 993 2186 δεῖ
1016 2145 1212 2199 λέγεσθαί
1237 2161 1365 2194 τινος.
1397 2146 1510 2188 ἔσται
1535 2148 1617 2200 γὰρ
1644 2147 1751 2202 ἀρχὴ

315 2210 390 2261 τῆς
424 2208 577 2262 ἀρχῆς·
615 2206 663 2250 τὸ
690 2208 772 2262 γὰρ
800 2209 1078 2262 ὑποκείμενον
1116 2210 1246 2264 ἀρχή,
1287 2210 1357 2251 καὶ
1394 2212 1600 2264 πρότερον
1636 2211 1754 2253 δοκεῖ

315 2274 393 2311 τοῦ
414 2272 790 2324 κατηγορουμένου
812 2269 933 2314 εἶναι.
977 2278 1094 2313 7931
1123 2274 1173 2315 τὰ
1193 2273 1274 2327 γὰρ
1295 2275 1526 2327 μαθήματα
1545 2274 1641 2326 περὶ
1660 2276 1750 2329 ε’ίδη

318 2333 452 2374 ἐστίν·
483 2336 536 2375 οὐ
560 2335 642 2388 γὰρ
668 2339 767 2378 καθ’
788 2336 1069 2389 ὑποκειμένου
1089 2338 1223 2386 τινός·
1254 2337 1289 2378 εἰ
1315 2337 1395 2390 γὰρ
1422 2338 1493 2378 καὶ
1519 2338 1617 2379 καθ’
1644 2338 1748 2380 ὕπο-

317 2395 512 2450 κειμένου
540 2399 653 2448 τινὸς
679 2400 730 2442 τὰ
757 2401 1013 2453 γεωμετρικά
1040 2399 1152 2442 ἐστιν
1181 2401 1452 2454 (ὑποκείμενα
1480 2404 1580 2441 enim
1609 2403 1748 2442 dicun-

316 2466 381 2500 tur
416 2476 673 2514 qunecunque
710 2466 894 2504 scientiae
929 2467 1105 2504 subiecta
1142 2479 1232 2505 esse
1267 2470 1453 2516 possunt,
1493 2466 1546 2503 cf.
1574 2467 1747 2506 982a23

318 2515 442 2571 οὗτος
462 2523 737 2576 rixo—intell.
758 2526 782 2567 ὁ
803 2526 979 2578 μάλιστα
998 2526 1104 2580 ἔχων
1126 2527 1204 2581 τὴν
1224 2527 1416 2568 καθόλου
1443 2526 1672 2580 ἐπιστήμην
1695 2550 1748 2557 —-

318 2582 405 2627 οἶδέ
432 2601 523 2635 πως
547 2588 685 2629 πάντα
709 2588 760 2630 τὰ
794 2589 1082 2642 ὑποκείμενα),
1108 2591 1195 2632 ἀλλ’
1223 2591 1300 2644 όύχ
1325 2584 1354 2643 ᾗ
1379 2603 1426 2643 γε
1452 2591 1551 2631 καθρ
1578 2589 1747 2632 ὑποκει-

317 2648 462 2699 μένου.
502 2654 652 2692 982b4
686 2652 738 2693 τὰ
773 2651 1028 2705 ὑποκείμενα
1064 2660 1312 2708 opponuntur
1345 2656 1435 2702 τοῖς
1469 2654 1649 2706 πρώτοις
1674 2652 1745 2695 καὶ

319 2711 488 2765 αἰτίοις,
527 2716 622 2756 dicit
657 2718 761 2757 enim
783 2716 850 2757 „015
880 2720 1013 2758 ταῦτα
1048 2717 1326 2770 (γνωρίζεται)
1357 2715 1427 2757 διὰ
1463 2719 1549 2759 τῶν
1574 2717 1742 2760 ὑποκει-

315 2773 468 2827 μένων.
497 2778 560 2820 Cf.
584 2793 684 2831 quae
702 2780 878 2821 dicemus
906 2782 955 2821 ad
983 2783 1127 2822 19b14
1154 2787 1195 2821 et
1221 2783 1270 2821 ad
1296 2782 1380 2822 451)
1393 2784 1442 2819 17
1461 2787 1561 2823 extr.
