1806 3094
690 227 1033 263 PRAEFATIO.
1503 224 1623 259 xxix

114 336 338 397 perplexa
366 333 607 378 videretur.
685 332 797 376 Aliis
840 330 1118 386 auctoribus,
1164 344 1302 389 quum
1333 344 1404 373 res
1446 328 1625 389 logicae

115 418 177 459 ita
220 420 506 474 comparatae
546 413 656 465 sint,
702 418 752 454 ut
782 425 873 454 non
903 411 1108 454 doctrina
1139 408 1323 452 aliunde
1359 408 1504 467 petita
1545 423 1623 452 ex-

116 495 291 555 plicari,
323 493 400 537 sed
433 494 478 535 in
510 492 607 535 sola
629 490 903 550 cogitatione
931 489 1107 548 positae
1136 504 1220 548 per
1252 503 1300 532 se
1333 488 1454 547 ipsas
1486 487 1623 530 intel-

118 575 198 634 ligi
237 574 400 627 velint,
447 571 505 614 ad
544 568 859 613 illustrandum
897 568 1194 611 Aristotelem
1231 582 1322 611 non
1360 567 1443 610 nisi
1484 580 1624 625 parce

114 653 182 696 usi
216 667 388 705 sumus,
433 665 489 693 ne
521 648 781 692 eruditionis
814 647 1040 706 quandam
1072 648 1272 706 speciem
1302 638 1516 690 affectare
1550 645 1622 688 vi-

116 731 322 775 deremur
369 730 415 772 in
466 728 598 772 rebus
637 726 974 787 philosophicis
1023 726 1327 784 explicandis,
1385 741 1495 783 quas
1548 724 1626 782 qui

113 809 374 869 perspicere
397 808 506 851 velit
540 821 630 850 non
665 813 868 849 auctores
890 820 1120 862 quaerere,
1155 804 1235 847 sed
1258 805 1461 847 intimam
1482 803 1623 863 ipsius

113 889 179 932 rei
208 894 411 932 naturam
441 886 716 946 cogitatione
751 891 988 944 penetrare
1021 883 1229 927 debebit:
1274 883 1398 942 quod
1438 882 1624 940 quidem

118 967 367 1027 negotium,
409 980 679 1024 quamquam
722 964 842 1006 omni
875 963 1147 1006 difficultate
1180 962 1357 1005 liberari
1395 975 1623 1020 nunquam

115 1045 309 1105 poterit,
356 1052 504 1088 tamen
534 1051 583 1088 ut
619 1044 795 1087 facilius
824 1042 1064 1096 reddatur,
1112 1041 1435 1085 commentario
1467 1046 1623 1084 nostro

113 1124 295 1168 efficere
341 1123 605 1166 studuimus.
685 1122 790 1164 Hoc
827 1122 966 1181 igitur
1006 1121 1097 1164 fine
1139 1121 1379 1180 proposito
1431 1120 1624 1164 eandem

111 1203 230 1246 viam
269 1203 315 1245 in
344 1202 591 1245 Aristotele
628 1200 898 1243 illustrando
939 1200 1130 1259 ingressi
1164 1215 1297 1257 quam
1333 1199 1598 1243 Trendelen

110 1281 295 1342 burgius
329 1281 503 1335 institit,
555 1280 814 1339 priusquam
845 1278 903 1321 ad
937 1278 1286 1337 explicationem
1315 1278 1463 1336 ipsam
1494 1294 1626 1322 acce-

114 1360 338 1413 «letemus,
374 1374 464 1418 quo
485 1358 644 1403 melius
675 1358 902 1401 universus
936 1357 1153 1400 sermonis
1187 1363 1423 1400 contextus
1450 1357 1624 1401 intelli-

112 1445 308 1499 geretur,
345 1438 468 1495 quod
498 1452 679 1496 quoque
712 1437 861 1496 capite
892 1442 1102 1495 ageretur
1129 1436 1432 1495 exposuimus,
1466 1441 1517 1479 ut
1551 1436 1623 1479 fa-

112 1518 199 1561 cile
231 1517 287 1560 sit
317 1516 518 1575 singulos
543 1516 680 1559 libros
715 1530 805 1558 uno
836 1521 1024 1574 aspectu
1051 1515 1298 1573 complecti
1326 1514 1540 1573 perlectis
1569 1515 1622 1559 iis

110 1611 227 1654 quae
254 1595 441 1656 singulis
475 1595 698 1653 capitibus
730 1609 937 1637 versuum
973 1607 1159 1637 numero
1190 1593 1390 1636 indicato
1419 1594 1620 1652 praemi-

112 1675 259 1719 simus.
329 1673 431 1729 Qua
456 1672 641 1731 quidem
668 1673 715 1716 in
734 1688 783 1716 re
815 1673 879 1715 ita
905 1673 1070 1716 versati
1099 1688 1265 1728 sumus,
1300 1678 1351 1716 ut
1372 1673 1620 1733 perlegen—

109 1754 229 1797 tibus
265 1769 320 1796 ea
353 1767 469 1811 quae
499 1751 559 1795 de
597 1751 784 1812 singulis
822 1751 968 1795 verbis
1001 1751 1332 1811 disputavimus
1367 1752 1413 1794 in
1444 1766 1620 1795 memo—

111 1833 177 1876 ria
220 1832 409 1875 haerere
440 1830 660 1874 vellemus
700 1845 816 1888 quae
857 1829 917 1872 de
952 1830 1161 1874 universo
1198 1831 1351 1890 capite
1392 1830 1514 1874 dicta
1549 1846 1622 1874 es-

112 1917 232 1955 sent:
287 1925 390 1953 nam
428 1909 606 1969 singula
646 1923 850 1967 quaeque
894 1908 1067 1967 optime
1109 1909 1443 1968 perspicientur
1476 1909 1533 1952 ab
1568 1924 1623 1953 eo

110 1989 188 2048 qui
234 1989 484 2032 universam
535 1987 625 2030 loci
675 1987 897 2030 rationem
946 1987 1235 2031 intellexerit.
1325 1986 1621 2032 Commenta-

108 2069 198 2112 rius
228 2073 377 2111 autem
410 2066 468 2110 ad
499 2066 677 2127 singula
707 2071 881 2110 tantum
913 2066 1135 2125 pertinet,
1184 2073 1234 2111 ut
1271 2072 1347 2110 aut
1388 2067 1620 2126 quomodo

109 2147 226 2190 inter
268 2161 315 2189 se
361 2145 635 2189 cohaereant
680 2150 757 2188 aut
797 2144 906 2202 quid
945 2145 1029 2188 sibi
1070 2146 1212 2189 velint
1267 2152 1478 2205 exponat.
1556 2146 1624 2190 Ut

109 2225 157 2269 in
194 2225 387 2268 lectione
426 2224 738 2267 constituenda
782 2223 832 2267 id
867 2223 1152 2283 potissimum
1188 2224 1515 2284 spectavimus,
1567 2240 1623 2268 ne

112 2303 220 2362 quid
263 2309 433 2347 temere
471 2308 692 2346 mutatum
732 2302 1066 2358 admitteretur,
1110 2303 1174 2347 ita
1214 2304 1262 2347 in
1297 2304 1621 2347 commentario

111 2381 349 2427 scribendo
377 2381 425 2424 id
454 2381 502 2424 in
530 2381 689 2440 primis
722 2382 935 2436 cavimus,
970 2397 1026 2426 ne
1059 2382 1169 2439 quid
1202 2382 1472 2425 adiiceretur
1499 2381 1622 2439 quod

111 2461 268 2505 abesse
298 2460 373 2504 vel
403 2465 559 2519 posset
588 2460 662 2503 vel
690 2460 824 2504 etiam
851 2461 1062 2504 deberet:
1099 2476 1252 2518 quare,
1287 2466 1337 2503 ut
1361 2461 1408 2503 in
1438 2460 1619 2503 Aristo-

108 2539 201 2583 tele
235 2539 431 2599 legendo
462 2553 552 2582 non
584 2554 662 2583 eos
693 2539 1004 2584 adiuvaremus
1046 2541 1124 2597 qui
1161 2540 1224 2582 ita
1255 2554 1358 2582 eum
1403 2539 1643 2598 explicari·

109 2618 303 2672 vellent,
347 2624 398 2661 ut
426 2618 517 2677 ipsi
546 2618 669 2661 omni
699 2618 855 2662 labore
892 2618 1265 2679 supersederent,
1318 2617 1397 2661 sed
1429 2632 1504 2661 eos
1542 2618 1620 2676 qui

108 2695 234 2740 haud
248 2692 449 2756 ‘parvam
477 2696 642 2740 laboris
674 2703 850 2756 partem
882 2712 973 2740 non
1004 2697 1376 2756 deprecarentur,
1421 2711 1474 2739 ea
1510 2696 1619 2740 bre—

110 2775 248 2819 vitate
279 2776 346 2819 usi
368 2790 539 2830 sumus,
577 2790 692 2834 quae
719 2791 811 2819 non
828 2782 970 2819 totam
997 2776 1117 2818 viam
1139 2781 1499 2835 persequeretur,
1536 2775 1618 2819 sed

110 2853 223 2897 alios
253 2870 279 2898 a
308 2860 430 2898 recta
456 2855 527 2898 via
559 2855 766 2899 aberrare
795 2870 885 2899 non
909 2860 1151 2914 pateretur.
1217 2855 1333 2899 Nam
1366 2860 1416 2898 ut
1435 2853 1616 2899 Aristo-
