1838 3086
632 208 1001 244 uevrmeneutica.
1520 207 1606 248 {iffi

86 309 234 347 22:114
263 309 325 348 Ad
351 306 592 359 τιθεμένοις
620 308 883 359 Magentenus
910 307 983 346 fol.
1003 307 1091 347 lob
1121 305 1231 354 (Ald.
1253 306 1378 352 1503)
1398 302 1603 350 ἐντεῦθεν

140 371 190 412 τὸ
219 371 467 426 διάγραμμα
501 374 589 414 τῶν
623 371 842 423 τεσσάρων
876 371 1054 411 σελίδων
1081 368 1391 422 παραδίδωσιν.
1448 370 1602 412 Tamen

141 438 271 476 locum
299 439 479 482 tabulae,
513 452 635 490 quum
666 438 810 488 reliqui
838 438 965 489 intpp.
999 437 1048 475 de
1078 450 1126 476 eo
1155 436 1407 488 conspirent,
1446 438 1602 474 mutare

139 503 351 541 noluimus.
406 503 448 541 ln
479 503 735 553 sequentibus
763 501 861 540 Bkk.
891 501 959 540 ubi
989 501 1105 541 codd.
1134 501 1329 553 praebent
1354 504 1413 553 τῷ
1428 498 1602 554 δυνατῷ

139 560 250 606 εἶναι
277 580 308 606 s.
337 564 395 619 μὴ
423 562 534 606 εἶναι
565 571 640 612 (vs.
670 568 735 611 15,
767 568 830 612 ιτ,
864 568 926 613 19,
955 567 1020 611 20,
1051 567 1117 613 34,
1147 568 1211 613 36,
1240 567 1343 612 bis,
1371 566 1444 611 24)
1475 569 1516 604 et
1537 561 1601 604 ἐν-

139 627 351 683 δεχομένῳ
381 635 502 680 (a17‚
533 633 595 680 19,
624 632 696 675 21)
727 631 900 669 servavit
927 629 1119 670 δυνατὸν
1141 635 1180 668 et
1199 627 1480 682 ἐνδεχόμενον
1501 629 1602 669 invi-

137 695 191 734 tis
219 695 336 735 codd.
366 695 539 747 optimis,
567 695 633 745 qui
663 695 702 732 in
730 694 806 732 hac
835 695 1022 746 loquendi
1051 695 1223 734 formula
1250 708 1328 733 non
1356 696 1507 734 habent
1526 692 1603 734 δυ-

136 757 271 799 νατὸν
297 759 373 798 nisi
401 761 487 799 b14
515 763 557 798 et
584 761 649 806 23,
679 756 920 808 ἀναγκαῖον
949 759 1049 799 ὺ29.
1087 759 1199 798 Idem
1230 759 1330 798 fecit
1349 759 1421 797 Iul.
1444 758 1602 807 Pacius,

136 823 267 862 Buble
296 824 470 862 dativum
509 824 657 874 ubique
683 824 830 875 posuit.
884 823 1087 875 Equidem
1125 835 1203 862 non
1245 823 1363 862 video
1400 835 1473 861 cur
1510 822 1603 861 talis

137 889 393 938 congruentia
423 889 722 939 aequalitasque
750 887 790 925 in
817 888 881 926 his
910 888 1058 928 debeat
1084 889 1234 934 inesse,
1263 900 1365 937 quae
1392 886 1482 925 aliis
1502 886 1602 925 locis

138 952 186 990 ab
216 952 436 991 Aristotele
465 954 627 991 minime
655 952 858 990 observari
885 952 1034 991 soleat:
1084 966 1119 991 v.
1150 955 1202 991 '18
1216 953 1300 991 b24
1337 946 1445 990 ἔστω
1482 947 1532 990 τὸ
1562 951 1603 989 Α

136 1016 260 1068 ζῷον,
288 1012 357 1067 ἐφ’
385 1008 439 1056 οὗ
467 1016 514 1057 τὸ
543 1017 580 1056 Β
609 1013 658 1057 τὸ
686 1015 922 1066 ἀναπνεῖν,
951 1012 1018 1068 ἐφ’
1050 1008 1084 1070 ᾧ
1115 1017 1158 1057 Γ
1178 1018 1344 1068 τοῖχος,
1386 1017 1426 1054 in
1455 1016 1601 1066 quibus

136 1081 322 1131 equidem
356 1094 434 1120 non
474 1095 668 1133 assequor
704 1082 799 1133 quid
828 1082 880 1120 sit
908 1082 1013 1132 quod
1042 1081 1301 1121 Aristotelem
1329 1080 1521 1128 moverit,
1558 1083 1604 1118 ut

137 1146 346 1197 scripserit
372 1143 420 1184 τὸ
449 1146 512 1194 Α,
548 1146 696 1184 deinde
727 1143 796 1196 ἐφ’
826 1137 879 1186 οὗ
906 1141 955 1185 τὸ
984 1146 1044 1193 Β,
1083 1146 1260 1195 denique
1287 1141 1355 1196 ἐφ’
1385 1134 1419 1196 ᾧ
1447 1143 1494 1183 Γ.
1551 1143 1604 1182 At

135 1222 256 1247 causa
284 1210 322 1246 iu
351 1209 494 1247 talibus
524 1210 642 1248 rebus
671 1222 749 1248 non
778 1210 902 1247 debet
931 1210 1082 1260 quaeri,
1111 1223 1161 1248 ne
1181 1209 1397 1260 disputatio
1417 1207 1603 1246 subtilior

134 1273 208 1312 fiat
249 1276 291 1311 et
327 1273 486 1311 doctior
514 1287 628 1324 quam
659 1274 802 1312 verior.
859 1272 1031 1312 Codices
1060 1274 1185 1325 igitur
1212 1274 1250 1311 in
1278 1273 1342 1311 his
1373 1272 1502 1311 secuti
1530 1283 1602 1310 su·-

135 1349 236 1376 mus.
280 1336 451 1375 Accedit
479 1337 582 1387 quod
612 1350 715 1387 quae
744 1337 985 1375 Aristoteles
1016 1338 1179 1376 tradidit
1206 1338 1258 1376 de
1286 1337 1499 1389 negatione
1520 1337 1602 1375 τοῦ

135 1399 328 1441 δυνατὸν
363 1394 475 1439 εἶναι
513 1404 555 1438 et
602 1401 792 1438 similium
828 1401 867 1439 in
907 1401 1038 1450 capite
1077 1402 1335 1452 praecedenti
1377 1406 1486 1440 stare
1522 1413 1602 1439 non

135 1470 316 1518 possunt.
372 1464 531 1502 Etenim
561 1465 791 1516 ambiguum
830 1469 895 1503 est
932 1463 980 1504 τὸ
1011 1463 1202 1505 δυνατὸν
1230 1460 1362 1504 sivan:
1403 1478 1493 1503 nam
1534 1468 1603 1503 aut

135 1530 353 1568 infinitivus
390 1523 502 1567 εἶναι
530 1528 682 1579 pendet
710 1541 732 1566 e
761 1541 860 1566 voce
890 1527 1094 1576 δυνατόν,
1124 1535 1169 1569 ut
1194 1528 1243 1569 τὸ
1272 1526 1463 1569 δυνατὸν
1492 1522 1603 1568 εἶναι

134 1595 244 1634 idem
284 1593 336 1632 sit
372 1594 476 1644 quod
515 1590 564 1632 τὸ
601 1586 713 1631 εἶναι
740 1590 1007 1642 δυνάμενον,
1057 1594 1126 1641 „id
1163 1595 1269 1644 quod
1307 1594 1397 1632 fieri
1434 1591 1599 1645 potest”

137 1659 266 1706 (idem
294 1658 399 1708 quod
429 1658 630 1709 significat
646 1655 695 1697 τὸ
712 1654 904 1697 δυνατὸν
932 1659 1055 1697 etiam
1084 1659 1234 1697 omisso
1264 1653 1410 1705 εἶναι),
1440 1663 1507 1696 aut
1523 1655 1600 1697 δυ-

134 1722 269 1763 νατὸν
298 1726 340 1760 et
367 1715 478 1761 εἶναι
506 1723 559 1760 ita
588 1723 796 1761 coniuncta
824 1727 916 1760 sunt
944 1723 983 1760 in
1013 1721 1205 1763 δυνατὸν
1229 1718 1340 1763 εἶναι
1359 1730 1405 1763 ut
1427 1723 1600 1773 ἄνθρω-

136 1798 219 1834 πος
246 1791 286 1825 et
314 1781 425 1826 εἶναι
453 1788 491 1825 in
519 1787 761 1836 ἄνθρωπον
790 1780 913 1832 εἶναι,
943 1800 1021 1837 quo
1050 1788 1210 1838 quidem
1238 1801 1360 1827 sensu
1388 1787 1437 1828 τὸ
1467 1786 1600 1827 δυνα-

136 1851 214 1892 τὸν
251 1845 362 1890 εἶναι
400 1851 507 1889 idem
548 1856 610 1890 est
649 1851 754 1902 quod
791 1850 840 1891 τὸ
869 1849 1088 1891 δύνασθαι
1116 1846 1250 1902 εἶναι,
1291 1853 1409 1902 „fieri
1438 1852 1600 1903 posse”.

136 1917 252 1956 Hanc
280 1916 577 1966 ambiguitatem
606 1915 846 1955 Aristoteles
876 1929 997 1967 quum
1026 1930 1103 1955 non
1134 1917 1304 1965 viderit,
1344 1917 1494 1956 factum
1524 1920 1602 1966 est,

136 1986 181 2020 ut
214 1980 428 2019 tradiderit
463 1980 516 2017 de
550 1981 759 2031 negatione
795 1982 876 2020 τοῦ
915 1977 1105 2021 δυνατὸν
1143 1975 1253 2020 εἶναι
1290 1995 1393 2032 quae
1430 1981 1602 2032 legimus

136 2057 222 2096 cap.
251 2046 314 2083 12.
370 2043 496 2082 Error
523 2044 562 2082 in
591 2056 710 2093 quem
740 2044 909 2083 incurrit
934 2045 1057 2084 facile
1085 2051 1273 2097 apparet,
1304 2046 1337 2084 si
1366 2058 1440 2096 pro
1469 2043 1602 2084 δυνα-

135 2106 214 2149 τὸν
250 2103 360 2148 εἶναι
402 2108 612 2147 scribimus
653 2106 846 2148 δυνατόν
874 2105 1010 2149 gottw:
1050 2114 1163 2161 patet
1202 2110 1307 2149 enim
1346 2110 1601 2162 negationem

135 2172 419 2212 enuntiationis
445 2170 495 2211 τὸ
523 2174 564 2210 A
592 2169 678 2212 ἐστὶ
706 2172 898 2213 δυνατόν
925 2186 1003 2212 ιιοη
1032 2187 1125 2213 esse
1151 2172 1200 2214 τὸ
1231 2174 1273 2213 A
1301 2169 1416 2213 ἐστὶν
1444 2173 1498 2213 οὐ
1519 2173 1602 2213 δυ-

137 2235 295 2284 νατόν,
337 2236 408 2274 sed
444 2234 493 2275 τὸ
521 2238 562 2275 A
599 2235 680 2276 οὐκ
707 2234 793 2277 ἔστι
821 2236 1026 2278 δυνατόν.
1080 2238 1210 2278 Miror
1237 2251 1370 2290 neque
1398 2238 1602 2277 Ritterum

137 2315 268 2353 neque
297 2300 470 2338 Biesium
500 2301 798 2350 ambiguitatem
827 2303 975 2340 vidisse
1003 2307 1043 2340 et
1074 2315 1254 2340 errorem
1283 2302 1351 2352 qui
1379 2315 1428 2340 ex
1457 2315 1502 2340 ea
1531 2315 1600 2342 na-

138 2367 196 2405 sci
223 2365 420 2403 debebat:
450 2377 620 2414 namque
647 2365 747 2404 alter
775 2365 964 2406 δυνατὸν
993 2360 1104 2406 εἶναι
1131 2367 1271 2416 utique
1301 2367 1424 2404 vertit
1450 2366 1600 2419 „Mog-

137 2429 367 2476 lich-sein'',
397 2428 499 2466 alter
527 2429 731 2480 „moglich
760 2431 847 2470 dal's
877 2444 920 2470 es
950 2430 1043 2470 ist''.
1084 2430 1230 2469 Utrum
1258 2430 1484 2477 admiseris,
1512 2431 1600 2470 evi-

136 2498 241 2534 tatur
269 2493 507 2545 ambiguitas
535 2506 651 2543 quam
672 2495 901 2534 Aristotelis
928 2495 1048 2533 verba
1078 2494 1246 2534 babent:
1275 2495 1439 2547 optime,
1467 2495 1508 2533 ni
1521 2495 1599 2534 fal-

136 2558 212 2608 lor,
240 2558 423 2596 redditur
451 2557 653 2607 „moglich
680 2571 728 2596 zu
757 2559 884 2601 sein''.
926 2559 1067 2606 Error,
1095 2571 1173 2609 quo
1191 2558 1427 2597 Aristoteles
1456 2572 1502 2598 se
1528 2559 1599 2599 de-

138 2623 215 2675 cipi
235 2635 376 2674 passus
402 2628 478 2671 est,
507 2621 667 2671 effecit,
696 2627 741 2661 ut
760 2636 846 2680 cap3
871 2626 921 2662 13
949 2636 1027 2662 non
1052 2622 1380 2662 animadverterit
1406 2623 1513 2675 quod
1539 2624 1599 2663 in-

138 2691 264 2726 terest
300 2687 405 2725 inter
441 2687 501 2740 τῷ
531 2685 705 2741 δυνατῷ
733 2681 845 2727 εἶναι’
880 2693 920 2726 et
951 2691 1010 2738 τῷ
1038 2686 1230 2728 δυνατὸν
1257 2681 1390 2727 sivan:
1429 2700 1600 2738 namque

138 2755 249 2804 patet
285 2764 335 2790 ex
372 2751 420 2790 iis
459 2765 562 2803 quae
601 2752 774 2791 diximus
803 2751 976 2804 δυνατῷ
1003 2766 1083 2792 non
1111 2753 1203 2804 poni
1231 2765 1290 2795 exst
1306 2764 1418 2792 more
1444 2753 1599 2792 Attico-

140 2828 250 2864 rum,
290 2816 396 2866 quod
434 2816 562 2856 Buble
600 2816 725 2855 voluit
764 2817 861 2864 (boc
888 2817 1020 2867 enim,
1059 2829 1293 2869 quamquam
1322 2817 1473 2857 231217
1500 2816 1600 2857 dicit
