1780 3112
380 195 445 229 De
480 194 735 228 codicibus
765 193 954 239 graecis
977 191 1168 237 Organi.
1452 192 1505 231 17

56 293 231 329 circumit
249 294 371 341 magis
394 294 543 339 copiosa
565 292 785 337 loquacitate
801 291 1031 326 Aristotelem
1054 301 1164 336 quam
1184 291 1364 334 explanat.
1399 291 1505 335 Opti-

54 362 117 385 ma
140 362 305 396 quaeque
328 363 373 385 ex
394 351 600 394 Philopono
625 350 792 384 dcsumta
813 348 992 391 videntur,
1016 347 1197 392 quaedam
1222 347 1334 381 etiam
1358 358 1379 380 e
1402 347 1505 381 The-

53 408 186 442 mistio.
242 407 363 443 Verba
393 406 613 449 Aristotelis,
645 415 738 450 quae
769 405 832 439 hic
855 404 931 439 illic
955 407 1168 446 occurrunt,
1191 405 1347 438 multum
1370 404 1504 448 depra-

53 467 142 499 vata
163 467 255 499 sunt.

146 520 177 555 L
188 524 358 555 autent.
372 520 436 562 71,
447 519 500 554 33
520 522 666 564 praeter
683 529 729 553 ea
747 517 882 562 scripta
896 529 1077 564 anonyma
1094 518 1139 552 de
1156 516 1393 564 syllogismis,
1409 527 1503 561 quae

52 577 91 612 in
107 577 216 612 Laur.
229 577 291 620 71,
316 576 361 610 1⁰
383 575 595 618 invenimus,
621 579 656 610 et
673 575 829 620 Dexippi
852 575 887 609 in
914 576 1042 621 Categ.
1068 573 1369 609 commentarium
1390 574 1505 608 habet

54 633 120 668 fol.
145 633 210 674 77,
233 633 297 667 ubi
320 633 446 677 incipit
470 629 577 673 ὄκνος
599 644 655 672 τις
678 630 751 677 ἔχει
770 640 819 676 ’με
842 629 942 676 μάλα
966 629 1084 675 καλὴν
1107 631 1170 667 καὶ
1194 631 1370 676 γενναίαν
1392 628 1503 677 χάριν

53 689 205 734 αἰτῆσαι
235 687 553 736 προθυμούμενον
589 690 688 733 (sunt
719 688 805 723 libri
829 689 894 722 ΙΙΙ.
919 690 983 723 lat.
1009 689 1065 722 ed.
1093 700 1151 733 ap.
1178 688 1328 722 Hieron.
1353 688 1503 723 Scotum

52 745 140 780 Ven.
165 745 257 780 1546
280 749 315 781 et
337 745 429 780 1566
450 745 645 790 interprete
670 746 718 779 10.
738 746 848 780 Bern.
868 745 1053 779 Feliciano
1078 746 1126 778 ad
1150 747 1289 779 calcem
1307 743 1507 789 Porphyrii

52 802 87 836 in
119 803 440 843 Praedicamenta3
467 815 500 836 v.
523 802 680 836 Bandini
704 803 812 838 catal.
836 802 901 836 111.
926 813 960 846 p.
974 800 1049 845 21),
1074 802 1171 845 quod
1194 801 1341 845 quidem
1361 801 1506 835 initium

51 859 172 894 differt
195 861 240 894 ab
265 859 309 893 iis
333 870 427 904 quae
451 859 549 893 dedit
571 859 728 894 Brandis
751 871 771 893 e
790 859 901 893 Coisl.
922 857 1004 900 332,
1023 870 1059 892 v.
1076 859 1192 892 schol.
1209 857 1368 899 39a343
1394 858 1506 892 etiam

51 916 151 950 Petri
173 915 327 960 Hispani
352 915 581 950 dialecticam
606 918 641 950 et
664 915 876 960 philosophi
897 916 1066 950 Thomae
1098 915 1266 950 libellum
1298 915 1343 949 de
1374 915 1506 959 sophi-

53 973 184 1007 smatis
206 973 330 1006 habet.
540 1004 553 1007 ,,

142 1028 360 1063 Laurent.
384 1028 448 1071 71,
472 1028 496 1062 5
518 1029 648 1063 eadem
672 1029 786 1062 habet
803 1029 848 1062 de
867 1027 1091 1073 syllogismis
1107 1031 1259 1072 excepto
1278 1027 1393 1062 initio.
1428 1027 1504 1061 Inc.

51 1085 168 1120 enim:
211 1083 327 1119 Πέντε
352 1083 445 1119 εἰσὶν
468 1084 549 1129 εἴδη
574 1084 841 1129 συλλογισμῶν,
877 1082 1140 1125 οἷποδεικτικὸς
1171 1081 1404 1125 διαλεκτικὸς
1437 1084 1505 1130 ῥη-

50 1139 198 1188 τορικὸς
228 1140 443 1186 σοφιστικὸς
475 1139 683 1186 ποιητικός.
731 1139 885 1181 εἰκότως
908 1140 980 1176 εἰσὶ
1003 1138 1124 1182 πέντε,
1149 1139 1230 1176 ἐπεὶ
1254 1140 1318 1175 καὶ
1343 1141 1384 1175 αὶ
1406 1136 1506 1186 προέ

50 1197 175 1238 τάσεις
204 1196 359 1243 ἀληθεῖς
382 1197 445 1232 καὶ
467 1198 619 1232 ποιοῦσι
643 1195 710 1232 τὸν
735 1196 1019 1238 ἄποδεικτικόν,
1054 1193 1078 1242 ἢ
1110 1195 1234 1242 πάντη
1263 1198 1417 1238 ψευδεῖς
1438 1197 1504 1233 καὶ

50 1255 203 1290 ποιοῦσι
235 1254 302 1290 τὸν
324 1250 523 1300 ποιητικὸν
547 1253 610 1289 καὶ
630 1252 816 1298 μυθώδη,
855 1249 880 1298 ἢ
902 1251 956 1298 πὴ
980 1251 1047 1298 μὲν
1077 1250 1233 1295 ἀληθεῖς
1263 1251 1314 1298 πὴ
1341 1253 1383 1289 δὲ
1405 1261 1505 1299 ψευ-

51 1313 145 1354 δεῖς,
175 1311 240 1347 καὶ
271 1313 382 1347 τοῦτο
407 1311 557 1357 τριχῶς,
594 1308 618 1356 ἢ
650 1307 720 1357 γὰρ
751 1310 890 1355 μᾶλλον
915 1307 1094 1354 ἀληθεύει
1116 1304 1233 1354 ἦττον
1257 1308 1298 1345 δὲ
1321 1309 1505 1353 ψεύδεται

51 1368 114 1403 καὶ
143 1370 248 1404 ποιεῖ
275 1365 343 1404 τὸν
373 1367 604 1403 διαλεκτικὸν
628 1365 889 1412 συλλογισμόν,
922 1363 947 1412 ἢ
970 1365 1083 1402 πλέον
1107 1365 1181 1411 ἔχει
1203 1364 1245 1402 τὸ
1271 1368 1415 1411 ψεῦδος
1438 1369 1506 1413 τῆς

52 1423 233 1470 ἀληθείας
255 1424 317 1460 καὶ
340 1427 445 1460 ποιεῖ
464 1424 531 1459 τὸν
556 1423 784 1469 σοφιστικόν,
810 1421 836 1469 ἢ
859 1423 987 1468 ἐπίσης
1011 1422 1083 1468 ἔχει
1106 1422 1150 1459 τὸ
1176 1420 1317 1468 ἀληθὲς
1332 1424 1384 1471 τῷ
1407 1423 1506 1469 ψεύ-

52 1483 110 1518 δει
127 1481 192 1517 καὶ
206 1485 312 1517 ποιεῖ
331 1480 399 1517 τὸν
423 1481 631 1528 ῥητορικόν.
654 1476 727 1516 uHv
751 1479 891 1516 ἐκτελεῖ
909 1481 1036 1528 χρείαν
1059 1479 1082 1525 ἦ
1108 1478 1259 1526 στάθμη
1283 1482 1336 1528 τῷ
1359 1480 1507 1517 τέκτονι

51 1539 296 1586 διακρίνουσα
330 1535 378 1574 τὰ
405 1536 521 1574 εὐθέα
545 1536 621 1574 ἀπὸ
646 1538 722 1573 τοῖν
746 1538 949 1582 καμπύλων
973 1538 1036 1572 καὶ
1060 1535 1162 1584 παρὰ
1187 1541 1267 1578 τοῖς
1291 1536 1506 1583 οἰκοδόμοις

51 1595 94 1631 τὰ
127 1591 326 1643 βαρῦλλιον
356 1596 549 1641 διακρῖνον
573 1595 792 1641 (διακρίνων
816 1595 902 1639 ms.)
937 1591 983 1629 τὰ
1010 1593 1112 1640 ὀρθὰ
1136 1592 1212 1630 ἀπὸ
1237 1595 1312 1630 τῶν
1335 1595 1507 1641 κεκλιμέ-

53 1665 150 1695 νων,
179 1650 277 1688 οῧτω
310 1652 373 1687 καὶ
408 1649 432 1696 ἦ
457 1651 581 1698 λογική
603 1649 765 1699 ὄργανον
789 1645 887 1687 οὖσα
911 1653 979 1697 τῆς
1003 1652 1230 1697 φιλοσοφίας
1253 1653 1438 1698 διακρίνει
1461 1651 1504 1688 τὸ

54 1706 193 1755 α’ληθὲς
216 1709 279 1745 καὶ
304 1708 345 1744 τὸ
372 1710 513 1753 ψεῦδος
538 1708 602 1744 καὶ
624 1707 666 1744 τὸ
695 1705 844 1753 ἀγαθὸν
869 1708 933 1744 καὶ
959 1708 1002 1744 τὸ
1029 1708 1157 1751 κακόν,
1185 1710 1247 1744 ἴνα
1270 1700 1368 1754 μήτε
1380 1711 1505 1755 ψευδῆ

53 1766 269 1811 δοξάσωμεν
292 1764 386 1810 μήτε
417 1763 514 1801 κακὰ
539 1763 847 1811 διαπραξώμεθα.
886 1768 965 1810 Τῆς
990 1765 1188 1811 συνόψεως
1212 1767 1287 1801 τῶν
1311 1769 1407 1802 συλλ.
1434 1770 1503 1802 etc.

54 1834 147 1867 quae
171 1823 228 1856 ed.
253 1823 403 1857 Zanetti.

120 1880 151 1914 L
162 1891 183 1914 a
194 1882 338 1913 urent.
351 1878 414 1921 71,
428 1878 493 1913 32.
536 1878 786 1923 Paraphrasin
803 1878 840 1912 in
854 1879 959 1923 soph.
980 1879 1026 1913 el.
1047 1889 1138 1923 quae
1152 1878 1243 1914 inest
1263 1879 1376 1914 edidit
1386 1878 1505 1924 Spen—

53 1938 115 1982 gel
138 1937 307 1970 Monach.
333 1934 434 1969 1842.
459 1935 547 1969 Cod.
571 1935 686 1969 Paris.
710 1936 807 1980 Reg.
825 1934 917 1969 1831
935 1935 1184 1981 frag-mentum
1206 1936 1320 1970 habet
1343 1936 1507 1970 eiusdem

53 1992 311 2037 paraphrasis,
335 1992 396 2026 cui
417 1993 512 2026 haec
536 1995 622 2026 nota
644 1992 681 2025 in
702 1991 821 2026 fronte
845 1991 1029 2036 adscripta
1050 1992 1202 2038 legitur:
1227 1990 1270 2027 τὸ
1293 1991 1507 2041 ἐπίγραμμα

53 2047 100 2085 ου’
122 2047 326 2095 γέγραπται
349 2046 413 2084 διὰ
438 2045 481 2083 τό
506 2060 612 2088 τινας
635 2047 703 2092 μὲν
726 2047 844 2092 λέγειν
867 2046 965 2083 εἶναι
982 2047 1052 2093 τὴν
1078 2047 1248 2094 ἐξήγησιν
1265 2050 1506 2094 Σιμπλικίου,

52 2104 156 2147 τινὰς
187 2104 229 2140 δὲ
252 2103 424 2141 Ἰωάννου
458 2105 528 2140 τοῦ
552 2103 775 2140 Φιλοπόνου.
819 2105 899 2140 Fol.
922 2104 1076 2139 37—57
1097 2103 1342 2152 παράφρασις
1365 2106 1416 2148 εἰς
1438 2106 1508 2147 τὰς

51 2163 286 2208 κατηγορίας.
331 2162 495 2197 Eandem
514 2163 627 2196 habet
644 2162 759 2198 Marc.
777 2160 857 2195 218.
894 2161 987 2196 Inc.:
1012 2162 1088 2197 τῶν
1111 2159 1232 2198 ὄντων
1255 2161 1302 2197 τὰ
1325 2161 1393 2207 μὲν
1415 2160 1507 2199 ταῦ-

52 2217 207 2263 τώνυμα
234 2217 282 2253 τὰ
315 2217 356 2254 δὲ
389 2217 604 2264 ἑτεραὶνυμα
634 2217 748 2253 τὰδὲ
770 2217 864 2263 μέσα
888 2217 1046 2254 τούτων.
1095 2219 1159 2254 καὶ
1193 2219 1272 2254 ταῖν
1304 2217 1504 2255 wirmi-

52 2288 132 2320 μων
154 2274 202 2310 τὰ
226 2273 294 2319 μὲν
318 2273 499 2320 ὁμώνυμα
521 2274 570 2309 τὰ
595 2272 636 2310 δὲ
660 2273 880 2319 συνώνυμα,
914 2275 990 2310 τῶν
1025 2274 1065 2310 δὲ
1099 2274 1340 2322 ἑτερωνύμων
1364 2275 1413 2311 τὰ
1437 2274 1506 2320 μὲν

53 2333 157 2373 ἰδίως
191 2330 405 2378 ἓτεριῦνυμα
436 2329 483 2367 τὰ
508 2330 549 2367 δὲ
581 2330 832 2376 πολυώνυμα,
868 2328 916 2366 τὰ
951 2330 991 2367 δὲ
1023 2330 1130 2378 ἕτερα
1159 2332 1255 2377 μέσα
1287 2331 1327 2367 δὲ
1358 2329 1506 2367 τούτων

53 2387 118 2424 οἷα
139 2387 187 2424 τὰ
217 2386 446 2435 παρώνυμαε
479 2399 588 2433 quam
613 2388 759 2432 quidem
782 2388 998 2423 divisionem
1022 2400 1045 2423 a
1070 2390 1275 2433 Speusippo
1299 2389 1505 2433 profectam

53 2457 132 2480 csse
156 2445 265 2480 tradit
278 2446 508 2490 Simplicius3
532 2458 568 2480 v.
583 2445 740 2479 Brandis
763 2446 885 2480 Abhh.
911 2447 976 2480 der
998 2446 1097 2480 Berl.
1114 2446 1227 2479 Akad.
1253 2445 1353 2479 1833.
1391 2446 1504 2480 nist.-

53 2502 145 2546 phil.
175 2503 238 2537 Kl.
269 2514 306 2547 p.
333 2502 413 2537 271.
482 2503 537 2537 Ab
569 2501 672 2536 initio
715 2503 953 2546 paraphrasis
985 2506 1039 2536 est
1069 2502 1240 2543 liberior,
1272 2502 1336 2535 sed
1369 2502 1450 2536 inde
1481 2513 1503 2536 a

56 2569 138 2603 cap.
169 2557 192 2592 5
225 2558 347 2604 magis
384 2558 544 2603 sequitur
578 2558 695 2592 verba
722 2558 935 2594 Aristotelis.
991 2559 1125 2593 Auctor
1162 2558 1231 2592 fuit
1262 2558 1502 2602 philosophus

55 2614 338 2659 Neoplatonicus
373 2615 599 2650 christianus.
655 2615 696 2649 ln
733 2615 778 2649 iis
812 2615 1027 2662 categoriis,
1061 2625 1150 2659 quas
1186 2614 1332 2660 attingit
1362 2618 1503 2649 tantum

53 2670 275 2713 Aristoteles,
293 2672 658 2717 Pseudo-Archytam
676 2671 818 2707 videtur
836 2676 979 2707 secutus
996 2682 1086 2704 esse.
1127 2671 1332 2706 Memoratu
1350 2671 1502 2717 dignum

56 2729 131 2769 est,
166 2729 262 2771 quod
297 2728 342 2763 de
375 2729 761 2774 postpraedicamentis
789 2740 880 2775 quae
920 2731 1091 2762 vocantur
1121 2727 1213 2762 nihil
1244 2727 1394 2772 dicitur,
1436 2729 1501 2762 sed

0 2808 3 2814 .
60 2782 186 2818 decem
228 2786 435 2832 categoriae
476 2797 601 2822 omnes
643 2796 714 2821 uno
755 2789 881 2822 tenore
920 2787 1198 2830 pertractantur.
1267 2785 1372 2821 Nova
1402 2785 1501 2820 haud

95 2839 125 2873 Ι.
1160 2841 1184 2874 2
