1760 3112
273 216 326 254 62
661 215 858 251 Scholia
881 214 923 248 in
946 214 1122 259 Analyt.
1147 218 1313 258 poster.

273 309 409 355 γένεσις
428 307 498 355 τὴν
520 309 658 356 γένεσιν
678 311 747 345 τοῦ
770 309 892 345 αἰτίου
927 308 1047 354 ὥσπερ
1080 308 1139 344 ἐπὶ
1171 311 1239 345 τοῦ
1260 309 1386 346 ὖλικοῦ
1408 309 1473 345 καὶ
1493 308 1687 353 ποιητικοῦ

273 366 310 401 τί
333 363 518 410 φήσομεν,·
564 366 731 400 Riccard.

182 427 225 461 95
241 437 260 459 a
363 421 459 466 πλὴν
483 422 518 456 εἰ
539 421 600 456 καὶ
625 419 663 455 ἐν
688 420 908 466 συλλογισμῷ
939 416 1013 454 ‹int›
1036 419 1104 454 τοῦ
1132 416 1285 465 ῦστέρου
1309 416 1518 465 ἀρχόμεθα,
1546 416 1621 453 ἀλλ’
1643 417 1688 454 οὔ

215 471 259 504 28
275 475 338 512 διὰ
360 477 470 512 τοῦτο
494 477 552 511 δεῖ
574 476 722 510 οἴεσθαι
745 474 808 509 καὶ
829 473 871 510 τὸ
895 471 1047 520 ὕστερον
1070 474 1190 510 αἴτιον
1212 473 1306 510 εἶναι
1325 475 1393 510 τοῦ
1413 472 1605 521 προτέρου.
1636 473 1688 507 Id.

182 539 225 572 95
240 549 259 570 a
363 531 426 566 καὶ
449 530 498 575 μή
521 543 585 574 μοι
608 529 724 575 λέγῃς,
750 529 885 574 φησίν,
909 526 974 574 οἷς,
1001 528 1079 565 ἐπεὶ
1102 529 1140 565 ἐν
1167 529 1286 576 χρόνῳ
1308 526 1451 565 ἅπασαι
1475 529 1515 564 αἱ
1535 527 1690 573 γενέσεις

215 584 259 617 32
275 584 427 630 συνεχὴς
451 585 490 621 δὲ
515 584 534 620 ὁ
559 582 700 630 χρόνος,
723 581 796 629 ἤδη
819 584 882 619 καὶ
906 585 946 619 αὶ
968 584 1123 628 γενέσεις
1144 587 1218 620 ταῖν
1247 586 1449 628 ποιητικῶν
1471 583 1534 619 καὶ
1553 581 1689 619 ’ὑλικοῖν

273 642 450 676 αἰτιατῶν
473 640 534 674 καὶ
557 641 684 674 αἰτιῶν
709 639 1045 685 συνεχισθήσονται.
1139 639 1181 676 τὸ
1205 638 1273 685 γὰρ
1297 639 1410 684 λέγειν
1426 638 1486 681 οὖς,
1509 638 1586 674 ἐπεὶ
1603 637 1688 683 022⁷]-

272 695 340 736 θές
371 695 445 730 ἐστι
477 693 519 729 τὸ
554 695 672 729 εἰπεῖν
701 693 888 738 γεγονέναι
922 694 988 730 τὸν
1019 696 1300 741 Σωφρονίσκον,
1337 693 1471 740 ἀληθὲς
1505 693 1605 729 ἔσται
1627 693 1690 728 καὶ

270 749 357 786 τόδε
379 748 534 795 ’ὕστερον
551 749 665 784 εἰπεῖν
687 748 872 793 γεγονέναι
894 749 960 785 τὸν
986 749 1323 796 Σωκράτην-κᾶν
1344 762 1383 785 τε
1408 748 1580 796 ἀόριστον
1600 748 1689 784 ’ὑπο-

271 806 433 850 θώμεθα
462 803 528 840 τὸν
560 802 693 850 χρόνον
725 803 788 839 τὸν
819 803 891 840 οἷπό
916 807 981 849 τῆς
1012 807 1079 840 τοῦ
1104 806 1224 840 αἰτίου
1249 804 1416 850 γενέσεως
1438 803 1521 851 ἄχρι
1543 804 1610 839 τοῦ
1633 804 1690 838 αἰ-

271 861 414 904 τιατοῦ,
438 856 506 894 κᾶν
529 872 567 894 τε
585 858 1006 905 (εἰρημένον-ψεῦδος·
1033 887 1041 896 .
1057 885 1065 893 .
1079 885 1086 894 .
1111 859 1149 894 ἐν
1171 859 1239 904 γαρ
1262 861 1312 905 τῷ
1335 859 1470 903 μεταξὺ
1487 857 1604 904 χρόνῳ
1620 859 1690 893 τοῦ

272 917 393 951 αἰτίου
425 915 488 950 καὶ
519 915 689 949 αἰτιατοῦ
721 914 830 959 μήπω
855 914 906 950 ἔτι
930 916 996 950 τοῦ
1021 915 1192 949 αἰτιατοῦ
1215 913 1421 960 προβάντος
1444 915 1495 954 εἰς
1517 911 1559 948 τὸ
1595 911 1689 949 εἶναι

271 970 360 1006 ἀλλὰ
383 970 574 1014 μέλλοντος
595 971 734 1014 ψεῦδος
758 967 804 1014 ἦν
828 971 942 1005 εἰπεῖν
966 968 1055 1005 αὐτὸ
1080 968 1277 1013 γεγονέναι.
1322 971 1374 1004 Ιᾱ.

359 1022 430 1060 κόὶν
454 1023 652 1069 ώρισμένον
675 1022 786 1067 θήσει
809 1023 874 1059 τὸν
907 1024 1041 1071 χρόνον
1074 1023 1188 1059 εἰπών
1221 1021 1279 1060 ὅτι
1306 1025 1479 1068 θεμελίου
1502 1020 1690 1067 γεγονότος

269 1079 460 1125 γενήσεται
484 1080 594 1120 οἰκία,
616 1075 686 1113 κᾶν
709 1078 882 1124 οἷόριστον
903 1080 997 1125 λάβῃ
1020 1078 1084 1115 τὸν
1105 1078 1237 1124 χρόνον
1263 1078 1374 1124 λέγων
1396 1075 1465 1123 ὅτι,
1492 1078 1616 1123 ἐπειδὴ
1634 1077 1688 1122 γέ-

271 1149 356 1180 γονε
378 1135 555 1179 θεμέλιος,
581 1133 680 1169 ἔσται
703 1134 766 1168 καὶ
791 1135 900 1169 οἰκία.
947 1136 1066 1180 Marg.

179 1199 222 1233 95
239 1208 259 1229 a
365 1187 483 1235 ὥσπερ
507 1189 565 1224 ἐπὶ
588 1190 662 1224 τῶν
686 1188 887 1233 γενομένων
910 1189 1048 1235 ἔφαμεν
1069 1188 1159 1234 μήτε
1181 1188 1223 1224 τὸ
1249 1187 1448 1234 ὥρισμένον
1463 1189 1531 1224 τοῦ
1553 1186 1688 1234 χρόνου

213 1242 259 1275 40
273 1243 363 1290 μήτε
394 1243 435 1280 τὸ
469 1242 641 1289 οἷόριστον
676 1247 871 1279 λυσιτελεῖν
895 1244 982 1288 ἡμῖν
1012 1246 1063 1285 εἰς
1091 1242 1132 1279 τὸ
1156 1243 1305 1288 οἷληθῶς
1329 1243 1463 1286 ἐξεῖναι
1485 1243 1598 1288 λέγειν
1622 1245 1690 1278 τοῦ

276 1302 397 1336 αἰτίου
420 1298 612 1345 γεγονότος
635 1301 821 1343 γεγονέναι
843 1300 905 1334 καὶ
929 1299 972 1335 τὸ
996 1299 1184 1341 αἰτιατόν,
1216 1297 1314 1334 οὕτω
1344 1299 1406 1334 καὶ
1429 1298 1488 1334 ἐπὶ
1510 1301 1584 1334 τῶν
1609 1299 1689 1334 ἐσο-

270 1355 389 1401 μένων
420 1356 589 1399 λέγομεν·
630 1352 740 1388 ου’δὶν
774 1353 844 1400 γὰρ
874 1354 1057 1399 ἐνδέχεται
1089 1353 1359 1400 συμβάλλεσθαι
1382 1354 1447 1389 τὸν
1467 1353 1601 1399 μεταξὺ
1625 1354 1691 1398 τῆς

269 1412 339 1446 τοῦ
363 1410 485 1445 αἰτίου
508 1409 570 1444 καὶ
592 1410 764 1444 αἰτιατοῦ
785 1409 954 1453 γενέσεως
976 1408 1119 1455 χρόνον,
1143 1408 1210 1444 κᾶν
1239 1423 1276 1446 τε
1301 1409 1497 1456 ὡρισμένος
1519 1407 1690 1455 ’ὑποτεθῇ

271 1463 343 1501 κὸίν
367 1478 406 1500 τε
431 1461 604 1510 οῗόριστος
630 1464 681 1503 εἰς
702 1461 744 1498 τὰ
772 1466 887 1499 εἰπεῖν
911 1461 969 1499 ὅτι
985 1466 1051 1500 τοῦ
1067 1466 1188 1501 αἰτίου
1212 1490 1220 1500 .
1236 1489 1266 1500 ..
1290 1465 1461 1510 ἐσομένου
1486 1489 1534 1501 ...
1558 1465 1690 1500 ἐσεῖται

271 1521 333 1556 καὶ
356 1519 396 1556 τὸ
423 1518 601 1555 αἰτιατόν.
646 1519 814 1555 Riccard.

179 1589 254 1623 951,
360 1575 407 1610 τὰ
423 1574 491 1621 γὰρ
507 1573 681 1618 γινόμενα
704 1573 778 1621 ὁδῷ
801 1587 873 1609 τινι
896 1574 958 1609 καὶ
981 1573 1120 1619 κινήσει
1139 1574 1298 1611 ἐοίκασιν
1321 1573 1371 1616 αἱς
1393 1577 1445 1616 εἰς
1463 1574 1577 1621 πέρας
1600 1573 1690 1611 ἄπο·

233 1633 256 1667 4
271 1632 493 1667 τελευτῶντα
518 1628 557 1664 τὸ
582 1627 741 1674 γεγονός.
788 1630 914 1663 Prodr.

362 1687 396 1721 εἰ
416 1684 486 1731 γὰρ
511 1684 582 1720 ἔδει
605 1684 757 1729 ἐχόμενα
781 1682 876 1719 εἶναι
897 1681 1084 1729 ἀλλήλων,
1117 1685 1254 1728 μᾶλλον
1284 1684 1358 1720 ἔδει
1389 1685 1539 1729 ἔχεσθαι
1563 1684 1609 1720 τὰ
1631 1698 1690 1729 γι-

271 1739 418 1786 νόμενα,
464 1741 584 1785 Marg.

178 1797 255 1832 95b
272 1798 295 1831 8
338 1795 596 1840 ,,οἱδιαίρετον”
618 1793 714 1829 διότι
737 1791 900 1840 οἷχρόνως
922 1793 984 1828 καὶ
1007 1792 1046 1828 ἐν
1067 1794 1118 1840 τῷ
1133 1794 1200 1829 νῦν
1214 1794 1351 1838 γίνεται
1366 1792 1524 1839 γεγονός.
1547 1795 1599 1828 lb.

177 1854 255 1888 95b
362 1849 402 1886 ἐν
430 1854 507 1891 τοῖς
538 1849 622 1896 περὶ
653 1849 831 1894 κινήσεως
863 1847 1027 1884 καθόλου
1056 1848 1221 1894 τέσσαρσι
1251 1851 1494 1895 βιβλίοιςλῖεἶ
1514 1850 1690 1894 λεχθῆναι

212 1899 251 1931 Π
271 1907 353 1952 περὶ
374 1905 516 1941 τούτων
539 1904 578 1940 ἐν
598 1905 646 1950 τῇ
669 1905 806 1950 φυσικῇ
831 1901 1016 1950 ἀκροάσει.
1061 1905 1227 1939 Riccard.

177 1965 252 1998 95b
360 1961 442 2006 περὶ
466 1960 530 2004 μὲν
554 1954 621 1995 οὖν
644 1961 712 1994 τοῦ
735 1960 813 1999 πῶς
836 1956 882 1993 ὂὶν
905 1959 1035 2002 ἐφεξῆς
1057 1959 1120 1994 καὶ
1143 1958 1188 1994 οὐ
1211 1960 1384 2003 συνεχοῦς
1415 1958 1604 2004 γινομένης
1627 1961 1691 2004 τῆς
1745 1982 1747 1984 -

211 2008 253 2042 13
270 2014 445 2060 κινήσεως
477 2013 656 2060 λαμβάνει
688 2011 731 2048 τὸ
763 2014 873 2058 μέσον
907 2014 1028 2048 αἴτιον
1058 2013 1118 2048 ἐπὶ
1148 2015 1221 2049 τῶν
1253 2013 1435 2059 τεττάρων
1469 2015 1598 2050 αἰτίων
1627 2015 1690 2050 καὶ

268 2069 364 2107 κατὰ
387 2069 454 2111 τὰς
475 2068 645 2116 χρονικὰς
668 2066 854 2114 διαφορὰς
878 2067 1001 2103 αὐτῶν
1025 2067 1085 2104 ἐπὶ
1107 2071 1282 2105 τοσοῦτον
1305 2070 1488 2115 εἰρήσθω,
1515 2070 1578 2105 καὶ
1602 2068 1690 2105 ὅσον

268 2125 398 2171 ἀνήκει
419 2126 543 2171 λογικῇ
569 2125 813 2171 πραγματείᾳ·
852 2122 957 2169 ἀρκεῖ
984 2121 1053 2170 γὰρ
1081 2125 1277 2160 καὶτοῦτο
1307 2126 1455 2169 γνῶναι,
1480 2124 1528 2165 αἱς
1551 2125 1690 2170 οἷμέσως

265 2180 313 2216 τὰ
335 2182 439 2216 αἴτια
461 2183 537 2220 τοῖς
560 2181 738 2220 αἰτιατοῖς
756 2178 906 2214 ἕπεται·
932 2178 1099 2224 »ἀνάγκη
1122 2179 1192 2226 γὰρ
1217 2181 1299 2215 ...”
1346 2180 1515 2215 Riccard.

175 2241 253 2276 951>
271 2238 314 2272 14
356 2234 399 2272 τὰ
423 2236 546 2281 μέσον,
569 2234 734 2271 τουτέστι
754 2232 796 2270 τὸ
821 2235 954 2270 αἴτιον.
998 2236 1118 2280 Marg.

176 2298 218 2331 95
232 2296 252 2328 b
361 2290 539 2336 ἐπίτηδες,
565 2289 686 2335 οἶμαι,
710 2289 730 2325 ὁ
755 2288 959 2334 φιλόσοφος
985 2288 1023 2324 ἐν
1044 2292 1094 2336 τῷ
1117 2290 1273 2336 παρόντι
1296 2291 1518 2336 συλλογισμῷ
1540 2293 1605 2325 ΑΓ
1621 2288 1689 2335 τὴν

210 2341 252 2375 15
268 2348 419 2392 μείζονα
453 2346 596 2382 ἐκάλεσε
628 2343 807 2391 πρότασιν
839 2344 888 2385 ὥς
919 2342 987 2380 οῦκ
1019 2343 1153 2390 ἅμεσον
1188 2341 1321 2391 οὖσαν,
1351 2343 1442 2382 ἀλλὰ
1465 2344 1506 2381 τὸ
1530 2349 1558 2381 Β
1577 2345 1689 2390 μέσον

269 2403 435 2447 ἔχουσαν,
479 2402 607 2436 Prodr.

175 2461 252 2495 95b
272 2459 314 2492 17
359 2454 452 2502 ἀρχὴ
478 2455 516 2491 δὲ
541 2456 590 2496 ὦς
614 2455 652 2491 ἐν
674 2457 894 2502 συλλογισμῷ
918 2452 1180 2502 ἄναγκαστικῷ.
1226 2457 1346 2502 Mal-g.

174 2516 252 2549 95b
357 2513 426 2547 νῦν
455 2512 521 2556 μὲν
554 2506 623 2547 οὖν
646 2508 712 2546 οῦκ
743 2510 781 2553 ἐξ
804 2509 948 2555 οἳμέσων
971 2512 1045 2546 τῶν
1068 2509 1279 2557 προτάσεων
1301 2510 1520 2557 ἀμφοτέρων
1541 2510 1687 2556 γέγονεν

211 2559 252 2592 19
268 2564 357 2610 ἡμῖν
388 2567 408 2602 ὁ
433 2563 666 2611 συλλογισμὸς
698 2567 759 2602 καὶ
783 2566 846 2603 διὰ
869 2568 980 2602 τοῦτο
1006 2564 1093 2602 ου’δὲ
1116 2565 1374 2607 οἷποδεικτικός
1397 2566 1503 2602 ἐστιν.
1550 2558 1682 2611 μεταξὺ

175 2634 190 2645 ’
267 2620 336 2667 γὰρ
361 2620 494 2667 ὀρυγῆς
518 2622 581 2658 καὶ
603 2623 734 2666 τοίχων
758 2620 906 2668 ἐγχωρεῖ
923 2621 1096 2666 γενέσθαι
1117 2621 1298 2666 θεμέλιον.
1347 2621 1512 2656 Riccard.

174 2676 252 2754 953ss
329 2727 338 2740 ⁹
356 2678 441 2718 „naz
464 2677 502 2713 ἐν
520 2677 688 2718 τούτοις”
711 2675 774 2713 διὰ
797 2676 839 2714 τὸ
863 2677 902 2713 ἐν
923 2676 1041 2723 χρόνῳ
1066 2675 1174 2719 εἶναι,
1194 2674 1243 2718 ’ὥς
1265 2676 1413 2721 ἔφαμεν.
1444 2675 1510 2713 οῦκ
1526 2674 1601 2711 ἔστι
1624 2675 1682 2711 δέ·

268 2743 338 2774 ,,ου
361 2729 431 2777 γὰρ
457 2755 485 2767 .,
502 2733 543 2766 .”
588 2733 641 2766 ld.
