1826 3112
333 229 385 267 84
862 229 930 261 ΚΑ
945 226 1236 260 ΤΗΓΟΡΙΑῙ.

287 330 320 375 5
475 325 620 373 Οὐσία
649 325 698 372 δέ
728 325 862 371 ἐστιν
866 322 895 385 ἡ
922 321 1167 384 κυριώτατά
1195 340 1238 368 τε
1261 322 1332 368 καὶ
1358 320 1539 382 πρώτως
1571 322 1644 366 καὶ
1665 320 1747 380 μά-

337 395 462 438 λιστα
492 392 729 474 λεγομένη,
760 387 800 452 ἢ
823 389 926 452 μήτε
963 389 1067 436 καθ’
1105 387 1400 448 ὑποκειμένου
1434 385 1550 443 τινὸς
1586 387 1749 447 λέγεται

335 456 431 521 μήτ’
459 458 503 505 ἐν
521 456 791 521 ὑποκειμένῳ
808 457 892 503 τινί
912 456 1046 512 ἐστιν,
1075 461 1168 502 οἱον
1195 453 1221 501 6
1252 456 1317 510 τὶς
1336 451 1609 512 ἅνθρωπος
1588 471 1617 514 η
1638 451 1662 498 6
1687 453 1750 509 τις

287 539 321 567 15
335 526 477 580 ῖππος.
545 523 743 583 δεύτεραι
762 503 808 568 δὲ
828 521 978 569 οὐσίαι
995 523 1202 583 λέγονται,
1236 520 1280 567 ἐν
1300 517 1366 576 οἷς
1384 521 1541 566 εἴδεσιν
1563 520 1608 565 αἱ
1630 517 1747 579 πρώ-

336 608 419 646 τως
462 588 611 636 οὐσίαι
646 588 870 650 λεγόμεναι
907 587 1184 649 ὑπάρχουσι,
1226 585 1363 633 ταῦτά
1401 603 1445 631 τε
1473 586 1546 632 καὶ
1576 582 1631 631 τὰ
1665 587 1751 630 τῶν

337 658 462 702 εἰδῶν
480 655 648 702 τούτοιν
668 655 783 718 γένη,
816 652 909 702 οἷον
927 654 952 701 6
970 657 1035 712 τὶς
1061 654 1294 714 ἄνθρωπος
1324 653 1367 699 ἐν
1391 653 1491 698 εἴδει
1510 653 1587 711 μὲν
1607 649 1750 711 ὑπαρ-

336 741 398 783 χει
426 726 486 767 τῶ
518 720 756 803 ᾆνθρώπω,
789 722 912 782 γένος
940 723 986 768 δὲ
1014 726 1097 768 τοῦ
1118 722 1264 776 εἴδους
1293 719 1379 765 ἐστὶ
1397 716 1446 764 τὸ
1477 715 1751 782 §flou-6215-

336 806 453 849 τεραι
483 788 567 835 οὐν
595 789 725 834 αὑται
748 788 942 850 λέγονται
972 786 1144 843 οὐσίαι,
1178 784 1273 832 οἷον
1297 782 1325 830 ὅ
1351 802 1394 830 τε
1424 782 1660 844 ανθρωπος
1679 782 1754 827 καὶ

336 852 387 900 τὸ
413 857 537 918 ζῷον.
545 867 552 901 't
605 853 797 915 φανερὸν
819 855 865 900 δὲ
889 854 935 899 ἐκ
956 857 1042 899 τῶν
1061 849 1331 913 εἰρημένων
1314 848 1379 896 ότι
1405 853 1490 895 τῶν
1515 847 1618 895 καθ’
1635 846 1752 894 ὑπο-

289 921 539 980 ωκειμένου
563 921 803 980 λεγομένων
830 918 1064 979 ἀναγκαῖον
1090 920 1163 964 καὶ
1192 915 1388 976 τοῦνομα
1417 916 1492 960 καὶ
1518 912 1595 961 τὸν
1623 913 1754 974 λόγον

337 991 671 1068 κατηγορεῖσθαι
689 990 775 1032 τοῦ
789 983 1094 1045 ὑποκειμένου,
1114 981 1207 1030 οἷον
1227 981 1252 1029 6
1275 980 1508 1042 ανθρωπος
1525 978 1629 1027 καθ’
1637 978 1752 1026 ὑπο-

337 1053 537 1111 κειμένου
564 1052 727 1113 λέγεται
753 1055 839 1097 τοῦ
857 1049 974 1107 τινὸς
1005 1049 1267 1109 ανθρώπου,
1301 1049 1373 1094 καὶ
1392 1046 1690 1109 κατηγορεῖταί
1707 1063 1753 1106 γε

338 1116 554 1178 τοῦνομα·
587 1116 668 1164 τὸν
687 1115 770 1178 γὰρ
789 1115 1116 1176 ανθοωποντου
1126 1134 1242 1172 τινος
1252 1113 1495 1174 ἀνθρώπου
1499 1110 1754 1194 κατηγορή-

340 1195 441 1240 σεις.
510 1184 584 1229 καὶ
606 1182 631 1229 6
658 1183 790 1245 λόγος
809 1185 855 1229 δε
879 1181 904 1228 6
934 1187 1016 1230 τοῦ
1037 1181 1281 1243 ανθρώπου
1302 1179 1417 1226 κατὰ
1436 1184 1518 1226 τοῦ
1537 1178 1653 1235 τινὸς
1675 1195 1753 1223 αν-

288 1266 324 1294 2⁵
338 1248 527 1332 θρώπου
543 1248 965 1334 κατηγορηθησεται·
1001 1247 1026 1295 6
1042 1248 1122 1310 γάρ
1140 1266 1205 1305 τις
1224 1246 1464 1307 ανθρωπος
1480 1247 1554 1292 καὶ
1579 1243 1754 1304 ἅνθρω-

338 1315 422 1372 πός
450 1316 548 1362 ἐστι.
618 1314 724 1361 ὥστε
753 1317 827 1361 καὶ
859 1313 1057 1376 τοῦνομα
1085 1317 1159 1361 καὶ
1177 1313 1203 1360 6
1224 1313 1352 1375 λόγος
1381 1310 1489 1358 κατὰ
1516 1316 1600 1358 τοῦ
1635 1309 1755 1356 ὑπο-

337 1382 538 1442 κειμένου
570 1379 1002 1444 κατηγορηθήσεται.
1050 1398 1135 1427 των
1168 1379 1207 1427 6'
1241 1380 1284 1426 ἐν
1316 1378 1587 1443 ὑποκειμένῳ
1620 1374 1756 1423 ὄντων

339 1449 409 1495 ἐπὶ
437 1465 515 1508 μεν
543 1451 628 1494 τῶν
657 1449 866 1494 πλείστων
895 1464 997 1494 ουτε
1025 1445 1220 1507 τοῦνομα
1249 1443 1354 1493 ov'‘6'
1376 1444 1401 1492 6
1423 1443 1554 1506 λόγος
1570 1459 1756 1505 κατηγο-

338 1519 472 1575 ρεῖται
490 1518 573 1560 τοῦ
590 1512 906 1573 ὑποκειμένου·
942 1512 1005 1560 ἐπ’
1023 1513 1146 1559 ἐνίων
1158 1514 1205 1560 δὲ
1222 1511 1419 1572 τοῦνομα
1431 1529 1507 1571 μεν
1525 1509 1657 1556 οὐδέν
1668 1526 1754 1555 κω-

289 1601 324 1628 so
337 1579 432 1627 λύει
449 1580 788 1642 κατηγορεισθαι
795 1593 898 1626 ποτε
916 1583 998 1626 τοῦ
1017 1578 1323 1639 ὑποκειμένου,
1345 1577 1421 1624 τὸν
1439 1579 1485 1624 δὲ
1504 1576 1634 1638 λόγον
1645 1573 1755 1621 αδύ-

337 1664 492 1704 νατον,
522 1645 617 1692 οἷον
649 1645 699 1692 τὸ
728 1644 887 1692 λευκὸν
916 1646 961 1692 ἐν
990 1644 1259 1727 ὑποκειμένῳ
1288 1642 1340 1691 ὂν
1359 1648 1420 1706 τῷ
1439 1642 1605 1702 σωματι
1622 1657 1755 1703 κατη-

338 1718 526 1775 γορεῖται
554 1716 636 1758 τοῦ
666 1711 959 1772 ὑποκειμένου
986 1710 1171 1773 (λευκὸν
1205 1709 1288 1773 γὰρ
1324 1691 1448 1770 σῶμα
1481 1704 1756 1770 λέγεται),ὃ

341 1779 389 1825 δὲ
419 1778 548 1840 λόγος
575 1777 600 1825 6
620 1782 703 1824 τοῦ
721 1782 889 1824 λευκοῦ
909 1776 1119 1824 οὐδέποτε
1147 1775 1257 1824 κατὰ
1287 1776 1485 1836 σώματος
1511 1790 1755 1837 κατηγορη-

341 1844 538 1908 θήσεται.
607 1843 659 1890 156
693 1843 731 1890 6’
759 1843 869 1890 ἄλλα
897 1843 1038 1890 παντα
1068 1841 1165 1905 ἤτοι
1189 1841 1293 1889 καθ’
1321 1841 1615 1901 ὑποκειμένων
1639 1839 1758 1900 λέγε-

293 1928 327 1955 85
342 1928 411 1957 ται
433 1928 518 1957 των
528 1909 708 1991 πρωτων
716 1908 919 1969 ουσιῶνῆ
931 1910 975 1956 ἐν
991 1908 1294 1969 ὑποκειμέναις
1307 1907 1458 1964 αὐταῖς
1469 1907 1593 1954 ἐστίν.
1626 1909 1759 1952 τοῦτο

342 1977 389 2023 δὲ
419 1974 613 2037 φανερὸν
644 1977 690 2022 ἐκ
718 1993 804 2022 των
832 1974 935 2021 καθ’
962 1975 1119 2021 ἕκαστα
1143 1974 1548 2036 προχειριζομένων,
1583 1969 1680 2018 οἷον
1707 1968 1758 2016 τὸ

343 2045 456 2108 ζωον
466 2040 575 2088 κατὰ
585 2046 669 2088 τοῦ
687 2040 929 2103 ανθρωπου
947 2046 1265 2104 κατηγορεῖται·
1289 2038 1458 2087 οὐκοῦν
1467 2040 1539 2086 καὶ
1558 2035 1667 2084 κατὰ
1675 2039 1759 2083 τοῦ

434 2231 472 2264 ll
494 2229 534 2265 δὲ
552 2242 690 2273 ome‚p
671 2241 764 2275 p.rg·
789 2250 834 2256 -
864 2242 902 2265 τε
922 2242 1029 2263 omu-
1051 2249 1097 2258 —
1136 2232 1177 2266 13
1195 2231 1389 2266 uviome.
1411 2248 1456 2256 —
1492 2225 1540 2286 ᾗ]
1554 2226 1694 2271 καὶπς
1715 2243 1760 2251 --

344 2276 394 2309 alt
419 2272 439 2309 ὁ
466 2287 522 2308 om
543 2286 575 2308 a.
599 2292 644 2300 --
675 2275 717 2308 14
743 2273 795 2319 ἐν]
821 2275 868 2310 τὰ
894 2275 973 2330 εἷ’δη
993 2274 1032 2310 ἐν
1050 2287 1088 2320 g.
1113 2296 1156 2302 —-
1194 2277 1234 2310 15
1251 2274 1443 2328 λεγόμεναι
1457 2270 1580 2308 οιῗσίαι
1593 2273 1690 2314 unsa.
1714 2287 1760 2295 —

345 2321 387 2354 17
402 2331 469 2354 του
491 2316 695 2374 ἀνθρώπου
713 2330 751 2363 g.
774 2338 818 2346 —
841 2318 1020 2365 δευτέρως
1039 2332 1072 2352 π.
1097 2340 1141 2346 --
1166 2321 1208 2354 18
1223 2320 1386 2363 λέγονται
1396 2313 1505 2352 αὗται
1520 2330 1553 2352 ιι.
1579 2337 1620 2343 -
1645 2327 1684 2350 τε
1704 2325 1760 2347 om

343 2375 370 2397 e.
396 2383 439 2389 —
463 2365 505 2398 21
524 2362 567 2399 τὸ
583 2361 825 2407 υποκείμενον
845 2377 887 2408 pr
901 2377 935 2397 ιι.
958 2383 1004 2390 -
1037 2364 1057 2398 ὁ
1075 2377 1131 2397 om
1149 2366 1208 2398 Cu.
1231 2382 1278 2391 —
1299 2366 1343 2397 22
1361 2362 1516 2407 λέγεται]
1535 2374 1600 2405 μεν
1620 2359 1761 2404 λέγεται

347 2409 448 2453 Ccfg.
474 2425 519 2434 —-
548 2408 611 2443 καὶ
628 2420 682 2441 om
699 2421 740 2452 pr
757 2410 791 2441 C.
818 2428 859 2433 —
891 2421 931 2464 γε
952 2421 1007 2441 om
1025 2421 1058 2442 ιι.
1083 2428 1129 2435 -
1150 2409 1213 2443 καὶ
1241 2407 1261 2443 ὁ
1292 2406 1396 2450 λόγος
1418 2409 1673 2460 κατηγορεῖται
1698 2402 1762 2438 καὶ

341 2450 508 2507 τοῦνομα
524 2464 562 2498 g.
591 2472 629 2478 —-
654 2455 698 2486 23
719 2454 803 2508 του]
823 2452 918 2487 κατὰ
933 2454 1001 2487 τοῦ
1022 2454 1215 2508 BCusgdea
1231 2460 1264 2486 et
1283 2454 1306 2486 h
1324 2454 1382 2496 qui
1399 2453 1549 2486 correxit
1562 2448 1670 2490 κατὰ,
1698 2447 1761 2483 καὶ

342 2495 436 2531 κατὰ
448 2498 517 2532 τοῦ
533 2509 568 2531 n.
591 2516 637 2522 —-
666 2498 709 2531 24
725 2496 766 2532 δε
786 2505 821 2530 et
841 2498 908 2532 τοῦ
927 2510 982 2530 om
999 2510 1026 2531 e.
1052 2516 1095 2522 —
1126 2500 1177 2531 alt
1191 2494 1210 2533 ὁ
1230 2509 1285 2530 om
1301 2509 1335 2530 η.
1359 2516 1405 2523 —-
1431 2498 1475 2530 26
1496 2495 1597 2551 ἐστι]
1608 2494 1682 2530 ἐστι
1698 2491 1761 2527 καὶ

343 2542 436 2587 ζῷον
457 2542 630 2586 Cdmfgh,
642 2553 680 2575 rc
696 2543 791 2576 ABn.
817 2562 859 2568 —
882 2542 945 2576 καὶ
963 2541 982 2576 6
998 2540 1103 2585 λόγος
1118 2542 1180 2577 καὶ
1197 2540 1360 2584 τοῦνομα
1379 2553 1414 2575 α.
1440 2561 1482 2566 —
1506 2539 1599 2575 κατὰ
1610 2550 1703 2573 ome
1715 2555 1758 2562 -

342 2589 595 2639 κατηγορεῖται
611 2587 681 2621 τοῦ
699 2584 983 2630 υποκειμένουῙ.
1008 2607 1049 2612 -
1074 2589 1437 2632 27κατηγορεῖταιπο.
1450 2605 1491 2611 --
1514 2587 1558 2619 29
1570 2586 1652 2628 τοιι]
1665 2579 1761 2618 κατὰ

342 2631 412 2665 τοῦ
428 2641 466 2674 g.
490 2648 535 2657 —-
556 2629 642 2687 μὲν
643 2643 698 2664 om
715 2643 749 2665 u.
774 2649 819 2657 -
843 2633 885 2665 30
904 2644 993 2666 ποτε
1012 2644 1068 2665 om
1090 2633 1219 2674 Rudea,
1241 2643 1300 2686 pr
1300 2632 1334 2664 h.
1358 2648 1404 2656 ·—
1426 2631 1494 2665 τοῦ
1516 2628 1759 2671 ὑποκειμένου

342 2686 399 2708 om
412 2686 467 2729 ετοι.
492 2694 535 2700 -
558 2676 602 2708 33
621 2688 640 2709 ο
660 2687 716 2708 om
733 2687 790 2710 πα.
815 2694 859 2702 —
882 2674 992 2720 κατὰ]
1009 2676 1077 2710 τοῦ
1093 2688 1120 2709 e.
1144 2696 1188 2702 —
1210 2674 1305 2711 κατὰ
1323 2675 1391 2710 τοῦ
1408 2673 1574 2730 σωματος
1589 2675 1688 2717 udsh.
1715 2689 1758 2696 —

341 2719 384 2752 34
399 2715 643 2774 υποκειμένον
654 2721 756 2762 1.-
778 2718 917 2776 λέγεται
932 2729 1011 2754 ante
1028 2721 1070 2754 35
1088 2719 1113 2765 ἢ
1130 2732 1170 2766 g.
1194 2739 1236 2747 —
1260 2721 1304 2755 35
1315 2717 1476 2765 φανερὸν
1491 2717 1531 2754 δὲ
1545 2720 1656 2755 τοῦτο
1667 2730 1706 2763 g.
1717 2735 1758 2742 -·

341 2763 385 2796 36
401 2761 497 2798 naz-6
513 2764 582 2799 τοῦ
600 2762 806 2810 ανθρώπου
822 2764 863 2800 τὰ
881 2766 974 2813 ζῷον
993 2766 1091 2809 Gsea.
