<?xml version="1.0" encoding="UTF-8"?>
<!DOCTYPE html PUBLIC "-//W3C//DTD XHTML 1.0 Transitional//EN"
    "http://www.w3.org/TR/xhtml1/DTD/xhtml1-transitional.dtd">
<html xmlns="http://www.w3.org/1999/xhtml" xml:lang="en" lang="en">
 <head>
  <title>
</title>
<meta http-equiv="Content-Type" content="text/html;charset=utf-8" />
  <meta name='ocr-system' content='tesseract 3.04.00' />
  <meta name='ocr-capabilities' content='ocr_page ocr_carea ocr_par ocr_line ocrx_word'/>
</head>
<body>
  <div class='ocr_page' id='page_1' title='image "aristotelisorgan01arisuoft_0389.png"; bbox 0 0 1838 3086; ppageno 0'>
   <div class='ocr_carea' id='block_1_1' title="bbox 647 206 1594 250">
    <p class='ocr_par' dir='ltr' id='par_1_1' title="bbox 647 206 1594 250">
     <span class='ocr_line' id='line_1_1' title="bbox 647 206 1594 250; baseline -0.004 -6"><span class='ocrx_word' id='word_1_1' title='bbox 647 206 1029 244; x_wconf 81' lang='lat' dir='ltr'><strong>Hermeneutica.</strong></span> <span class='ocrx_word' id='word_1_2' title='bbox 1511 208 1594 250; x_wconf 71' lang='lat'><strong>855</strong></span> 
     </span>
    </p>
   </div>
   <div class='ocr_carea' id='block_1_2' title="bbox 75 306 1599 2219">
    <p class='ocr_par' dir='ltr' id='par_1_2' title="bbox 76 306 1599 2090">
     <span class='ocr_line' id='line_1_2' title="bbox 76 306 1591 361; baseline -0.001 -11"><span class='ocrx_word' id='word_1_3' title='bbox 76 311 227 351; x_wconf 67' lang='lat'>21:218</span> <span class='ocrx_word' id='word_1_4' title='bbox 253 307 412 361; x_wconf 72' lang='grc' dir='ltr'><strong><em>ἀληθὲς</em></strong></span> <span class='ocrx_word' id='word_1_5' title='bbox 438 306 486 350; x_wconf 80' lang='grc' dir='ltr'><strong>δέ</strong></span> <span class='ocrx_word' id='word_1_6' title='bbox 512 306 628 350; x_wconf 80' lang='grc' dir='ltr'><strong><em>ἐστιν</em></strong></span> <span class='ocrx_word' id='word_1_7' title='bbox 648 337 659 350; x_wconf 92' lang='grc'><strong>.</strong></span> <span class='ocrx_word' id='word_1_8' title='bbox 680 338 693 350; x_wconf 92' lang='grc'><strong>.</strong></span> <span class='ocrx_word' id='word_1_9' title='bbox 713 338 725 351; x_wconf 94' lang='grc'><em>.</em></span> <span class='ocrx_word' id='word_1_10' title='bbox 746 308 910 360; x_wconf 89' lang='lat' dir='ltr'><strong>Optime</strong></span> <span class='ocrx_word' id='word_1_11' title='bbox 937 307 1134 348; x_wconf 72' lang='lat' dir='ltr'><strong>Boethius</strong></span> <span class='ocrx_word' id='word_1_12' title='bbox 1169 319 1210 359; x_wconf 89' lang='lat' dir='ltr'><strong>p.</strong></span> <span class='ocrx_word' id='word_1_13' title='bbox 1239 306 1321 348; x_wconf 81' lang='lat'><strong>422</strong></span> <span class='ocrx_word' id='word_1_14' title='bbox 1346 306 1490 356; x_wconf 85' lang='lat' dir='ltr'><strong>„Ordo</strong></span> <span class='ocrx_word' id='word_1_15' title='bbox 1517 321 1591 348; x_wconf 81' lang='lat' dir='ltr'><strong>au-</strong></span> 
     </span>
     <span class='ocr_line' id='line_1_3' title="bbox 131 372 1594 425; baseline -0.003 -10"><span class='ocrx_word' id='word_1_16' title='bbox 131 379 212 415; x_wconf 88' lang='lat' dir='ltr'><strong>tem</strong></span> <span class='ocrx_word' id='word_1_17' title='bbox 243 387 288 414; x_wconf 83' lang='lat' dir='ltr'><strong>se</strong></span> <span class='ocrx_word' id='word_1_18' title='bbox 315 375 375 413; x_wconf 88' lang='lat' dir='ltr'><strong>sic</strong></span> <span class='ocrx_word' id='word_1_19' title='bbox 401 374 536 425; x_wconf 77' lang='lat' dir='ltr'><strong>habet,</strong></span> <span class='ocrx_word' id='word_1_20' title='bbox 566 373 753 414; x_wconf 82' lang='lat' dir='ltr'><strong>dubitans</strong></span> <span class='ocrx_word' id='word_1_21' title='bbox 782 374 888 412; x_wconf 90' lang='lat' dir='ltr'><strong>enim</strong></span> <span class='ocrx_word' id='word_1_22' title='bbox 917 373 1033 414; x_wconf 82' lang='lat' dir='ltr'><strong>dixit.</strong></span> <span class='ocrx_word' id='word_1_23' title='bbox 1087 372 1237 414; x_wconf 86' lang='lat' dir='ltr'><strong>Verum</strong></span> <span class='ocrx_word' id='word_1_24' title='bbox 1266 376 1332 412; x_wconf 83' lang='lat' dir='ltr'><strong>est</strong></span> <span class='ocrx_word' id='word_1_25' title='bbox 1358 375 1492 411; x_wconf 83' lang='lat' dir='ltr'><strong>autem</strong></span> <span class='ocrx_word' id='word_1_26' title='bbox 1519 372 1594 412; x_wconf 85' lang='lat' dir='ltr'><strong>ali-</strong></span> 
     </span>
     <span class='ocr_line' id='line_1_4' title="bbox 129 436 1595 490; baseline -0.002 -12"><span class='ocrx_word' id='word_1_27' title='bbox 129 440 226 490; x_wconf 85' lang='lat' dir='ltr'><strong>quid</strong></span> <span class='ocrx_word' id='word_1_28' title='bbox 264 440 399 478; x_wconf 85' lang='lat' dir='ltr'>dicere</span> <span class='ocrx_word' id='word_1_29' title='bbox 432 439 484 478; x_wconf 88' lang='lat' dir='ltr'><strong>de</strong></span> <span class='ocrx_word' id='word_1_30' title='bbox 512 440 644 490; x_wconf 90' lang='lat' dir='ltr'><strong>aliquo</strong></span> <span class='ocrx_word' id='word_1_31' title='bbox 673 438 895 490; x_wconf 76' lang='lat' dir='ltr'><strong>composite</strong></span> <span class='ocrx_word' id='word_1_32' title='bbox 923 442 965 476; x_wconf 88' lang='lat' dir='ltr'><strong>et</strong></span> <span class='ocrx_word' id='word_1_33' title='bbox 992 450 1172 478; x_wconf 82' lang='lat' dir='ltr'><strong>connexe</strong></span> <span class='ocrx_word' id='word_1_34' title='bbox 1200 443 1242 477; x_wconf 87' lang='lat' dir='ltr'><strong>et</strong></span> <span class='ocrx_word' id='word_1_35' title='bbox 1268 450 1411 477; x_wconf 86' lang='lat' dir='ltr'><strong>rursus</strong></span> <span class='ocrx_word' id='word_1_36' title='bbox 1439 436 1595 489; x_wconf 84' lang='lat' dir='ltr'><strong>simpli-</strong></span> 
     </span>
     <span class='ocr_line' id='line_1_5' title="bbox 132 500 1594 555; baseline -0.002 -13"><span class='ocrx_word' id='word_1_37' title='bbox 132 504 247 552; x_wconf 91' lang='lat' dir='ltr'><strong>citer,</strong></span> <span class='ocrx_word' id='word_1_38' title='bbox 266 509 309 543; x_wconf 90' lang='lat' dir='ltr'><strong>ut</strong></span> <span class='ocrx_word' id='word_1_39' title='bbox 330 504 525 555; x_wconf 83' lang='lat' dir='ltr'><strong>quendam</strong></span> <span class='ocrx_word' id='word_1_40' title='bbox 548 503 749 542; x_wconf 87' lang='lat' dir='ltr'><strong>hominem</strong></span> <span class='ocrx_word' id='word_1_41' title='bbox 773 502 973 540; x_wconf 83' lang='lat' dir='ltr'><strong>hominem</strong></span> <span class='ocrx_word' id='word_1_42' title='bbox 995 507 1063 540; x_wconf 88' lang='lat' dir='ltr'><strong>aut</strong></span> <span class='ocrx_word' id='word_1_43' title='bbox 1083 502 1283 553; x_wconf 83' lang='lat' dir='ltr'>quendam</span> <span class='ocrx_word' id='word_1_44' title='bbox 1301 501 1434 540; x_wconf 83' lang='lat' dir='ltr'><strong>album</strong></span> <span class='ocrx_word' id='word_1_45' title='bbox 1464 500 1594 540; x_wconf 87' lang='lat' dir='ltr'><strong>homi-</strong></span> 
     </span>
     <span class='ocr_line' id='line_1_6' title="bbox 129 564 1594 618; baseline -0.001 -13"><span class='ocrx_word' id='word_1_46' title='bbox 129 579 244 616; x_wconf 84' lang='lat' dir='ltr'><strong>nem,</strong></span> <span class='ocrx_word' id='word_1_47' title='bbox 277 581 326 606; x_wconf 89' lang='lat' dir='ltr'><strong>an</strong></span> <span class='ocrx_word' id='word_1_48' title='bbox 357 572 469 607; x_wconf 88' lang='lat' dir='ltr'><strong>certe</strong></span> <span class='ocrx_word' id='word_1_49' title='bbox 500 580 576 606; x_wconf 94' lang='lat' dir='ltr'><strong>non</strong></span> <span class='ocrx_word' id='word_1_50' title='bbox 596 564 798 617; x_wconf 77' lang='lat' dir='ltr'><strong>semper&#39;&#39;,</strong></span> <span class='ocrx_word' id='word_1_51' title='bbox 829 571 872 605; x_wconf 89' lang='lat' dir='ltr'><strong>et</strong></span> <span class='ocrx_word' id='word_1_52' title='bbox 902 566 1036 618; x_wconf 86' lang='lat' dir='ltr'><strong>paullo</strong></span> <span class='ocrx_word' id='word_1_53' title='bbox 1054 572 1148 605; x_wconf 87' lang='lat' dir='ltr'><strong>ante</strong></span> <span class='ocrx_word' id='word_1_54' title='bbox 1177 565 1296 613; x_wconf 79' lang='lat' dir='ltr'><strong>„Hoc</strong></span> <span class='ocrx_word' id='word_1_55' title='bbox 1324 570 1458 604; x_wconf 85' lang='lat' dir='ltr'><strong>autem</strong></span> <span class='ocrx_word' id='word_1_56' title='bbox 1479 564 1594 617; x_wconf 86' lang='lat' dir='ltr'><strong>quasi</strong></span> 
     </span>
     <span class='ocr_line' id='line_1_7' title="bbox 129 629 1593 680; baseline -0.003 -9"><span class='ocrx_word' id='word_1_57' title='bbox 129 632 318 671; x_wconf 85' lang='lat' dir='ltr'><strong>dubitans</strong></span> <span class='ocrx_word' id='word_1_58' title='bbox 346 632 456 670; x_wconf 80' lang='lat' dir='ltr'>dixit.</span> <span class='ocrx_word' id='word_1_59' title='bbox 499 631 559 669; x_wconf 89' lang='lat' dir='ltr'><strong>Ita</strong></span> <span class='ocrx_word' id='word_1_60' title='bbox 587 631 693 669; x_wconf 90' lang='lat' dir='ltr'><strong>enim</strong></span> <span class='ocrx_word' id='word_1_61' title='bbox 723 630 934 680; x_wconf 82' lang='lat' dir='ltr'><strong>legendum</strong></span> <span class='ocrx_word' id='word_1_62' title='bbox 965 634 1040 679; x_wconf 88' lang='lat' dir='ltr'><strong>est,</strong></span> <span class='ocrx_word' id='word_1_63' title='bbox 1068 629 1182 680; x_wconf 81' lang='lat' dir='ltr'><strong>quasi</strong></span> <span class='ocrx_word' id='word_1_64' title='bbox 1210 630 1243 668; x_wconf 87' lang='lat' dir='ltr'><strong>si</strong></span> <span class='ocrx_word' id='word_1_65' title='bbox 1270 630 1457 668; x_wconf 83' lang='lat' dir='ltr'><strong>dubitans</strong></span> <span class='ocrx_word' id='word_1_66' title='bbox 1485 629 1593 668; x_wconf 86' lang='lat' dir='ltr'><strong>dice-</strong></span> 
     </span>
     <span class='ocr_line' id='line_1_8' title="bbox 130 693 1593 744; baseline -0.002 -10"><span class='ocrx_word' id='word_1_67' title='bbox 130 699 194 734; x_wconf 84' lang='lat' dir='ltr'><strong>ret</strong></span> <span class='ocrx_word' id='word_1_68' title='bbox 223 695 292 733; x_wconf 79' lang='lat' dir='ltr'><strong>sic.</strong></span> <span class='ocrx_word' id='word_1_69' title='bbox 348 693 497 733; x_wconf 86' lang='lat' dir='ltr'><strong>Verum</strong></span> <span class='ocrx_word' id='word_1_70' title='bbox 537 699 601 733; x_wconf 86' lang='lat' dir='ltr'><strong>est</strong></span> <span class='ocrx_word' id='word_1_71' title='bbox 635 698 769 733; x_wconf 89' lang='lat' dir='ltr'><strong>autem</strong></span> <span class='ocrx_word' id='word_1_72' title='bbox 800 694 934 732; x_wconf 80' lang='lat' dir='ltr'><strong>dicere</strong></span> <span class='ocrx_word' id='word_1_73' title='bbox 964 693 1015 732; x_wconf 90' lang='lat' dir='ltr'><strong>de</strong></span> <span class='ocrx_word' id='word_1_74' title='bbox 1043 694 1174 744; x_wconf 86' lang='lat' dir='ltr'><strong>aliquo</strong></span> <span class='ocrx_word' id='word_1_75' title='bbox 1203 693 1468 744; x_wconf 87' lang='lat' dir='ltr'><strong>compositum</strong></span> <span class='ocrx_word' id='word_1_76' title='bbox 1497 705 1593 732; x_wconf 84' lang='lat' dir='ltr'><strong>con-</strong></span> 
     </span>
     <span class='ocr_line' id='line_1_9' title="bbox 127 756 1594 810; baseline -0.001 -13"><span class='ocrx_word' id='word_1_77' title='bbox 127 758 386 809; x_wconf 74' lang='lat' dir='ltr'><strong>iunctumque</strong></span> <span class='ocrx_word' id='word_1_78' title='bbox 418 758 579 810; x_wconf 87' lang='lat' dir='ltr'><strong>aliquid,</strong></span> <span class='ocrx_word' id='word_1_79' title='bbox 608 762 653 797; x_wconf 91' lang='lat' dir='ltr'><strong>ut</strong></span> <span class='ocrx_word' id='word_1_80' title='bbox 681 757 732 795; x_wconf 89' lang='lat' dir='ltr'><strong>de</strong></span> <span class='ocrx_word' id='word_1_81' title='bbox 760 757 893 808; x_wconf 87' lang='lat' dir='ltr'><strong>aliquo</strong></span> <span class='ocrx_word' id='word_1_82' title='bbox 921 758 1082 795; x_wconf 88' lang='lat' dir='ltr'><strong>homine</strong></span> <span class='ocrx_word' id='word_1_83' title='bbox 1109 757 1314 796; x_wconf 87' lang='lat' dir='ltr'><strong>hominem</strong></span> <span class='ocrx_word' id='word_1_84' title='bbox 1344 762 1412 795; x_wconf 89' lang='lat' dir='ltr'><strong>ant</strong></span> <span class='ocrx_word' id='word_1_85' title='bbox 1441 756 1493 795; x_wconf 90' lang='lat' dir='ltr'><strong>de</strong></span> <span class='ocrx_word' id='word_1_86' title='bbox 1521 756 1594 795; x_wconf 87' lang='lat' dir='ltr'><strong>ali-</strong></span> 
     </span>
     <span class='ocr_line' id='line_1_10' title="bbox 129 820 1594 874; baseline -0.001 -13"><span class='ocrx_word' id='word_1_87' title='bbox 129 835 207 874; x_wconf 87' lang='lat' dir='ltr'><strong>quo</strong></span> <span class='ocrx_word' id='word_1_88' title='bbox 235 823 325 861; x_wconf 86' lang='lat' dir='ltr'><strong>albo</strong></span> <span class='ocrx_word' id='word_1_89' title='bbox 355 823 513 868; x_wconf 90' lang='lat' dir='ltr'><strong>album,</strong></span> <span class='ocrx_word' id='word_1_90' title='bbox 550 823 604 861; x_wconf 86' lang='lat' dir='ltr'><strong>ita</strong></span> <span class='ocrx_word' id='word_1_91' title='bbox 640 825 683 860; x_wconf 90' lang='lat' dir='ltr'><strong>ut</strong></span> <span class='ocrx_word' id='word_1_92' title='bbox 722 826 832 860; x_wconf 84' lang='lat' dir='ltr'><strong>extra</strong></span> <span class='ocrx_word' id='word_1_93' title='bbox 861 821 1004 860; x_wconf 89' lang='lat' dir='ltr'><strong>horum</strong></span> <span class='ocrx_word' id='word_1_94' title='bbox 1034 820 1183 871; x_wconf 87' lang='lat' dir='ltr'><strong>aliquid</strong></span> <span class='ocrx_word' id='word_1_95' title='bbox 1212 820 1450 872; x_wconf 85' lang='lat' dir='ltr'><strong>simpliciter</strong></span> <span class='ocrx_word' id='word_1_96' title='bbox 1476 834 1594 872; x_wconf 85' lang='lat' dir='ltr'><strong>prae-</strong></span> 
     </span>
     <span class='ocr_line' id='line_1_11' title="bbox 128 883 1595 936; baseline -0.003 -11"><span class='ocrx_word' id='word_1_97' title='bbox 128 887 312 935; x_wconf 70' lang='lat' dir='ltr'><strong>dicetur,</strong></span> <span class='ocrx_word' id='word_1_98' title='bbox 351 900 399 925; x_wconf 88' lang='lat' dir='ltr'><strong>an</strong></span> <span class='ocrx_word' id='word_1_99' title='bbox 428 892 538 925; x_wconf 88' lang='lat' dir='ltr'><strong>certe</strong></span> <span class='ocrx_word' id='word_1_100' title='bbox 566 899 646 925; x_wconf 88' lang='lat' dir='ltr'><strong>non</strong></span> <span class='ocrx_word' id='word_1_101' title='bbox 674 883 876 936; x_wconf 86' lang='lat' dir='ltr'><strong>semper&#39;’.</strong></span> <span class='ocrx_word' id='word_1_102' title='bbox 945 885 1007 924; x_wconf 82' lang='lat' dir='ltr'><strong>Ex</strong></span> <span class='ocrx_word' id='word_1_103' title='bbox 1037 885 1163 923; x_wconf 85' lang='lat' dir='ltr'><strong>altero</strong></span> <span class='ocrx_word' id='word_1_104' title='bbox 1193 884 1281 923; x_wconf 92' lang='lat' dir='ltr'><strong>loco</strong></span> <span class='ocrx_word' id='word_1_105' title='bbox 1309 885 1430 936; x_wconf 82' lang='lat' dir='ltr'><strong>igitur</strong></span> <span class='ocrx_word' id='word_1_106' title='bbox 1459 884 1595 936; x_wconf 77' lang='lat' dir='ltr'><strong>colligi</strong></span> 
     </span>
     <span class='ocr_line' id='line_1_12' title="bbox 130 945 1594 1002; baseline -0.001 -13"><span class='ocrx_word' id='word_1_107' title='bbox 130 964 252 1002; x_wconf 87' lang='lat' dir='ltr'><strong>posse</strong></span> <span class='ocrx_word' id='word_1_108' title='bbox 279 951 437 989; x_wconf 84' lang='lat' dir='ltr'><strong>videtur</strong></span> <span class='ocrx_word' id='word_1_109' title='bbox 468 951 680 990; x_wconf 85' lang='lat' dir='ltr'><strong>Boethium</strong></span> <span class='ocrx_word' id='word_1_110' title='bbox 709 962 768 990; x_wconf 87' lang='lat' dir='ltr'><strong>vs.</strong></span> <span class='ocrx_word' id='word_1_111' title='bbox 796 950 849 987; x_wconf 82' lang='lat'><strong>20</strong></span> <span class='ocrx_word' id='word_1_112' title='bbox 876 949 1024 1002; x_wconf 79' lang='lat' dir='ltr'><strong>legisse</strong></span> <span class='ocrx_word' id='word_1_113' title='bbox 1051 946 1078 1001; x_wconf 83' lang='grc' dir='ltr'>ἢ</span> <span class='ocrx_word' id='word_1_114' title='bbox 1105 945 1183 989; x_wconf 86' lang='grc' dir='ltr'><strong>τὸν</strong></span> <span class='ocrx_word' id='word_1_115' title='bbox 1208 946 1305 989; x_wconf 84' lang='grc' dir='ltr'><strong><em>τινὰ</em></strong></span> <span class='ocrx_word' id='word_1_116' title='bbox 1333 946 1490 988; x_wconf 82' lang='grc' dir='ltr'><strong><em>λευκὸν</em></strong></span> <span class='ocrx_word' id='word_1_117' title='bbox 1518 949 1594 988; x_wconf 81' lang='grc' dir='ltr'><strong>ἄν-</strong></span> 
     </span>
     <span class='ocr_line' id='line_1_13' title="bbox 129 1012 1593 1066; baseline -0.001 -12"><span class='ocrx_word' id='word_1_118' title='bbox 129 1016 313 1066; x_wconf 81' lang='grc' dir='ltr'>θρωπον</span> <span class='ocrx_word' id='word_1_119' title='bbox 352 1015 512 1053; x_wconf 87' lang='lat' dir='ltr'><strong>omissis</strong></span> <span class='ocrx_word' id='word_1_120' title='bbox 541 1015 671 1053; x_wconf 87' lang='lat' dir='ltr'><strong>verbis</strong></span> <span class='ocrx_word' id='word_1_121' title='bbox 700 1014 941 1064; x_wconf 79' lang='grc' dir='ltr'><strong><em>ἄνθρωπον</em></strong></span> <span class='ocrx_word' id='word_1_122' title='bbox 969 1012 1151 1063; x_wconf 84' lang='grc' dir='ltr'><strong><em>λευκόν,</em></strong></span> <span class='ocrx_word' id='word_1_123' title='bbox 1193 1027 1295 1066; x_wconf 80' lang='lat' dir='ltr'><strong>quae</strong></span> <span class='ocrx_word' id='word_1_124' title='bbox 1323 1013 1418 1052; x_wconf 87' lang='lat' dir='ltr'><strong>addi</strong></span> <span class='ocrx_word' id='word_1_125' title='bbox 1448 1013 1593 1062; x_wconf 76' lang='lat' dir='ltr'><strong>solent,</strong></span> 
     </span>
     <span class='ocr_line' id='line_1_14' title="bbox 129 1075 1595 1130; baseline -0.002 -13"><span class='ocrx_word' id='word_1_126' title='bbox 129 1092 179 1118; x_wconf 82' lang='lat' dir='ltr'><strong>ex</strong></span> <span class='ocrx_word' id='word_1_127' title='bbox 216 1081 341 1118; x_wconf 87' lang='lat' dir='ltr'><strong>altero</strong></span> <span class='ocrx_word' id='word_1_128' title='bbox 381 1082 515 1117; x_wconf 88' lang='lat' dir='ltr'><strong>autem</strong></span> <span class='ocrx_word' id='word_1_129' title='bbox 555 1075 582 1130; x_wconf 85' lang='grc' dir='ltr'>ἢ</span> <span class='ocrx_word' id='word_1_130' title='bbox 610 1076 687 1118; x_wconf 85' lang='grc' dir='ltr'><strong>τὸν</strong></span> <span class='ocrx_word' id='word_1_131' title='bbox 713 1076 810 1119; x_wconf 84' lang='grc' dir='ltr'><strong><em>τινὰ</em></strong></span> <span class='ocrx_word' id='word_1_132' title='bbox 837 1077 994 1119; x_wconf 82' lang='grc' dir='ltr'><strong><em>λευκὸν</em></strong></span> <span class='ocrx_word' id='word_1_133' title='bbox 1020 1076 1189 1118; x_wconf 84' lang='grc' dir='ltr'><strong><em>λευκόν.</em></strong></span> <span class='ocrx_word' id='word_1_134' title='bbox 1245 1078 1472 1129; x_wconf 88' lang='lat' dir='ltr'><strong>Utrumque</strong></span> <span class='ocrx_word' id='word_1_135' title='bbox 1500 1089 1595 1115; x_wconf 89' lang='lat' dir='ltr'><strong>con-</strong></span> 
     </span>
     <span class='ocr_line' id='line_1_15' title="bbox 128 1139 1596 1194; baseline -0.001 -13"><span class='ocrx_word' id='word_1_136' title='bbox 128 1143 338 1192; x_wconf 78' lang='lat' dir='ltr'><strong>ciliabitur,</strong></span> <span class='ocrx_word' id='word_1_137' title='bbox 361 1144 392 1180; x_wconf 86' lang='lat' dir='ltr'><strong>si</strong></span> <span class='ocrx_word' id='word_1_138' title='bbox 416 1142 597 1192; x_wconf 78' lang='lat' dir='ltr'><strong>legimus,</strong></span> <span class='ocrx_word' id='word_1_139' title='bbox 624 1143 730 1194; x_wconf 85' lang='lat' dir='ltr'><strong>quod</strong></span> <span class='ocrx_word' id='word_1_140' title='bbox 758 1156 814 1181; x_wconf 86' lang='lat' dir='ltr'><strong>vs.</strong></span> <span class='ocrx_word' id='word_1_141' title='bbox 833 1145 886 1181; x_wconf 82' lang='lat'><strong>20</strong></span> <span class='ocrx_word' id='word_1_142' title='bbox 915 1157 938 1181; x_wconf 93' lang='lat' dir='ltr'><strong>e</strong></span> <span class='ocrx_word' id='word_1_143' title='bbox 965 1144 1053 1182; x_wconf 88' lang='lat' dir='ltr'><strong>cod.</strong></span> <span class='ocrx_word' id='word_1_144' title='bbox 1083 1156 1111 1181; x_wconf 77' lang='lat' dir='ltr'><strong>n</strong></span> <span class='ocrx_word' id='word_1_145' title='bbox 1140 1143 1322 1181; x_wconf 84' lang='lat' dir='ltr'><strong>dedimus</strong></span> <span class='ocrx_word' id='word_1_146' title='bbox 1350 1139 1377 1194; x_wconf 80' lang='grc' dir='ltr'>ἢ</span> <span class='ocrx_word' id='word_1_147' title='bbox 1407 1140 1485 1181; x_wconf 85' lang='grc' dir='ltr'><strong>τὸν</strong></span> <span class='ocrx_word' id='word_1_148' title='bbox 1500 1139 1596 1181; x_wconf 84' lang='grc' dir='ltr'><strong><em>τινὰ</em></strong></span> 
     </span>
     <span class='ocr_line' id='line_1_16' title="bbox 127 1205 1595 1256; baseline -0.001 -10"><span class='ocrx_word' id='word_1_149' title='bbox 127 1206 283 1246; x_wconf 80' lang='grc' dir='ltr'><strong><em>λευκὸν</em></strong></span> <span class='ocrx_word' id='word_1_150' title='bbox 309 1208 550 1255; x_wconf 80' lang='grc' dir='ltr'><em>ἄνθρωπον</em></span> <span class='ocrx_word' id='word_1_151' title='bbox 576 1205 754 1254; x_wconf 81' lang='grc' dir='ltr'><strong><em>λευκόν;</em></strong></span> <span class='ocrx_word' id='word_1_152' title='bbox 784 1207 845 1244; x_wconf 86' lang='lat' dir='ltr'><strong>sin</strong></span> <span class='ocrx_word' id='word_1_153' title='bbox 874 1210 1007 1245; x_wconf 86' lang='lat' dir='ltr'><strong>autem</strong></span> <span class='ocrx_word' id='word_1_154' title='bbox 1036 1207 1238 1256; x_wconf 80' lang='lat' dir='ltr'><strong>vulgarem</strong></span> <span class='ocrx_word' id='word_1_155' title='bbox 1267 1205 1477 1244; x_wconf 84' lang='lat' dir='ltr'><strong>lectionem</strong></span> <span class='ocrx_word' id='word_1_156' title='bbox 1508 1218 1595 1245; x_wconf 86' lang='lat' dir='ltr'><strong>ser-</strong></span> 
     </span>
     <span class='ocr_line' id='line_1_17' title="bbox 128 1270 1595 1323; baseline 0 -14"><span class='ocrx_word' id='word_1_157' title='bbox 128 1283 280 1318; x_wconf 72' lang='lat' dir='ltr'><strong>vamus,</strong></span> <span class='ocrx_word' id='word_1_158' title='bbox 310 1270 537 1322; x_wconf 86' lang='lat' dir='ltr'><strong>exemplum</strong></span> <span class='ocrx_word' id='word_1_159' title='bbox 559 1271 689 1322; x_wconf 88' lang='lat' dir='ltr'><strong>ipsum</strong></span> <span class='ocrx_word' id='word_1_160' title='bbox 714 1271 752 1310; x_wconf 89' lang='lat' dir='ltr'><strong>ei</strong></span> <span class='ocrx_word' id='word_1_161' title='bbox 775 1271 893 1323; x_wconf 86' lang='lat' dir='ltr'><strong>plane</strong></span> <span class='ocrx_word' id='word_1_162' title='bbox 922 1270 1158 1309; x_wconf 79' lang='lat' dir='ltr'><strong>contradicit</strong></span> <span class='ocrx_word' id='word_1_163' title='bbox 1186 1270 1293 1320; x_wconf 89' lang='lat' dir='ltr'><strong>quod</strong></span> <span class='ocrx_word' id='word_1_164' title='bbox 1321 1270 1494 1321; x_wconf 86' lang='lat' dir='ltr'><strong>probare</strong></span> <span class='ocrx_word' id='word_1_165' title='bbox 1522 1271 1595 1309; x_wconf 87' lang='lat' dir='ltr'><strong>de-</strong></span> 
     </span>
     <span class='ocr_line' id='line_1_18' title="bbox 128 1333 1596 1385; baseline -0.001 -11"><span class='ocrx_word' id='word_1_166' title='bbox 128 1334 219 1374; x_wconf 81' lang='lat' dir='ltr'><strong>bet:</strong></span> <span class='ocrx_word' id='word_1_167' title='bbox 262 1336 464 1374; x_wconf 85' lang='lat' dir='ltr'><strong>sententia</strong></span> <span class='ocrx_word' id='word_1_168' title='bbox 497 1336 603 1373; x_wconf 85' lang='lat' dir='ltr'><strong>enim</strong></span> <span class='ocrx_word' id='word_1_169' title='bbox 631 1336 732 1374; x_wconf 85' lang='lat' dir='ltr'><strong>haec</strong></span> <span class='ocrx_word' id='word_1_170' title='bbox 760 1340 836 1376; x_wconf 86' lang='lat' dir='ltr'><strong>est.</strong></span> <span class='ocrx_word' id='word_1_171' title='bbox 902 1335 954 1374; x_wconf 81' lang='lat' dir='ltr'><strong>At</strong></span> <span class='ocrx_word' id='word_1_172' title='bbox 984 1339 1096 1374; x_wconf 90' lang='lat' dir='ltr'><strong>certe</strong></span> <span class='ocrx_word' id='word_1_173' title='bbox 1124 1335 1202 1373; x_wconf 83' lang='lat' dir='ltr'><strong>erit</strong></span> <span class='ocrx_word' id='word_1_174' title='bbox 1229 1333 1376 1385; x_wconf 88' lang='lat' dir='ltr'><strong>aliquid</strong></span> <span class='ocrx_word' id='word_1_175' title='bbox 1405 1334 1512 1385; x_wconf 84' lang='lat' dir='ltr'><strong>quod</strong></span> <span class='ocrx_word' id='word_1_176' title='bbox 1542 1334 1596 1373; x_wconf 88' lang='lat' dir='ltr'><strong>de</strong></span> 
     </span>
     <span class='ocr_line' id='line_1_19' title="bbox 129 1398 1597 1451; baseline 0 -13"><span class='ocrx_word' id='word_1_177' title='bbox 129 1399 293 1450; x_wconf 79' lang='lat' dir='ltr'><strong>singulis</strong></span> <span class='ocrx_word' id='word_1_178' title='bbox 330 1400 451 1438; x_wconf 87' lang='lat' dir='ltr'><strong>rebus</strong></span> <span class='ocrx_word' id='word_1_179' title='bbox 491 1399 612 1437; x_wconf 83' lang='lat' dir='ltr'><strong>etiam</strong></span> <span class='ocrx_word' id='word_1_180' title='bbox 651 1413 833 1439; x_wconf 83' lang='lat' dir='ltr'><strong>seorsum</strong></span> <span class='ocrx_word' id='word_1_181' title='bbox 871 1399 1096 1451; x_wconf 86' lang='lat' dir='ltr'><strong>praedicari</strong></span> <span class='ocrx_word' id='word_1_182' title='bbox 1123 1399 1292 1450; x_wconf 81' lang='lat' dir='ltr'><strong>poterit,</strong></span> <span class='ocrx_word' id='word_1_183' title='bbox 1322 1403 1366 1437; x_wconf 91' lang='lat' dir='ltr'><strong>ut</strong></span> <span class='ocrx_word' id='word_1_184' title='bbox 1394 1398 1516 1437; x_wconf 88' lang='lat' dir='ltr'><strong>homo</strong></span> <span class='ocrx_word' id='word_1_185' title='bbox 1545 1399 1597 1438; x_wconf 88' lang='lat' dir='ltr'><strong>de</strong></span> 
     </span>
     <span class='ocr_line' id='line_1_20' title="bbox 130 1462 1596 1514; baseline -0.001 -12"><span class='ocrx_word' id='word_1_186' title='bbox 130 1463 293 1503; x_wconf 84' lang='lat' dir='ltr'><strong>homine</strong></span> <span class='ocrx_word' id='word_1_187' title='bbox 330 1464 502 1514; x_wconf 86' lang='lat' dir='ltr'><strong>quodam</strong></span> <span class='ocrx_word' id='word_1_188' title='bbox 541 1464 603 1502; x_wconf 78' lang='lat' dir='ltr'><strong>vel</strong></span> <span class='ocrx_word' id='word_1_189' title='bbox 641 1464 692 1503; x_wconf 89' lang='lat' dir='ltr'><strong>de</strong></span> <span class='ocrx_word' id='word_1_190' title='bbox 729 1465 819 1503; x_wconf 85' lang='lat' dir='ltr'><strong>albo</strong></span> <span class='ocrx_word' id='word_1_191' title='bbox 858 1464 1030 1514; x_wconf 85' lang='lat' dir='ltr'><strong>quodam</strong></span> <span class='ocrx_word' id='word_1_192' title='bbox 1066 1463 1227 1502; x_wconf 90' lang='lat' dir='ltr'><strong>homine</strong></span> <span class='ocrx_word' id='word_1_193' title='bbox 1255 1463 1402 1502; x_wconf 88' lang='lat' dir='ltr'><strong>album.</strong></span> <span class='ocrx_word' id='word_1_194' title='bbox 1459 1462 1596 1512; x_wconf 79' lang='lat' dir='ltr'><strong>Quare</strong></span> 
     </span>
     <span class='ocr_line' id='line_1_21' title="bbox 128 1527 1595 1578; baseline -0.002 -11"><span class='ocrx_word' id='word_1_195' title='bbox 128 1540 206 1567; x_wconf 88' lang='lat' dir='ltr'><strong>non</strong></span> <span class='ocrx_word' id='word_1_196' title='bbox 236 1529 351 1567; x_wconf 84' lang='lat' dir='ltr'><strong>video</strong></span> <span class='ocrx_word' id='word_1_197' title='bbox 380 1528 579 1577; x_wconf 82' lang='lat' dir='ltr'><strong>quomodo</strong></span> <span class='ocrx_word' id='word_1_198' title='bbox 610 1528 730 1566; x_wconf 87' lang='lat' dir='ltr'><strong>lectio</strong></span> <span class='ocrx_word' id='word_1_199' title='bbox 759 1529 929 1578; x_wconf 77' lang='lat' dir='ltr'><strong>vulgaris</strong></span> <span class='ocrx_word' id='word_1_200' title='bbox 958 1527 1057 1566; x_wconf 87' lang='lat' dir='ltr'><strong>ferri</strong></span> <span class='ocrx_word' id='word_1_201' title='bbox 1086 1528 1239 1578; x_wconf 77' lang='lat' dir='ltr'><strong>possit:</strong></span> <span class='ocrx_word' id='word_1_202' title='bbox 1275 1527 1462 1578; x_wconf 83' lang='lat' dir='ltr'><strong>exempla</strong></span> <span class='ocrx_word' id='word_1_203' title='bbox 1490 1527 1595 1565; x_wconf 89' lang='lat' dir='ltr'><strong>enim</strong></span> 
     </span>
     <span class='ocr_line' id='line_1_22' title="bbox 129 1590 1599 1644; baseline -0.001 -13"><span class='ocrx_word' id='word_1_204' title='bbox 129 1592 300 1644; x_wconf 85' lang='lat' dir='ltr'><strong>probare</strong></span> <span class='ocrx_word' id='word_1_205' title='bbox 328 1592 497 1640; x_wconf 87' lang='lat' dir='ltr'><strong>debent,</strong></span> <span class='ocrx_word' id='word_1_206' title='bbox 537 1592 641 1643; x_wconf 87' lang='lat' dir='ltr'><strong>quod</strong></span> <span class='ocrx_word' id='word_1_207' title='bbox 672 1591 820 1641; x_wconf 82' lang='lat' dir='ltr'><strong>aliquid</strong></span> <span class='ocrx_word' id='word_1_208' title='bbox 850 1603 1031 1630; x_wconf 88' lang='lat' dir='ltr'><strong>seorsum</strong></span> <span class='ocrx_word' id='word_1_209' title='bbox 1063 1590 1286 1641; x_wconf 86' lang='lat' dir='ltr'><strong>praedicari</strong></span> <span class='ocrx_word' id='word_1_210' title='bbox 1315 1592 1457 1642; x_wconf 87' lang='lat' dir='ltr'><strong>possit.</strong></span> <span class='ocrx_word' id='word_1_211' title='bbox 1513 1590 1599 1631; x_wconf 84' lang='lat' dir='ltr'><strong>Ve-</strong></span> 
     </span>
     <span class='ocr_line' id='line_1_23' title="bbox 127 1655 1597 1707; baseline -0.001 -13"><span class='ocrx_word' id='word_1_212' title='bbox 127 1657 296 1695; x_wconf 87' lang='lat' dir='ltr'><strong>risimile</strong></span> <span class='ocrx_word' id='word_1_213' title='bbox 333 1657 491 1707; x_wconf 79' lang='lat' dir='ltr'><strong>quidem</strong></span> <span class='ocrx_word' id='word_1_214' title='bbox 533 1660 596 1694; x_wconf 87' lang='lat' dir='ltr'><strong>est</strong></span> <span class='ocrx_word' id='word_1_215' title='bbox 631 1657 749 1695; x_wconf 84' lang='lat' dir='ltr'><strong>etiam</strong></span> <span class='ocrx_word' id='word_1_216' title='bbox 778 1655 947 1694; x_wconf 84' lang='lat' dir='ltr'><strong>alterum</strong></span> <span class='ocrx_word' id='word_1_217' title='bbox 978 1655 1218 1705; x_wconf 79' lang='grc' dir='ltr'>ἄνθρωπον</span> <span class='ocrx_word' id='word_1_218' title='bbox 1247 1655 1463 1694; x_wconf 89' lang='lat' dir='ltr'><strong>delendum</strong></span> <span class='ocrx_word' id='word_1_219' title='bbox 1492 1668 1597 1704; x_wconf 81' lang='lat' dir='ltr'><strong>esse,</strong></span> 
     </span>
     <span class='ocr_line' id='line_1_24' title="bbox 131 1719 1593 1771; baseline 0.001 -12"><span class='ocrx_word' id='word_1_220' title='bbox 131 1721 236 1771; x_wconf 86' lang='lat' dir='ltr'><strong>quod</strong></span> <span class='ocrx_word' id='word_1_221' title='bbox 276 1733 352 1760; x_wconf 92' lang='lat' dir='ltr'><strong>non</strong></span> <span class='ocrx_word' id='word_1_222' title='bbox 395 1721 484 1759; x_wconf 79' lang='lat' dir='ltr'><strong>ausi</strong></span> <span class='ocrx_word' id='word_1_223' title='bbox 513 1733 675 1766; x_wconf 73' lang='lat' dir='ltr'><strong>sumuS,</strong></span> <span class='ocrx_word' id='word_1_224' title='bbox 705 1733 756 1759; x_wconf 90' lang='lat' dir='ltr'><strong>ne</strong></span> <span class='ocrx_word' id='word_1_225' title='bbox 785 1720 881 1769; x_wconf 89' lang='lat' dir='ltr'><strong>quid</strong></span> <span class='ocrx_word' id='word_1_226' title='bbox 910 1719 1100 1758; x_wconf 80' lang='lat' dir='ltr'><strong>audacius</strong></span> <span class='ocrx_word' id='word_1_227' title='bbox 1130 1720 1350 1758; x_wconf 83' lang='lat' dir='ltr'><strong>mutavisse</strong></span> <span class='ocrx_word' id='word_1_228' title='bbox 1375 1719 1593 1760; x_wconf 83' lang='lat' dir='ltr'><strong>videamur.</strong></span> 
     </span>
     <span class='ocr_line' id='line_1_25' title="bbox 129 1783 1596 1834; baseline -0.001 -12"><span class='ocrx_word' id='word_1_229' title='bbox 129 1784 269 1822; x_wconf 84' lang='lat' dir='ltr'><strong>Lectio</strong></span> <span class='ocrx_word' id='word_1_230' title='bbox 292 1784 464 1832; x_wconf 70' lang='lat' dir='ltr'><strong>vulgaris</strong></span> <span class='ocrx_word' id='word_1_231' title='bbox 491 1797 585 1822; x_wconf 80' lang='lat' dir='ltr'><strong>vero</strong></span> <span class='ocrx_word' id='word_1_232' title='bbox 614 1784 707 1822; x_wconf 91' lang='lat' dir='ltr'><strong>inde</strong></span> <span class='ocrx_word' id='word_1_233' title='bbox 735 1784 891 1822; x_wconf 82' lang='lat' dir='ltr'><strong>videtur</strong></span> <span class='ocrx_word' id='word_1_234' title='bbox 919 1784 1109 1833; x_wconf 81' lang='lat' dir='ltr'><strong>originem</strong></span> <span class='ocrx_word' id='word_1_235' title='bbox 1138 1784 1342 1829; x_wconf 80' lang='lat' dir='ltr'><strong>habuisse,</strong></span> <span class='ocrx_word' id='word_1_236' title='bbox 1371 1784 1478 1834; x_wconf 85' lang='lat' dir='ltr'><strong>quod</strong></span> <span class='ocrx_word' id='word_1_237' title='bbox 1507 1783 1596 1834; x_wconf 85' lang='lat' dir='ltr'><strong>quis</strong></span> 
     </span>
     <span class='ocr_line' id='line_1_26' title="bbox 131 1846 1596 1899; baseline 0 -13"><span class='ocrx_word' id='word_1_238' title='bbox 131 1847 302 1887; x_wconf 85' lang='lat' dir='ltr'><strong>alterum</strong></span> <span class='ocrx_word' id='word_1_239' title='bbox 342 1848 568 1899; x_wconf 87' lang='lat' dir='ltr'><strong>exemplum</strong></span> <span class='ocrx_word' id='word_1_240' title='bbox 600 1848 637 1886; x_wconf 89' lang='lat' dir='ltr'><strong>ei</strong></span> <span class='ocrx_word' id='word_1_241' title='bbox 667 1848 772 1898; x_wconf 90' lang='lat' dir='ltr'><strong>qnod</strong></span> <span class='ocrx_word' id='word_1_242' title='bbox 803 1848 1024 1899; x_wconf 82' lang='lat' dir='ltr'><strong>praecessit</strong></span> <span class='ocrx_word' id='word_1_243' title='bbox 1053 1847 1185 1885; x_wconf 89' lang='lat' dir='ltr'><strong>simile</strong></span> <span class='ocrx_word' id='word_1_244' title='bbox 1213 1860 1306 1885; x_wconf 83' lang='lat' dir='ltr'><strong>esse</strong></span> <span class='ocrx_word' id='word_1_245' title='bbox 1334 1846 1485 1885; x_wconf 89' lang='lat' dir='ltr'><strong>debere</strong></span> <span class='ocrx_word' id='word_1_246' title='bbox 1513 1860 1596 1899; x_wconf 89' lang='lat' dir='ltr'><strong>pu-</strong></span> 
     </span>
     <span class='ocr_line' id='line_1_27' title="bbox 129 1911 1596 1963; baseline 0.001 -14"><span class='ocrx_word' id='word_1_247' title='bbox 129 1916 255 1950; x_wconf 84' lang='lat' dir='ltr'><strong>taret:</strong></span> <span class='ocrx_word' id='word_1_248' title='bbox 284 1924 399 1962; x_wconf 87' lang='lat' dir='ltr'><strong>qnam</strong></span> <span class='ocrx_word' id='word_1_249' title='bbox 425 1912 583 1963; x_wconf 86' lang='lat' dir='ltr'><strong>quidem</strong></span> <span class='ocrx_word' id='word_1_250' title='bbox 615 1912 912 1950; x_wconf 85' lang='lat' dir='ltr'><strong>similitudinem</strong></span> <span class='ocrx_word' id='word_1_251' title='bbox 943 1915 986 1949; x_wconf 86' lang='lat' dir='ltr'><strong>ut</strong></span> <span class='ocrx_word' id='word_1_252' title='bbox 1014 1911 1210 1956; x_wconf 82' lang='lat' dir='ltr'><strong>efficeret,</strong></span> <span class='ocrx_word' id='word_1_253' title='bbox 1238 1911 1407 1949; x_wconf 79' lang='lat' dir='ltr'><strong>alterum</strong></span> <span class='ocrx_word' id='word_1_254' title='bbox 1422 1911 1596 1962; x_wconf 81' lang='grc' dir='ltr'><em>ἄνθρω·</em></span> 
     </span>
     <span class='ocr_line' id='line_1_28' title="bbox 130 1975 1595 2026; baseline -0.001 -11"><span class='ocrx_word' id='word_1_255' title='bbox 130 1987 216 2016; x_wconf 73' lang='grc' dir='ltr'><strong>πον</strong></span> <span class='ocrx_word' id='word_1_256' title='bbox 245 1976 404 2014; x_wconf 76' lang='lat' dir='ltr'><strong>videtur</strong></span> <span class='ocrx_word' id='word_1_257' title='bbox 431 1976 646 2014; x_wconf 83' lang='lat' dir='ltr'><strong>addidisse.</strong></span> <span class='ocrx_word' id='word_1_258' title='bbox 677 1997 728 2003; x_wconf 84' lang='lat'><strong>-·</strong></span> <span class='ocrx_word' id='word_1_259' title='bbox 766 1975 825 2014; x_wconf 92' lang='lat' dir='ltr'><strong>De</strong></span> <span class='ocrx_word' id='word_1_260' title='bbox 853 1975 1090 2026; x_wconf 81' lang='lat' dir='ltr'><strong>pronomine</strong></span> <span class='ocrx_word' id='word_1_261' title='bbox 1126 1975 1335 2014; x_wconf 85' lang='lat' dir='ltr'><strong>indefinito</strong></span> <span class='ocrx_word' id='word_1_262' title='bbox 1375 1988 1466 2014; x_wconf 90' lang='lat' dir='ltr'><strong>cum</strong></span> <span class='ocrx_word' id='word_1_263' title='bbox 1495 1975 1595 2014; x_wconf 87' lang='lat' dir='ltr'><strong>arti-</strong></span> 
     </span>
     <span class='ocr_line' id='line_1_29' title="bbox 129 2038 1098 2090; baseline -0.002 -11"><span class='ocrx_word' id='word_1_264' title='bbox 129 2040 220 2079; x_wconf 89' lang='lat' dir='ltr'><strong>culo</strong></span> <span class='ocrx_word' id='word_1_265' title='bbox 248 2040 461 2078; x_wconf 88' lang='lat' dir='ltr'><strong>coniuncto</strong></span> <span class='ocrx_word' id='word_1_266' title='bbox 490 2052 525 2078; x_wconf 75' lang='lat' dir='ltr'><strong>v·</strong></span> <span class='ocrx_word' id='word_1_267' title='bbox 554 2052 658 2090; x_wconf 88' lang='lat' dir='ltr'><strong>quae</strong></span> <span class='ocrx_word' id='word_1_268' title='bbox 686 2039 858 2078; x_wconf 88' lang='lat' dir='ltr'><strong>diximus</strong></span> <span class='ocrx_word' id='word_1_269' title='bbox 886 2038 935 2076; x_wconf 82' lang='lat' dir='ltr'><strong>ad</strong></span> <span class='ocrx_word' id='word_1_270' title='bbox 967 2040 1098 2078; x_wconf 83' lang='lat' dir='ltr'><strong>1a22.</strong></span> 
     </span>
    </p>

    <p class='ocr_par' dir='ltr' id='par_1_3' title="bbox 75 2102 1595 2219">
     <span class='ocr_line' id='line_1_30' title="bbox 75 2102 1595 2154; baseline -0.001 -11"><span class='ocrx_word' id='word_1_271' title='bbox 75 2105 225 2143; x_wconf 76' lang='lat' dir='ltr'><strong>21a21</strong></span> <span class='ocrx_word' id='word_1_272' title='bbox 256 2103 541 2143; x_wconf 81' lang='lat' dir='ltr'><strong>Verumtamen</strong></span> <span class='ocrx_word' id='word_1_273' title='bbox 584 2117 764 2142; x_wconf 84' lang='lat' dir='ltr'><strong>seorsum</strong></span> <span class='ocrx_word' id='word_1_274' title='bbox 804 2102 949 2154; x_wconf 89' lang='lat' dir='ltr'><strong>aliquid</strong></span> <span class='ocrx_word' id='word_1_275' title='bbox 982 2103 1218 2154; x_wconf 83' lang='lat' dir='ltr'><strong>praedicare</strong></span> <span class='ocrx_word' id='word_1_276' title='bbox 1246 2115 1326 2141; x_wconf 91' lang='lat' dir='ltr'><strong>non</strong></span> <span class='ocrx_word' id='word_1_277' title='bbox 1356 2102 1466 2151; x_wconf 72' lang='lat' dir='ltr'><strong>licet,</strong></span> <span class='ocrx_word' id='word_1_278' title='bbox 1493 2103 1528 2142; x_wconf 88' lang='lat' dir='ltr'><strong>si</strong></span> <span class='ocrx_word' id='word_1_279' title='bbox 1556 2104 1595 2142; x_wconf 89' lang='lat' dir='ltr'><strong>in</strong></span> 
     </span>
     <span class='ocr_line' id='line_1_31' title="bbox 128 2167 1595 2219; baseline -0.001 -12"><span class='ocrx_word' id='word_1_280' title='bbox 128 2181 178 2207; x_wconf 91' lang='lat' dir='ltr'><strong>eo</strong></span> <span class='ocrx_word' id='word_1_281' title='bbox 207 2167 312 2219; x_wconf 90' lang='lat' dir='ltr'><strong>quod</strong></span> <span class='ocrx_word' id='word_1_282' title='bbox 350 2169 531 2206; x_wconf 87' lang='lat' dir='ltr'><strong>subiecto</strong></span> <span class='ocrx_word' id='word_1_283' title='bbox 569 2168 759 2206; x_wconf 76' lang='lat' dir='ltr'><strong>orationis</strong></span> <span class='ocrx_word' id='word_1_284' title='bbox 787 2167 995 2217; x_wconf 87' lang='lat' dir='ltr'><strong>adiicitur,</strong></span> <span class='ocrx_word' id='word_1_285' title='bbox 1029 2167 1136 2206; x_wconf 88' lang='lat' dir='ltr'><strong>inest</strong></span> <span class='ocrx_word' id='word_1_286' title='bbox 1163 2167 1312 2218; x_wconf 85' lang='lat' dir='ltr'><strong>aliquid</strong></span> <span class='ocrx_word' id='word_1_287' title='bbox 1341 2168 1448 2218; x_wconf 88' lang='lat' dir='ltr'><strong>quod</strong></span> <span class='ocrx_word' id='word_1_288' title='bbox 1475 2180 1595 2218; x_wconf 89' lang='lat' dir='ltr'><strong>prae-</strong></span> 
     </span>
    </p>
   </div>
   <div class='ocr_carea' id='block_1_3' title="bbox 128 2231 1669 2346">
    <p class='ocr_par' dir='ltr' id='par_1_4' title="bbox 128 2231 1669 2346">
     <span class='ocr_line' id='line_1_32' title="bbox 128 2231 1669 2286; baseline 0 -16"><span class='ocrx_word' id='word_1_289' title='bbox 128 2232 261 2270; x_wconf 84' lang='lat' dir='ltr'><strong>dicato</strong></span> <span class='ocrx_word' id='word_1_290' title='bbox 297 2231 353 2268; x_wconf 88' lang='lat' dir='ltr'><strong>ita</strong></span> <span class='ocrx_word' id='word_1_291' title='bbox 381 2231 610 2281; x_wconf 86' lang='lat' dir='ltr'><strong>oppositum</strong></span> <span class='ocrx_word' id='word_1_292' title='bbox 638 2236 723 2278; x_wconf 77' lang='lat' dir='ltr'><strong>est,</strong></span> <span class='ocrx_word' id='word_1_293' title='bbox 764 2238 810 2270; x_wconf 87' lang='lat' dir='ltr'><strong>ut</strong></span> <span class='ocrx_word' id='word_1_294' title='bbox 846 2231 938 2268; x_wconf 86' lang='lat' dir='ltr'><strong>inde</strong></span> <span class='ocrx_word' id='word_1_295' title='bbox 966 2236 1156 2282; x_wconf 85' lang='lat' dir='ltr'><strong>sequatur</strong></span> <span class='ocrx_word' id='word_1_296' title='bbox 1185 2231 1444 2280; x_wconf 80' lang='lat' dir='ltr'><strong>repugnantia</strong></span> <span class='ocrx_word' id='word_1_297' title='bbox 1471 2244 1594 2281; x_wconf 88' lang='lat' dir='ltr'><strong>quae-</strong></span> <span class='ocrx_word' id='word_1_298' title='bbox 1664 2260 1669 2286; x_wconf 73' lang='lat'><em>3</em></span> 
     </span>
     <span class='ocr_line' id='line_1_33' title="bbox 130 2293 1593 2346; baseline -0.003 -11"><span class='ocrx_word' id='word_1_299' title='bbox 130 2297 236 2344; x_wconf 89' lang='lat' dir='ltr'><strong>dam,</strong></span> <span class='ocrx_word' id='word_1_300' title='bbox 254 2307 291 2333; x_wconf 91' lang='lat' dir='ltr'><strong>e.</strong></span> <span class='ocrx_word' id='word_1_301' title='bbox 311 2307 347 2346; x_wconf 77' lang='lat' dir='ltr'><strong>g.</strong></span> <span class='ocrx_word' id='word_1_302' title='bbox 369 2295 402 2333; x_wconf 90' lang='lat' dir='ltr'><strong>si</strong></span> <span class='ocrx_word' id='word_1_303' title='bbox 423 2300 604 2333; x_wconf 86' lang='lat' dir='ltr'><strong>mortuus</strong></span> <span class='ocrx_word' id='word_1_304' title='bbox 625 2295 746 2333; x_wconf 86' lang='lat' dir='ltr'><strong>homo</strong></span> <span class='ocrx_word' id='word_1_305' title='bbox 765 2295 921 2333; x_wconf 84' lang='lat' dir='ltr'><strong>dicatur</strong></span> <span class='ocrx_word' id='word_1_306' title='bbox 937 2293 1487 2344; x_wconf 44' lang='lat' dir='ltr'><strong>homog‘Wekexoepsmqs„</strong></span> <span class='ocrx_word' id='word_1_307' title='bbox 1503 2296 1593 2344; x_wconf 84' lang='lat'>24),</span> 
     </span>
    </p>
   </div>
   <div class='ocr_carea' id='block_1_4' title="bbox 130 2354 1661 2412">
    <p class='ocr_par' dir='ltr' id='par_1_5' title="bbox 130 2354 1661 2412">
     <span class='ocr_line' id='line_1_34' title="bbox 130 2354 1661 2412; baseline 0 -14"><span class='ocrx_word' id='word_1_308' title='bbox 130 2373 247 2412; x_wconf 85' lang='lat' dir='ltr'><strong>quam</strong></span> <span class='ocrx_word' id='word_1_309' title='bbox 276 2355 617 2407; x_wconf 48' lang='lat' dir='ltr'><strong>inss‘dffiffifim,</strong></span> <span class='ocrx_word' id='word_1_310' title='bbox 650 2359 809 2397; x_wconf 78' lang='lat' dir='ltr'><strong>rectius</strong></span> <span class='ocrx_word' id='word_1_311' title='bbox 825 2359 882 2397; x_wconf 70' lang='lat' dir='ltr'><strong>ita</strong></span> <span class='ocrx_word' id='word_1_312' title='bbox 911 2359 1169 2410; x_wconf 80' lang='lat' dir='ltr'><strong>exprimitur,</strong></span> <span class='ocrx_word' id='word_1_313' title='bbox 1197 2358 1320 2407; x_wconf 46' lang='grc' dir='ltr'><strong>τῖς-εἰ</strong></span> <span class='ocrx_word' id='word_1_314' title='bbox 1339 2371 1450 2409; x_wconf 82' lang='lat' dir='ltr'><strong>-quae</strong></span> <span class='ocrx_word' id='word_1_315' title='bbox 1475 2371 1597 2410; x_wconf 79' lang='lat' dir='ltr'><strong>repu-</strong></span> <span class='ocrx_word' id='word_1_316' title='bbox 1651 2354 1661 2398; x_wconf 72' lang='grc' dir='ltr'><strong><em>Ῐ</em></strong></span> 
     </span>
    </p>
   </div>
   <div class='ocr_carea' id='block_1_5' title="bbox 127 2416 1658 2784">
    <p class='ocr_par' dir='ltr' id='par_1_6' title="bbox 127 2416 1658 2784">
     <span class='ocr_line' id='line_1_35' title="bbox 130 2416 1651 2475; baseline 0 -12"><span class='ocrx_word' id='word_1_317' title='bbox 130 2424 292 2475; x_wconf 81' lang='lat' dir='ltr'><strong>guantia</strong></span> <span class='ocrx_word' id='word_1_318' title='bbox 330 2424 383 2462; x_wconf 89' lang='lat' dir='ltr'><strong>sit</strong></span> <span class='ocrx_word' id='word_1_319' title='bbox 419 2423 524 2462; x_wconf 86' lang='lat' dir='ltr'><strong>inter</strong></span> <span class='ocrx_word' id='word_1_320' title='bbox 562 2422 604 2461; x_wconf 85' lang='lat' dir='ltr'><strong>id</strong></span> <span class='ocrx_word' id='word_1_321' title='bbox 643 2422 1034 2474; x_wconf 52' lang='lat' dir='ltr'><strong>qnod-praedicetur</strong></span> <span class='ocrx_word' id='word_1_322' title='bbox 1060 2427 1103 2461; x_wconf 90' lang='lat' dir='ltr'><strong>et</strong></span> <span class='ocrx_word' id='word_1_323' title='bbox 1130 2422 1172 2460; x_wconf 84' lang='lat' dir='ltr'><strong>id</strong></span> <span class='ocrx_word' id='word_1_324' title='bbox 1199 2421 1252 2461; x_wconf 88' lang='lat' dir='ltr'><strong>de</strong></span> <span class='ocrx_word' id='word_1_325' title='bbox 1279 2435 1359 2472; x_wconf 87' lang='lat' dir='ltr'><strong>quo</strong></span> <span class='ocrx_word' id='word_1_326' title='bbox 1385 2422 1596 2475; x_wconf 86' lang='lat' dir='ltr'><strong>praedice-</strong></span> <span class='ocrx_word' id='word_1_327' title='bbox 1639 2416 1651 2463; x_wconf 67' lang='lat'><strong>:³</strong></span> 
     </span>
     <span class='ocr_line' id='line_1_36' title="bbox 131 2477 1640 2540; baseline -0.002 -13"><span class='ocrx_word' id='word_1_328' title='bbox 131 2493 210 2536; x_wconf 77' lang='lat' dir='ltr'><strong>tur,</strong></span> <span class='ocrx_word' id='word_1_329' title='bbox 238 2487 618 2539; x_wconf 47' lang='lat' dir='ltr'><strong>semperwsiffllsa</strong></span> <span class='ocrx_word' id='word_1_330' title='bbox 636 2488 881 2537; x_wconf 73' lang='lat' dir='ltr'><strong>enuntiatio.¹</strong></span> <span class='ocrx_word' id='word_1_331' title='bbox 919 2487 955 2525; x_wconf 85' lang='lat' dir='ltr'><strong>si</strong></span> <span class='ocrx_word' id='word_1_332' title='bbox 982 2499 1070 2525; x_wconf 13' lang='lat' dir='ltr'><strong>nont</strong></span> <span class='ocrx_word' id='word_1_333' title='bbox 1088 2486 1493 2539; x_wconf 74' lang='lat' dir='ltr'><strong>insit-repugnantia,</strong></span> <span class='ocrx_word' id='word_1_334' title='bbox 1520 2499 1599 2525; x_wconf 88' lang='lat' dir='ltr'><strong>non</strong></span> <span class='ocrx_word' id='word_1_335' title='bbox 1628 2477 1640 2540; x_wconf 58' lang='lat' dir='ltr'>J</span> 
     </span>
     <span class='ocr_line' id='line_1_37' title="bbox 131 2551 1626 2603; baseline -0.001 -12"><span class='ocrx_word' id='word_1_336' title='bbox 131 2553 416 2603; x_wconf 53' lang='lat' dir='ltr'><strong>utique-vera:</strong></span> <span class='ocrx_word' id='word_1_337' title='bbox 446 2565 535 2590; x_wconf 86' lang='lat' dir='ltr'><strong>nam</strong></span> <span class='ocrx_word' id='word_1_338' title='bbox 559 2552 592 2589; x_wconf 85' lang='lat' dir='ltr'><strong>si</strong></span> <span class='ocrx_word' id='word_1_339' title='bbox 626 2565 661 2589; x_wconf 85' lang='lat' dir='ltr'><strong>e.</strong></span> <span class='ocrx_word' id='word_1_340' title='bbox 681 2564 718 2602; x_wconf 87' lang='lat' dir='ltr'><strong>g.</strong></span> <span class='ocrx_word' id='word_1_341' title='bbox 748 2553 891 2591; x_wconf 88' lang='lat' dir='ltr'><strong>dicitur</strong></span> <span class='ocrx_word' id='word_1_342' title='bbox 918 2552 1120 2590; x_wconf 87' lang='lat' dir='ltr'><strong>Homerus</strong></span> <span class='ocrx_word' id='word_1_343' title='bbox 1151 2554 1215 2588; x_wconf 87' lang='lat' dir='ltr'><strong>est</strong></span> <span class='ocrx_word' id='word_1_344' title='bbox 1242 2558 1375 2601; x_wconf 82' lang='lat' dir='ltr'><strong>poeta,</strong></span> <span class='ocrx_word' id='word_1_345' title='bbox 1406 2551 1486 2590; x_wconf 92' lang='lat' dir='ltr'><strong>duo</strong></span> <span class='ocrx_word' id='word_1_346' title='bbox 1508 2556 1600 2589; x_wconf 88' lang='lat' dir='ltr'><strong>sunt</strong></span> <span class='ocrx_word' id='word_1_347' title='bbox 1622 2552 1626 2570; x_wconf 77' lang='lat'><em>³</em></span> 
     </span>
     <span class='ocr_line' id='line_1_38' title="bbox 131 2613 1616 2666; baseline -0.001 -12"><span class='ocrx_word' id='word_1_348' title='bbox 131 2629 234 2666; x_wconf 87' lang='lat' dir='ltr'><strong>quae</strong></span> <span class='ocrx_word' id='word_1_349' title='bbox 262 2616 313 2654; x_wconf 91' lang='lat' dir='ltr'><strong>de</strong></span> <span class='ocrx_word' id='word_1_350' title='bbox 342 2616 520 2654; x_wconf 85' lang='lat' dir='ltr'><strong>Homero</strong></span> <span class='ocrx_word' id='word_1_351' title='bbox 549 2616 844 2666; x_wconf 77' lang='lat' dir='ltr'><strong>praedicantur,</strong></span> <span class='ocrx_word' id='word_1_352' title='bbox 871 2613 990 2664; x_wconf 79' lang='lat' dir='ltr'><strong>„est”</strong></span> <span class='ocrx_word' id='word_1_353' title='bbox 1020 2619 1061 2653; x_wconf 91' lang='lat' dir='ltr'><strong>et</strong></span> <span class='ocrx_word' id='word_1_354' title='bbox 1087 2614 1275 2664; x_wconf 71' lang='lat' dir='ltr'><strong>„poeta&#39;&#39;‚</strong></span> <span class='ocrx_word' id='word_1_355' title='bbox 1307 2627 1438 2666; x_wconf 88' lang='lat' dir='ltr'><strong>neque</strong></span> <span class='ocrx_word' id='word_1_356' title='bbox 1465 2613 1616 2653; x_wconf 36' lang='lat' dir='ltr'><strong>tamen*</strong></span> 
     </span>
     <span class='ocr_line' id='line_1_39' title="bbox 127 2678 1658 2735; baseline -0.001 -16"><span class='ocrx_word' id='word_1_357' title='bbox 127 2681 224 2719; x_wconf 83' lang='lat' dir='ltr'><strong>illud</strong></span> <span class='ocrx_word' id='word_1_358' title='bbox 263 2681 411 2719; x_wconf 90' lang='lat' dir='ltr'><strong>nudum</strong></span> <span class='ocrx_word' id='word_1_359' title='bbox 452 2680 505 2719; x_wconf 86' lang='lat' dir='ltr'><strong>de</strong></span> <span class='ocrx_word' id='word_1_360' title='bbox 543 2693 592 2719; x_wconf 90' lang='lat' dir='ltr'><strong>eo</strong></span> <span class='ocrx_word' id='word_1_361' title='bbox 628 2680 906 2732; x_wconf 78' lang='lat' dir='ltr'><strong>praedicatur,</strong></span> <span class='ocrx_word' id='word_1_362' title='bbox 945 2679 1018 2718; x_wconf 86' lang='lat' dir='ltr'><strong>sed</strong></span> <span class='ocrx_word' id='word_1_363' title='bbox 1047 2691 1125 2723; x_wconf 87' lang='lat' dir='ltr'><strong>non</strong></span> <span class='ocrx_word' id='word_1_364' title='bbox 1150 2678 1235 2726; x_wconf 46' lang='lat' dir='ltr'><strong>nisi,</strong></span> <span class='ocrx_word' id='word_1_365' title='bbox 1256 2683 1608 2734; x_wconf 24' lang='lat' dir='ltr'><strong>quatengqaepogtah</strong></span> <span class='ocrx_word' id='word_1_366' title='bbox 1632 2732 1658 2735; x_wconf 32' lang='lat' dir='ltr'><em>w</em></span> 
     </span>
     <span class='ocr_line' id='line_1_40' title="bbox 135 2742 411 2784; baseline -0.007 -1"><span class='ocrx_word' id='word_1_367' title='bbox 135 2742 411 2784; x_wconf 62' lang='lat' dir='ltr'><strong>esse-dicitur.</strong></span> 
     </span>
    </p>
   </div>
   <div class='ocr_carea' id='block_1_6' title="bbox 79 2780 1600 2903">
    <p class='ocr_par' dir='ltr' id='par_1_7' title="bbox 79 2780 1600 2903">
     <span class='ocr_line' id='line_1_41' title="bbox 79 2780 1600 2860; baseline -0.002 -12"><span class='ocrx_word' id='word_1_368' title='bbox 79 2811 239 2848; x_wconf 80' lang='lat' dir='ltr'><strong>21a29</strong></span> <span class='ocrx_word' id='word_1_369' title='bbox 267 2808 429 2859; x_wconf 84' lang='lat' dir='ltr'><strong>Colligit</strong></span> <span class='ocrx_word' id='word_1_370' title='bbox 457 2821 505 2848; x_wconf 83' lang='lat' dir='ltr'><strong>ex</strong></span> <span class='ocrx_word' id='word_1_371' title='bbox 534 2808 582 2847; x_wconf 88' lang='lat' dir='ltr'><strong>iis</strong></span> <span class='ocrx_word' id='word_1_372' title='bbox 612 2820 714 2858; x_wconf 83' lang='lat' dir='ltr'><strong>quae</strong></span> <span class='ocrx_word' id='word_1_373' title='bbox 740 2780 1062 2860; x_wconf 77' lang='lat' dir='ltr'><strong>praecesserunt.</strong></span> <span class='ocrx_word' id='word_1_374' title='bbox 1130 2805 1172 2845; x_wconf 92' lang='lat' dir='ltr'><strong>In</strong></span> <span class='ocrx_word' id='word_1_375' title='bbox 1211 2806 1355 2858; x_wconf 85' lang='lat' dir='ltr'><strong>quibus</strong></span> <span class='ocrx_word' id='word_1_376' title='bbox 1384 2819 1462 2847; x_wconf 87' lang='lat' dir='ltr'><strong>non</strong></span> <span class='ocrx_word' id='word_1_377' title='bbox 1489 2806 1600 2846; x_wconf 85' lang='lat' dir='ltr'><strong>inest</strong></span> 
     </span>
     <span class='ocr_line' id='line_1_42' title="bbox 1245 2868 1327 2903; baseline 0 -10"><span class='ocrx_word' id='word_1_378' title='bbox 1245 2868 1327 2903; x_wconf 56' lang='lat' dir='ltr'><strong>23ss</strong></span> 
     </span>
    </p>
   </div>
  </div>
 </body>
</html>
