1794 3086
702 201 955 248 Annlytica
983 201 1159 248 priora.
1583 190 1670 240 515⁴

82 287 90 292 ⁸
151 302 279 342 62⁸5
304 298 469 356 ψευδὴς
494 305 538 342 et
562 303 591 340 6
617 298 783 356 ἀληθὴς
807 306 855 342 ut
882 302 1038 353 legatur
1073 313 1216 341 sensus
1241 299 1447 353 requirere
1482 299 1663 340 videtur:

204 379 294 406 nam
323 367 422 406 haec
448 367 571 406 verba
598 367 706 406 dicta
733 380 826 407 esse
852 366 904 406 de
939 362 1144 407 ὑποθέσει
1171 366 1291 418 (11111111
1317 366 1403 417 ipsa
1430 377 1498 404 res
1524 367 1664 422 aperte

203 430 336 480 docet,
364 436 447 471 tum
470 431 639 471 maxime
661 445 764 483 quae
789 431 985 472 habentur
1012 444 1068 471 vs.
1091 434 1116 471 Ἰ
1137 428 1317 482 ὑπάρχει
1341 427 1425 482 γὰρ
1451 426 1501 470 τὸ
1519 430 1561 469 A
1580 426 1664 469 τινὶ

203 495 264 550 τῷ
293 496 354 548 Β,
390 495 432 538 11.
462 509 498 536 6.
526 509 572 536 re
604 507 699 534 vera
734 496 840 535 enim
881 497 1135 549 praedicatur
1162 496 1204 534 A
1230 496 1282 534 de
1317 494 1448 546 aliquo
1477 494 1527 534 Β.
1582 494 1664 533 Sed

203 559 284 601 hoc
304 561 436 616 ipsum
459 566 522 600 est
541 559 647 612 quod
667 572 740 598 nos
768 560 904 609 movit,
931 564 977 600 ut
1004 560 1165 600 alteram
1195 559 1408 599 lectionem
1436 558 1664 610 praeferre-

205 637 319 665 mus:
348 638 438 665 nam
466 636 518 663 ex
545 624 795 663 correctione
822 627 915 663 nata
942 625 1126 664 videntur
1152 621 1316 676 ψευδὴς
1342 629 1386 663 et
1411 621 1590 676 ἀληθής,
1620 628 1665 662 ut

204 700 308 739 quae
334 688 515 727 faciliora
543 688 635 727 sint.
690 688 819 727 Buhle
845 688 988 728 reiecit
1015 689 1175 740 quidem
1206 689 1416 728 lectionem
1439 685 1604 741 ψευδὴς
1624 692 1666 727 et

205 749 394 805 ἀληθής,
434 752 505 792 sed
544 752 675 791 locum
704 753 761 791 ita
787 752 1000 801 intellexit,
1043 758 1087 792 ut
1113 754 1175 792 vix
1204 752 1367 792 futurus
1395 753 1449 792 sit
1476 754 1544 806 qui
1573 765 1664 792 cum

206 829 256 857 eo
283 818 523 857 consentiat:
570 817 668 856 dicit
709 816 813 856 enim
850 816 989 868 „Male
1014 817 1133 870 vulgo
1161 816 1347 870 ψευδής,
1386 817 1493 868 quod
1521 817 1667 857 referri

205 893 284 920 non
320 886 478 935 poterat
513 880 563 920 ad
603 880 845 920 antecedens
880 879 1141 931 α’δύνατον”,
1181 884 1302 922 vertit
1327 888 1462 921 autem
1489 882 1666 932 „falsum

205 946 314 985 enim
340 946 555 995 existeret3
594 958 686 984 cum
722 950 855 985 tamen
893 959 943 986 ex
978 948 1085 986 veris
1121 947 1270 987 falsum
1309 946 1444 998 colligi
1472 950 1666 998 nequeat;

205 1022 310 1050 nunc
337 1014 470 1049 autem
498 1023 636 1050 verum
666 1009 771 1051 est''.
827 1010 941 1060 Quae
968 1024 1086 1062 quem
1115 1024 1277 1051 sensum
1304 1011 1479 1050 habeant
1505 1023 1582 1050 non
1602 1023 1667 1050 as-

206 1087 367 1126 sequor.
420 1075 587 1114 Accedit
624 1074 731 1127 quod
768 1072 884 1126 εἴπερ
922 1076 1038 1114 reddi
1074 1088 1153 1115 non
1192 1080 1327 1128 potest
1354 1090 1429 1128 per
1456 1088 1575 1124 „cum
1603 1079 1666 1114 ta-

150 1171 153 1173 .
203 1136 341 1186 men’',
369 1138 475 1190 quod
505 1151 665 1178 sensum
693 1138 811 1191 plane
838 1139 1030 1180 turbaret.
1047 1162 1097 1168 —
1115 1140 1232 1190 Quod
1261 1140 1473 1192 exponitur
1493 1140 1573 1179 hoc
1589 1145 1667 1179 est.

203 1202 263 1242 Ut
298 1204 492 1256 probetur
531 1203 737 1243 conclusio
777 1204 848 1252 „A
883 1217 962 1243 non
990 1205 1245 1257 praedicatur
1273 1205 1324 1244 de
1352 1205 1460 1243 omni
1488 1203 1526 1243 Β
1554 1216 1587 1243 s.
1616 1205 1668 1243 de

205 1267 338 1319 aliquo
367 1268 404 1307 Β
432 1280 511 1307 11011
548 1267 863 1319 praedicatur”‚
904 1268 1046 1308 sumsit
1073 1268 1311 1308 Aristoteles
1348 1269 1667 1321 propositionem

205 1333 448 1372 contrariam
476 1333 832 1383 (subcontrarium)
859 1333 930 1382 „A
956 1333 1210 1386 praedicatur
1237 1333 1290 1372 de
1317 1334 1448 1385 aliquo
1469 1333 1548 1373 B'’.
1585 1332 1668 1372 De-

205 1398 442 1437 monstravit
468 1409 542 1448 per
568 1397 786 1436 absurdum
815 1399 1205 1445 (611141-6212)
1242 1398 1346 1438 hanc
1381 1398 1526 1438 falsam
1563 1410 1668 1437 esse.

206 1460 361 1502 Verum
390 1461 468 1501 erit
493 1461 618 1514 igitur
644 1461 687 1500 A
712 1462 935 1514 praedicari
971 1461 1024 1501 de
1049 1461 1158 1501 nullo
1188 1462 1250 1511 B,
1288 1462 1492 1502 conclusio
1521 1466 1670 1510 autem,

209 1538 310 1579 (11186
349 1525 618 1565 demonstrari
658 1525 852 1576 debebat,
890 1529 979 1565 erat
1005 1526 1047 1565 A
1071 1525 1294 1577 praedicari
1322 1525 1373 1564 de
1401 1526 1534 1578 aliquo
1563 1526 1602 1566 Β
1629 1531 1672 1565 et

207 1590 261 1629 (16
288 1589 420 1641 aliquo
447 1602 528 1628 non
554 1589 802 1640 praedicari:
834 1602 912 1629 non
940 1589 1196 1642 probavimus
1223 1589 1343 1641 igitur
1369 1590 1475 1641 quod
1504 1590 1671 1630 demon-

209 1654 416 1693 strandum
455 1656 569 1699 erat,
606 1653 687 1692 imo
724 1654 981 1693 sustulimus:
1034 1667 1159 1704 quare
1197 1666 1276 1693 non
1315 1655 1553 1694 sumendum
1582 1659 1671 1694 erat

209 1719 315 1770 quod
343 1717 557 1757 sumsimus
588 1717 732 1763 (intell.
765 1717 1082 1768 propositionem
1125 1717 1369 1756 conclusioni
1396 1719 1670 1764 contrariam).

209 1781 363 1822 Deinde
392 1777 473 1829 (ἔτι
500 1794 558 1820 vs.
586 1782 633 1830 4)
662 1780 779 1819 etiam
807 1785 1025 1833 propterea
1064 1781 1300 1820 sumendum
1327 1794 1405 1820 non
1434 1787 1543 1829 erat,
1583 1783 1674 1834 quia

210 1846 316 1900 quod
352 1845 594 1886 deductione
642 1844 750 1884 facta
800 1844 851 1883 ad
901 1844 1119 1884 absurdum
1174 1845 1528 1886 demonstrandum
1583 1851 1671 1886 erat

212 1912 275 1959 (A
310 1910 362 1949 de
388 1911 522 1963 aliquo
554 1910 591 1950 Β
619 1922 697 1949 11011
723 1908 978 1961 praedicari),
1013 1908 1054 1947 id
1091 1922 1138 1949 re
1178 1922 1271 1948 vera
1310 1922 1388 1949 non
1427 1914 1491 1949 est
1527 1922 1668 1950 conse·

210 1989 339 2029 quens
366 1974 452 2015 eius
481 1976 588 2027 quod
616 1974 832 2014 sumsimus
861 1972 923 2019 (A
948 1973 1170 2025 praedicari
1198 1973 1249 2012 (16
1284 1974 1417 2026 aliquo
1446 1974 1527 2022 sz
1564 1987 1670 2014 sum-

211 2043 337 2082 simus
365 2039 470 2079 enim
499 2039 606 2091 quod
637 2038 756 2078 simul
790 2051 928 2078 verum
958 2050 1050 2076 esse
1077 2041 1118 2076 et
1145 2042 1252 2077 stare
1286 2042 1423 2090 potest
1452 2052 1541 2079 cum
1573 2052 1669 2092 pro-

210 2106 409 2159 positione
433 2117 536 2155 111186
562 2102 868 2142 demonstranda
897 2106 979 2141 est:
1008 2101 1068 2141 sin
1091 2105 1230 2140 autem
1262 2114 1312 2140 ex
1342 2102 1428 2153 ipsa
1450 2103 1670 2155 hypothesi

212 2169 467 2222 colligeretur
495 2167 645 2219 aliquid
677 2165 767 2205 falsi
792 2166 855 2205 vel
882 2166 1058 2214 absurdi,
1086 2165 1323 2217 hypothesis
1353 2165 1454 2204 falsa
1482 2179 1573 2206 esse
1595 2168 1673 2206 de·-

211 2235 355 2282 beret,
391 2231 586 2282 siquidem
623 2230 728 2281 quod
756 2230 903 2270 falsum
932 2235 995 2270 est
1021 2243 1100 2269 non
1127 2230 1282 2280 cogitur
1308 2230 1383 2269 nisi
1410 2244 1434 2270 e
1460 2231 1588 2271 falsis·
1615 2252 1671 2260 —

213 2298 287 2340 Vs.
316 2299 342 2337 5
377 2296 637 2347 exspectabas
674 2297 718 2333 ut
754 2295 907 2334 diceret
939 2293 1102 2344 ψεῦδος
1136 2292 1219 2346 γὰρ
1255 2291 1310 2333 ἂν
1344 2287 1412 2346 ἦν.
1468 2295 1578 2335 Idem
1607 2299 1672 2335 est

214 2363 396 2404 2401127
424 2357 622 2413 μεριστὸν
647 2356 731 2410 γὰρ
759 2356 815 2398 ἂν
842 2357 920 2411 ε’ίη.

161 2429 312 2468 62813
339 2424 503 2477 ἀξίωμα
529 2420 707 2472 ἔνδοξον
732 2425 906 2475 appellat
934 2424 1041 2475 quod
1068 2425 1213 2462 61825
1241 2423 1342 2462 dixit
1369 2422 1583 2470 manifesto
1603 2437 1671 2464 ve-

159 2501 163 2504 ’
216 2505 306 2533 rum
334 2504 450 2538 esse,
487 2493 533 2529 ut
560 2501 638 2528 non
666 2489 840 2541 pendeat
867 2501 918 2530 ex
945 2488 1228 2536 concessione,
1264 2488 1336 2527 sed
1372 2499 1450 2528 non
1484 2488 1571 2527 dari
1599 2501 1670 2528 ne-

217 2560 351 2610 queat.

276 2684 376 2739 01111.
403 2683 469 2724 12.
525 2682 580 2722 In
605 2681 791 2723 secunda
814 2684 967 2737 figura
996 2681 1229 2736 propositio
1263 2680 1513 2721 universalis
1554 2682 1673 2735 affir-

165 2761 284 2791 mans
311 2748 618 2789 demonstratur
651 2759 733 2801 per
771 2747 1016 2797 absurdum,
1053 2747 1091 2786 si
1125 2747 1305 2786 sumitur
1340 2744 1450 2800 quod
1477 2746 1518 2786 ei
1543 2758 1670 2800 repu-

168 2819 289 2869 gnat,
314 2826 400 2856 non
419 2812 741 2863 demonstratur,
767 2812 807 2852 si
819 2812 997 2853 sumitur
1010 2809 1120 2866 quod
1134 2810 1391 2852 contrarium
1406 2815 1480 2852 est.
1507 2811 1561 2851 32
1582 2809 1671 2851 Ea-
