1702 3094
175 209 255 250 446
677 210 924 255 Annlyticn
954 210 1121 255 priora.

226 306 275 347 τὸ
302 306 508 347 καθόλου.
563 306 680 345 Hunc
708 320 798 346 esse
823 319 959 346 verum
985 307 1150 346 istorum
1178 307 1384 347 verborum
1413 320 1571 349 sensum
1596 311 1650 350 ita

227 370 369 410 docent
404 383 503 420 quae
539 373 768 419 sequuntur,
806 375 849 408 ut
877 370 1054 408 dubitare
1083 370 1133 408 de
1170 382 1218 408 eo
1244 383 1322 409 non
1352 371 1477 420 liceat,
1513 384 1648 422 quam—

226 446 342 485 quam
370 445 444 470 non
472 444 573 483 nego
601 431 698 482 ipsis
725 433 853 470 verbis
881 435 939 483 τῷ
966 431 1158 472 καθόλου
1188 432 1301 479 ἹΙιιιιιιί
1330 433 1434 472 clare
1461 446 1650 486 expressa

227 509 318 535 esse
346 508 444 545 quae
473 495 545 532 sub
572 494 619 531 iis
650 495 771 534 latere
801 495 981 545 diximus,
1018 501 1063 534 ut
1099 495 1160 534 vix
1189 494 1240 532 sit
1268 495 1333 544 qui
1360 496 1466 534 hunc
1492 509 1650 536 sensum

226 571 276 596 ex
304 559 353 595 iis
382 557 524 595 elicere
553 557 690 607 possit,
729 558 762 594 si
789 559 932 596 omissa
963 563 1096 597 essent
1123 571 1222 608 quae
1250 562 1478 607 sequuntur.
1543 559 1651 598 inso-

224 620 368 658 lentius
407 622 517 658 certe
553 620 651 658 haec
689 620 789 673 dicta
825 625 915 659 sunt
950 634 1076 671 neque
1113 625 1242 658 tamen
1276 621 1487 660 abhorrent
1514 635 1537 659 a
1563 622 1653 660 stilo

226 683 462 723 Aristotelis.
529 682 654 721 Simili
680 684 798 721 modo
826 684 996 734 positum
1024 684 1215 722 habemus
1243 683 1516 722 nominativum
1543 688 1587 722 ut
1611 684 1651 722 in

225 745 401 785 oratione
428 741 648 797 ἀσυνθέτῳ
676 747 850 784 ⁷09b32
877 747 966 793 τοῖς
994 744 1046 793 δ’,
1085 742 1223 796 ὥσπερ
1251 743 1294 783 οἱ
1318 746 1450 796 ὄφεις,
1489 743 1536 785 ἐν
1560 747 1652 792 ταῖς

225 810 411 860 καμπαῖς
436 811 514 848 τοῦ
542 807 731 859 σώματός
768 806 879 847 ἐστιν
904 807 932 860 ἦ
959 806 1064 860 ἀρχὴ
1099 810 1173 860 τῆς
1198 806 1406 857 κάμψει-ος,
1445 813 1486 847 et
1512 810 1650 860 geniti-

223 886 316 911 vum
343 885 430 910 cum
461 872 751 924 praepositione
778 873 948 909 459a29
982 868 1054 910 καὶ
1086 869 1168 922 γὰρ
1206 866 1272 908 ἐπὶ
1298 870 1384 910 τῶν
1405 870 1651 923 φερομένων

223 937 302 975 τοῦ
338 933 589 985 κινήσαντος
628 931 767 972 οὐκέτι
803 932 1086 984 θιγγάνοντος
1121 935 1317 983 κινεῖται,
1364 939 1405 973 et
1440 936 1650 985 genitivum

226 997 445 1049 simpiicem
485 999 578 1035 3³9
614 996 700 1035 τῶν
738 993 783 1035 δὲ
812 994 1022 1047 δευτέρων
1048 997 1206 1037 οὐσιῶν
1242 996 1431 1048 φανερὸν
1469 995 1546 1048 μὲν
1579 994 1652 1037 καὶ

225 1057 360 1107 οὕτως
386 1057 452 1099 ὅτι
478 1058 558 1099 οὐκ
585 1058 687 1099 εἰσὶν
715 1057 760 1099 ἐν
787 1057 1059 1113 ὑποκειμένῳ.
1122 1062 1250 1110 Quum
1279 1066 1415 1100 nostro
1442 1061 1528 1100 loco
1557 1062 1652 1100 scri-

223 1125 339 1163 beret
375 1127 432 1175 τῷ
459 1122 664 1172 καθόλου,
704 1124 740 1161 in
768 1128 900 1163 mente
927 1125 1063 1164 habuit
1089 1118 1153 1172 οἷς
1180 1121 1331 1169 ἕπεται,
1370 1136 1482 1174 quae,
1515 1137 1651 1174 quam-

224 1199 340 1238 quam
369 1187 428 1225 bis
456 1187 634 1238 ponenda
661 1191 786 1233 erant,
823 1188 944 1226 semel
981 1189 1123 1227 omisit.
1186 1188 1301 1237 Quod
1329 1187 1502 1225 scribere
1529 1187 1652 1226 voluit

223 1250 378 1288 videtur
404 1250 479 1288 hoc
506 1250 650 1289 fuisse:
689 1247 788 1289 οὐδὲ
815 1248 867 1301 δὴ
895 1251 952 1303 τῷ
978 1251 1169 1292 καθόλου
1198 1248 1331 1296 οὕτως
1358 1245 1572 1289 ἐκλεκτέον
1596 1247 1649 1289 τὰ

223 1306 286 1359 οἷς
315 1310 453 1352 ἕπεται
480 1309 583 1352 ὥστε
610 1309 790 1364 ἐκλέγειν
818 1308 881 1360 οἶς
908 1311 1047 1354 ἕπεται
1072 1314 1120 1354 τὸ
1147 1313 1455 1366 περιεχόμενον.
1523 1313 1648 1352 Nemo

222 1380 332 1414 certe
369 1377 565 1424 haereret,
603 1377 637 1414 si
674 1377 773 1415 haec
810 1377 1058 1418 haberemus.
1124 1378 1274 1417 Sensus
1312 1378 1350 1415 in
1385 1381 1542 1428 promtu
1577 1380 1648 1415 est.

221 1439 280 1477 Ut
316 1451 514 1478 sumamus
549 1452 596 1477 ea
633 1439 866 1489 quibuscum
902 1442 1125 1480 necessario
1164 1441 1394 1480 coniunctus
1429 1439 1480 1477 sit
1514 1441 1547 1479 A
1581 1436 1650 1486 (τὸ

221 1500 428 1550 καθόλου,
457 1515 491 1540 e.
514 1515 551 1553 g.
575 1501 703 1555 ζῷον)
731 1515 765 1540 s.
785 1507 828 1540 ut
855 1516 1051 1542 sumamus
1078 1502 1404 1551 „antecedentia”
1430 1502 1585 1541 termini
1602 1502 1649 1550 A,

227 1577 304 1603 non
334 1565 545 1603 sumendus
571 1566 646 1603 erit
661 1566 693 1604 C
711 1568 764 1610 (e.
780 1578 817 1616 g.
838 1564 862 1604 ὁ
882 1563 946 1612 τὶς
962 1567 1222 1617 ἄνθρωπος),
1250 1567 1288 1605 h.
1313 1578 1346 1604 e.
1369 1577 1444 1603 non
1462 1564 1652 1603 sumenda

220 1632 336 1667 erunt
373 1641 419 1666 ea
466 1627 700 1677 quibuscum
734 1629 957 1667 necessario
1003 1631 1233 1668 coniunctus
1281 1628 1334 1666 sit
1369 1626 1557 1665 terminus
1593 1627 1649 1665 B:

220 1690 326 1728 hunc
364 1690 468 1728 enim
503 1693 616 1727 vocat
655 1687 704 1729 τὸ
740 1689 1035 1742 περιεχόμενον
1071 1696 1128 1738 (e.
1157 1705 1192 1742 g.
1220 1691 1486 1740 ἄνθρωπος),
1525 1688 1648 1728 intell.

216 1751 300 1792 ὑπὸ
337 1754 416 1793 τοῦ
449 1751 659 1802 καθόλου,
695 1755 774 1792 τοῦ
803 1755 852 1792 Α.
917 1754 1079 1805 Etenim,
1111 1754 1262 1805 (pergit
1290 1753 1543 1799 Aristoteles)
1579 1764 1649 1790 ne-

217 1829 332 1855 cesse
372 1816 531 1866 quidem
569 1822 643 1865 est,
678 1820 724 1855 ut
759 1817 937 1855 animalia
974 1818 1050 1856 sint
1084 1828 1342 1867 quaecuuque
1379 1814 1648 1854 contineantur

219 1879 390 1918 termino
418 1879 450 1916 B
490 1879 706 1927 (homine),
744 1879 814 1917 sed
851 1880 951 1918 haec
989 1885 1110 1929 (quae
1148 1880 1220 1917 sub
1257 1879 1454 1917 hominem
1493 1876 1650 1923 cadunt,

218 1942 260 1982 h.
289 1954 325 1981 e.
354 1941 495 1991 singuli
524 1941 726 1986 homines)
756 1941 902 1980 rectius
930 1946 1190 1990 sumerentur,
1218 1942 1252 1979 si
1279 1954 1353 1980 non
1380 1939 1651 1991 investiganda

218 2006 353 2042 essent
387 2003 619 2053 quibuscum
655 2003 795 2041 animai
829 2005 1052 2042 necessario
1098 2004 1344 2043 coniunctum
1382 2003 1433 2041 sit
1472 2005 1650 2046 (antece-

217 2066 350 2105 dentia
377 2065 588 2111 animalis),
617 2065 687 2104 sed
715 2066 948 2115 quibuscum
976 2067 1117 2105 homo:
1152 2079 1239 2105 nam
1265 2065 1451 2118 propiora
1477 2062 1648 2111 (οἰκειό-

214 2132 336 2179 τερα)
366 2132 458 2167 sunt
484 2128 634 2166 homini
662 2141 776 2178 quam
805 2129 974 2168 animali.

164 2194 313 2232 43b36
347 2189 399 2231 τὰ
435 2194 563 2230 πᾶσιν
589 2187 782 2239 ἑπόμενα.
844 2192 956 2241 Quae
982 2191 1258 2244 praedicantur
1293 2191 1344 2230 de
1370 2193 1538 2242 utroque
1565 2193 1648 2229 ter-

217 2257 323 2295 mino
352 2255 561 2302 (maiorem
582 2259 622 2293 et
642 2255 831 2297 minorem
852 2255 993 2302 intell.)
1020 2267 1096 2293 non
1116 2254 1379 2305 investiganda
1397 2258 1499 2303 sunt,
1526 2265 1647 2303 quum

215 2317 255 2358 in
283 2318 456 2357 secunda
481 2318 621 2369 figura,
659 2318 771 2356 cuius
808 2318 982 2368 speciem
1019 2317 1168 2356 habere
1196 2315 1646 2367 deberentpropositio-

216 2394 302 2431 neu,
329 2394 378 2420 ex
406 2381 693 2419 affirmantibus
721 2380 820 2420 nihil
847 2383 1023 2432 cogatur.

274 2507 374 2560 Gap.
402 2507 468 2546 28.
522 2506 765 2558 Exponam
803 2518 910 2558 quae
938 2519 1026 2545 esse
1052 2506 1200 2545 debeat
1228 2505 1496 2544 terminorum
1522 2503 1645 2548 ratio,

163 2577 210 2611 at
239 2570 541 2610 demonstretur
561 2570 788 2621 propositio
817 2571 1032 2620 affirmans
1059 2570 1125 2608 vel
1149 2567 1396 2607 universalis
1421 2566 1487 2605 vel
1507 2566 1646 2618 parti-

162 2635 345 2673 cularis.-
373 2634 496 2671 44a2
523 2644 632 2684 quae
669 2644 756 2671 esse
791 2631 962 2681 debeat,
999 2638 1045 2671 ut
1086 2631 1385 2671 demonstretur
1416 2628 1643 2681 propositio

162 2708 323 2749 negans
360 2696 427 2736 vel
463 2695 711 2734 universalis
746 2695 813 2734 vel
835 2695 1122 2747 particularia.
1177 2695 1229 2732 12
1249 2692 1415 2732 Eadem
1441 2692 1642 2744 expositio

159 2759 443 2813 comprobatur
466 2771 545 2810 per
570 2758 781 2798 terminos.
821 2758 873 2798 38
886 2758 1033 2798 Etiam
1061 2767 1199 2796 eorum
1223 2756 1333 2795 ratio
1358 2753 1551 2795 habenda
1578 2758 1640 2792 est
