1734 3100
201 193 280 231 462
725 171 977 235 Annlytioa
1007 191 1174 236 priora.

255 302 368 340 nere,
389 287 650 340 praedicari''.
686 286 766 326 lam
798 287 834 325 si
859 287 969 327 verbi
996 286 1149 339 passivi
1173 299 1220 326 ea
1247 286 1306 327 vis
1334 291 1409 335 est,
1436 289 1480 325 ut
1492 286 1686 338 significet

253 351 422 403 aliquem
445 352 528 403 pati
547 349 587 387 id
607 349 655 388 ab
676 349 753 388 alio
773 351 878 400 quod
898 363 988 388 eum
1013 349 1176 388 efficere
1199 348 1386 388 indicavit
1403 348 1563 387 verbum
1587 350 1684 389 acti-

255 427 360 460 vum,
388 413 709 464 κατηγορεῖσθαι
728 412 882 451 dicetur
913 413 953 450 id
979 413 1086 462 quod
1118 413 1262 463 patitur
1290 412 1337 450 a'b
1359 424 1406 449 eo
1428 411 1535 461 quod
1554 411 1684 465 locum

255 477 469 528 praedicati
489 470 625 513 teneat
638 487 674 513 s.
693 475 742 513 de
761 475 847 525 ipso
867 475 1130 525 praedicetur,
1156 478 1198 513 ut
1217 471 1591 525 κατηγορούμενον
1616 487 1685 524 ap·

258 539 427 589 pelletur
448 537 553 588 quod
577 537 741 575 orationi
759 538 981 576 subiectum
999 538 1062 576 sit.
1115 537 1175 576 Ne
1189 538 1333 576 multa:
1361 537 1609 587 κατηγορεῖν
1632 537 1685 574 si-

255 602 416 650 gnificat
445 599 702 651 „praedicato
726 613 914 639 exornare
933 598 1106 650 aliquid’'
1133 605 1173 639 et
1192 602 1517 652 κατηγορεῖσθαι
1548 611 1686 649 „exor-

255 663 340 701 nari
362 663 603 713 praedicato,
638 663 791 702 definiri
811 663 1035 714 praedicato
1055 662 1249 700 adiecto'':
1286 664 1351 714 qui
1374 663 1529 714 quidem
1547 663 1686 701 verbo-

256 738 344 764 rum
366 738 506 764 sensus
523 738 755 774 quamquam
778 726 866 765 usui
890 726 1004 776 plane
1030 725 1269 772 adversatur,
1296 730 1428 764 tamen
1453 725 1570 763 alium
1592 723 1686 763 sub-

257 800 347 826 esse
371 801 452 826 non>
477 800 595 838 posse
616 800 680 825 res
701 788 786 838 ipsa
807 792 945 837 aperte
976 787 1105 827 docet.
1163 787 1325 825 Accedit
1352 788 1453 836 quod
1476 800 1531 825 vs.
1554 788 1593 835 4,
1620 785 1688 825 ubi

256 849 307 888 de
333 850 450 888 tertia
479 851 605 900 figura
626 850 766 898 agitur,
796 849 956 886 verbum
978 850 1302 900 κατηγορεῖσθαι
1321 862 1397 888 non
1414 849 1579 899 amplius
1597 860 1687 886 eum

259 924 420 950 sensum
447 912 568 950 habet
584 924 700 962 quem
727 911 844 948 modo
863 910 1136 961 explicuimus,
1161 912 1230 950 sed
1253 925 1340 950 eum
1366 923 1441 961 quo
1464 911 1553 961 poni
1574 910 1687 953 solet.

253 973 383 1012 Simili
415 974 712 1012 constructione
743 973 905 1011 verbum
941 974 1222 1012 intransitivum
1250 973 1443 1026 γίνεσθαι
1479 973 1540 1010 vel
1579 966 1688 1011 εἶναι

254 1037 511 1087 exspectabas
555 1048 627 1087 pro
666 1036 871 1074 transitivo
897 1037 1033 1076 ποιεῖν
1069 1037 1118 1075 de
1146 1037 1245 1076 coel.
1274 1037 1419 1075 31:3113
1447 1034 1529 1075 ἔδει
1565 1034 1603 1074 δ’
1641 1033 1688 1075 ἐν

255 1101 312 1148 τῷ
352 1095 443 1148 ἀέρι
479 1094 537 1138 ἔτι
573 1098 733 1149 μᾶλλον
758 1101 885 1139 τοῦτο
921 1101 1081 1139 ποιεῖνε
1118 1113 1205 1139 nam
1242 1101 1461 1139 subiectum
1499 1098 1687 1137 orationi·

254 1161 442 1200 omissum
471 1166 545 1209 est,
574 1162 624 1200 de
653 1175 728 1213 qua
755 1163 966 1202 omissione
989 1176 1024 1202 v.
1046 1163 1215 1202 Zellium
1240 1163 1288 1202 ad
1308 1163 1439 1202 Ethic.
1458 1161 1688 1203 Nicomach.

255 1224 285 1273 I,
308 1226 345 1273 2,
371 1226 416 1273 1,
454 1225 503 1262 ad
531 1225 650 1263 verba
677 1227 876 1264 1094a20
902 1224 1064 1276 πρόεισι
1089 1224 1171 1278 γὰρ
1209 1223 1319 1265 οὕτω
1345 1222 1383 1276 γ’
1413 1221 1470 1271 εἰς
1497 1224 1685 1273 ἄπειρον.

202 1288 350 1326 471111
381 1287 462 1325 Cur
498 1288 615 1325 modo
641 1286 723 1327 τίνι
750 1288 867 1327 modo
894 1289 1001 1341 ποίῳ
1039 1289 1243 1340 scripserit
1269 1288 1427 1336 nescio,
1465 1286 1539 1325 nisi
1564 1285 1688 1337 negli-

255 1350 427 1401 gentiam
454 1351 492 1388 in
519 1351 728 1388 scribendo
761 1364 928 1402 arguere
953 1353 1082 1391 liceat.

314 1451 413 1504 Gap.
442 1451 508 1500 33.
563 1453 712 1492 Etiam
738 1454 775 1492 si
802 1456 1068 1493 terminorum
1106 1467 1157 1493 ea
1192 1454 1303 1492 ratio
1332 1457 1393 1492 est
1420 1465 1541 1505 quam
1567 1452 1688 1504 syllo-

202 1516 369 1576 gismus‘
375 1514 564 1566 postulat
573 1545 584 1564 ,
612 1520 752 1553 tamen
777 1516 984 1555 interdum
1011 1530 1092 1555 non
1118 1517 1200 1554 rite
1217 1518 1274 1567 fit
1300 1515 1581 1568 syllogismus,
1608 1514 1691 1553 nisi

208 1578 335 1616 etiam
362 1578 610 1630 quantitatis
630 1579 956 1630 propositionum
984 1579 1094 1618 ratio
1121 1578 1335 1617 habeatur.

206 1661 358 1700 4⁸1b16
385 1659 465 1701 διὰ
482 1661 530 1701 τὸ
559 1660 816 1712 α’ναγκαῖον,
851 1663 955 1713 quod
982 1676 1027 1702 re
1051 1675 1144 1701 vera
1170 1662 1319 1713 aliquid
1346 1661 1571 1705 conclusum
1599 1671 1690 1698 esse

258 1724 372 1762 nohis
399 1724 628 1775 persuadet.

203 1786 352 1825 4Ἷὺ20
379 1786 652 1838 Exspectabas
680 1791 725 1826 ut
753 1751 903 1826 diceret
931 1787 1026 1827 οὔτε
1046 1785 1323 1849 συλλογισμὸς
1345 1785 1432 1824 οὔτ’
1443 1781 1688 1834 ἀναγκαῖον

212 1878 213 1881 ¹
258 1846 398 1896 οὐδέν,
426 1850 516 1899 quia
538 1849 642 1899 quod
662 1850 932 1889 necessarium
958 1855 1021 1889 est
1044 1851 1160 1889 latius
1172 1854 1281 1900 patet
1294 1861 1409 1900 quam
1422 1847 1688 1898 syllogismus.

204 1911 356 1951 47ὺ26
383 1911 615 1950 Lectionem
643 1912 841 1962 vulgarem
869 1925 984 1962 quam
1013 1913 1171 1952 codices
1200 1912 1388 1950 exhibent
1414 1909 1467 1949 οὐ
1486 1907 1568 1960 γὰρ
1590 1909 1689 1948 Bkk.

257 1974 454 2012 immerito
483 1975 631 2012 reiecit
685 1974 810 2012 Buhle
839 1987 1071 2025 quamquam
1100 1987 1177 2019 non
1203 1974 1359 2023 recepit
1387 1972 1467 2012 οὐκ
1492 1974 1598 2020 ἄρα,
1631 1976 1690 2010 ta-

257 2048 348 2074 men
375 2036 515 2073 melius
543 2046 634 2072 esse
661 2035 822 2085 putavit.
870 2035 971 2072 Mihi
1000 2036 1154 2086 quidem
1183 2035 1349 2072 alterum
1378 2035 1539 2080 arridet,
1569 2046 1690 2084 quum

259 2096 464 2136 difficilius
494 2097 567 2134 sit:
594 2109 722 2147 neque
750 2097 852 2134 enim
881 2097 1095 2148 repetitum
1113 2094 1194 2147 γὰρ
1219 2097 1339 2135 habet
1367 2097 1471 2146 quod
1499 2096 1690 2144 offendat,

259 2173 380 2212 quum
407 2163 471 2198 te‘r
498 2159 670 2209 positum
697 2159 750 2197 sit
777 2160 977 2199 74585-
993 2162 1018 2198 8
1047 2161 1124 2204 (sic
1151 2156 1215 2199 ὅτι
1241 2159 1392 2197 '141118
1414 2172 1499 2210 sqq.
1527 2163 1588 2197 ter
1614 2170 1689 2209 po-

258 2224 397 2269 nitur),
427 2226 566 2272 quater
579 2222 859 2271 45a11-15,
890 2223 953 2261 ubi
977 2227 1167 2274 sequente
1188 2221 1345 2274 semper
1361 2221 1549 2261 orationis
1564 2233 1690 2260 mem-
1731 2266 1733 2268 ,

258 2286 332 2325 bro
359 2284 699 2331 iudicaturcausa
725 2284 811 2324 eius
840 2286 946 2336 quod
972 2286 1012 2324 in
1038 2284 1481 2338 praecedent-edictum
1508 2288 1592 2332 est,
1622 2295 1690 2322 ne-

259 2361 335 2401 que
359 2347 657 2399 improbandum
679 2351 742 2386 est
761 2352 985 2399 propterea,
1006 2349 1114 2398 quod⁴
1128 2348 1188 2387 bis
1208 2347 1380 2399 positum
1401 2347 1558 2385 diverso
1571 2358 1690 2385 sensu

260 2411 460 2451 referatur
486 2410 535 2448 ad
563 2409 668 2448 idem
696 2411 881 2465 orationis
908 2411 1141 2449 membrum.
1195 2410 1357 2449 Scilicet
1383 2410 1488 2459 quod
1513 2407 1608 2446 dicit
1630 2411 1692 2447 est

259 2475 360 2514 hoc:
388 2473 456 2522 „A
482 2485 559 2512 non
585 2475 838 2523 praedicatur
863 2474 914 2512 de
934 2474 1101 2512 termino
1118 2474 1165 2522 Γ,
1192 2474 1232 2513 h.
1252 2485 1286 2511 e.
1313 2484 1391 2511 non
1418 2472 1463 2509 fit
1489 2470 1691 2510 conclusio

235 2537 364 2581 ‚Asz
390 2548 487 2577 nam,
508 2536 683 2576 mortalis
712 2540 784 2580 est*
801 2537 1091 2593 Aristomenes:
1127 2547 1206 2576 non
1240 2535 1361 2578 fiebat
1398 2534 1499 2572 enim
1527 2532 1692 2584 syllogi-

262 2611 370 2639 smus
392 2599 571 2638 terminis
591 2600 648 2638 sic
670 2612 715 2639 se
732 2597 1012 2643 habentibus&
1067 2599 1154 2646 Una
1181 2610 1295 2639 causa
1322 2590 1591 2647 quamaaffert,
1620 2606 1690 2634 cur

262 2663 303 2701 A
320 2654 407 2701 non
433 2661 684 2712 praedicetur
711 2663 762 2703 de
789 2662 958 2703 termino
985 2662 1045 2709 Γ,
1084 2662 1215 2713 posita
1241 2664 1304 2700 ent
1330 2660 1369 2699 in
1395 2667 1530 2699 rerum·
1555 2660 1691 2697 natura

259 2728 369 2775 (uum
399 2724 453 2763 Α.
475 2728 563 2764 erat
598 2726 883 2775 „aeternum”‚
923 2726 966 2766 Γ
994 2737 1087 2765 vero
1124 2723 1423 2772 „Aristomenes
1448 2718 1687 2766 mortalis''),
1724 2739 1727 2742 ·
