1838 3086
604 216 857 263 Analytlca
887 216 1060 261 priora.
1517 215 1598 256 438

136 317 239 357 dem
264 316 515 367 kategorisch
542 316 869 370 ausgesprochen
895 315 1031 365 wito),
1054 314 1123 355 die
1139 313 1390 365 nnfaingliche
1412 314 1596 368 Behaup-

140 386 239 432 tung
264 380 362 420 aber
388 379 487 419 wird
515 379 810 432 durchgeffihrt
834 379 1076 419 vermittelst
1103 380 1211 419 eines
1234 378 1600 431 Zugestiindnisses

135 445 238 485 oder
274 445 385 484 einer
422 443 572 484 andern
606 449 777 491 (neuen)
816 443 1066 484 Annahme”.
1107 465 1161 472 —
1210 441 1483 483 Confirmatur
1519 444 1598 483 hoc

136 509 226 548 loco
253 509 363 560 quod
390 509 562 548 diximus
591 509 639 546 ad
666 508 832 555 40b25,
861 507 981 546 latius
1009 511 1148 559 patere
1175 506 1483 558 hypotheticum
1513 506 1598 559 syl-

134 573 346 626 logismum
383 574 491 625 apud
527 572 786 612 Aristotelem
826 583 944 622 quam
981 570 1086 623 apud
1128 583 1215 620 nos,
1242 570 1439 622 siquidem
1467 570 1596 623 hypo-

135 636 328 676 theticum
367 637 464 675 dicit
500 649 617 685 eum,
659 636 699 674 in
733 647 812 686 quo
839 634 986 686 aliquid
1016 635 1200 685 ponitur,
1231 636 1353 686 quod,
1381 634 1598 675 dummodo

133 700 399 749 concedatur,
440 712 520 751 quo
548 699 637 739 iure
663 703 834 750 ponatur
860 711 938 737 non
967 699 1192 749 quaeritur:
1223 700 1527 751 qnare45b23
1555 695 1598 748 ἐξ

132 761 381 812 ὑποθέσεως
401 764 549 804 dicitur
573 763 720 814 colligi,
750 763 785 802 si
811 762 918 813 quod
947 763 999 801 de
1026 763 1191 813 singulis
1219 763 1400 814 partibus
1429 763 1599 803 demon·

134 833 305 868 stratum
343 832 406 868 est
442 830 494 868 de
531 833 618 868 toto
655 827 972 866 demonstratum
1002 839 1094 865 esse
1122 827 1317 872 sumitur,
1349 826 1403 868 cf.
1431 826 1597 880 Philop.

134 893 176 932 in
212 893 340 933 schol.
369 894 556 932 lma-33.
592 891 706 941 Quae
733 904 856 942 quum
884 891 941 929 ita
968 890 1069 940 sint,
1107 904 1186 930 non
1222 903 1386 943 possum
1415 903 1494 931 non
1522 892 1596 930 mi-

133 957 236 1006 rari,
267 956 372 1007 quod
401 955 640 995 Aristoteles
669 954 911 1006 reprehendi
940 954 1093 1003 soleat,
1122 955 1228 1006 quod
1257 954 1356 994 nihil
1383 956 1599 996 tradiderit

132 1021 184 1060 de
222 1020 467 1071 syllogismis
502 1019 803 1072 hypotheticis,
840 1019 1079 1070 praesertim
1117 1031 1240 1070 quum
1276 1032 1363 1070 cap.
1390 1020 1456 1057 44.
1497 1022 1598 1071 (quo

133 1085 395 1124 confirmatur
442 1083 657 1134 explicatio
706 1083 827 1121 huius
865 1082 944 1121 loci
990 1095 1110 1134 quam
1154 1084 1275 1122 modo
1316 1084 1598 1136 exposuimus)
1648 1135 1650 1137 Ι

130 1151 323 1200 appareat
361 1148 636 1200 quaestionem
676 1147 728 1186 de
765 1147 829 1186 his
857 1146 1099 1198 syllogismis
1127 1160 1218 1187 eum
1247 1147 1417 1187 alienam
1444 1148 1601 1187 iudica-

131 1213 240 1252 visse
263 1212 313 1251 ab
338 1211 581 1263 Analyticis:
609 1211 757 1251 etenim
775 1223 878 1262 quae
907 1223 986 1250 non
1014 1211 1280 1250 conficiuntur
1308 1212 1387 1250 nisi
1415 1210 1471 1252 δι’
1495 1209 1600 1264 ὁμο-

131 1275 294 1330 λογίας,
324 1290 372 1315 ea
401 1279 513 1315 certe
541 1276 737 1315 scientiae
765 1275 863 1314 nihil
891 1274 981 1314 fere
1008 1275 1193 1314 utilitatis
1222 1274 1369 1315 afferre
1397 1281 1601 1329 poterunt,

132 1342 312 1393 quamvis
339 1340 447 1379 haud
477 1340 714 1392 negligenda
743 1340 822 1379 sint
849 1339 891 1379 in
919 1343 1007 1378 arte
1034 1339 1259 1378 dialectica.
1316 1340 1497 1380 Consilio
1523 1341 1600 1392 igi-

132 1409 201 1445 tur
227 1405 497 1456 praetermisit
523 1404 563 1442 in
584 1404 805 1455 Analyticis
835 1403 1099 1455 quodcunque
1125 1403 1271 1443 iustam
1302 1408 1345 1443 et
1372 1405 1601 1457 perfectam

133 1469 511 1508 demonstrationem
550 1480 629 1506 non
667 1467 863 1517 admittit,
892 1467 965 1507 sed
1003 1480 1053 1507 ex
1094 1468 1356 1508 concessione
1382 1470 1532 1520 pendet
1559 1472 1602 1509 et

134 1545 185 1573 ex
222 1532 387 1572 arbitrio
425 1531 609 1571 alterius:
650 1544 772 1582 quare
808 1544 910 1582 quae
944 1531 1162 1582 probantur
1189 1527 1233 1580 ἐξ
1259 1530 1520 1583 ὑποθέσεως,
1551 1546 1599 1573 ea

131 1609 210 1636 non
234 1596 422 1636 dicuntur
441 1593 796 1644 ἀποδείκνυσθαι,
825 1595 897 1634 sed
915 1593 1209 1646 περαίνεσθαι,
1238 1609 1273 1635 ν.
1291 1599 1466 1637 50b29:
1496 1598 1601 1650 opti-

133 1673 200 1699 me
227 1660 349 1713 igitur
376 1659 606 1699 Alexander
641 1659 767 1698 schol.
798 1661 947 1698 185³?
986 1654 1304 1712 συλλογισμοὺς
1341 1659 1420 1712 μὲν
1456 1659 1601 1710 ἅπλῶς

134 1723 189 1764 οὗ
228 1721 340 1775 λέγει
374 1718 478 1772 τοὺς
515 1717 802 1770 ὖποθετικοὺς
840 1717 974 1774 εἶναι,
1001 1723 1223 1777 περαίνειν
1249 1722 1397 1776 μέντοι
1422 1723 1498 1767 καὶ
1525 1725 1599 1767 αὐ-

131 1782 235 1836 τοὺς
261 1786 385 1840 λέγει.
1507 1799 1512 1803 ·

189 1895 291 1949 Gap.
319 1894 387 1934 24.
418 1894 561 1934 Omnis
597 1894 858 1947 syllogismus
893 1893 1049 1933 hahere
1087 1893 1210 1934 debet
1250 1900 1293 1935 et
1319 1897 1602 1937 universalem

81 1959 262 2001 alteram
291 1959 623 2013 propositionem
661 1962 703 1997 et
744 1959 1042 2010 affirmantem.
1082 1961 1135 1998 23
1170 1958 1389 2000 Conclusio
1428 1961 1604 2001 um‘ver-

78 2024 181 2064 salis
218 2036 302 2062 non
327 2025 386 2077 fit
422 2023 508 2061 πίει·
534 2034 587 2061 ω·
615 2026 795 2074 utraque
822 2023 1080 2072 universali,
1119 2036 1371 2077 quamquam
1400 2038 1452 2063 ea·
1480 2030 1602 2065 utra-

78 2100 159 2142 que
195 2086 429 2127 universali
466 2085 694 2140 aliquando
731 2098 815 2125 non
837 2087 898 2139 fit
936 2086 1019 2125 nisi
1040 2088 1335 2139 particularis.
1365 2089 1418 2127 2⁷
1445 2089 1603 2129 Altera

74 2151 308 2205 propositio
343 2151 493 2190 similis
530 2151 676 2203 utique
705 2154 767 2189 est
796 2150 1066 2190 conclusioni.
1102 2153 1154 2190 32
1181 2151 1336 2191 Paucis
1365 2153 1602 2206 complecti-

79 2220 152 2255 tur
178 2228 287 2269 quae
316 2213 453 2254 adhuc
483 2215 690 2266 exposuit.

79 2301 207 2342 41b6
235 2300 366 2351 Quum
404 2299 741 2339 demonstraverit
776 2311 914 2340 omnes
952 2313 976 2339 a
1015 2313 1061 2339 se
1102 2299 1358 2352 syllogismos
1396 2303 1603 2355 expositos

136 2378 230 2406 esse
258 2365 324 2417 qui
351 2364 441 2404 fieri
469 2363 650 2416 possint,
687 2375 765 2403 non
795 2375 896 2416 opus
924 2368 1033 2413 erat,
1062 2368 1106 2403 ut
1133 2377 1234 2403 nova
1261 2366 1602 2408 demonstratione

134 2429 326 2482 probaret
378 2429 506 2468 omnis
557 2427 779 2478 syllogismi
816 2428 984 2468 alteram
1034 2429 1349 2479 propositionem
1395 2431 1604 2471 universa-

132 2492 215 2533 lem
242 2505 358 2532 esse:
387 2493 558 2545 apparet
585 2491 690 2530 enim
718 2491 798 2531 hoo
825 2491 882 2531 ita
910 2504 1003 2531 esse
1031 2492 1297 2532 consideratis
1325 2494 1493 2546 singulis
1521 2496 1602 2548 syl-

132 2557 310 2609 logismis
336 2568 437 2607 quos
467 2555 655 2607 exposuit
683 2555 880 2596 omnibus.
929 2555 1050 2594 Unde
1075 2555 1227 2596 factum
1257 2561 1342 2606 est,
1372 2562 1417 2598 ut
1441 2571 1522 2599 nou
1546 2561 1600 2600 de

131 2621 290 2672 integro
327 2618 664 2660 demonstraverit
702 2619 870 2659 alteram
908 2619 1241 2671 propositionem*
1255 2622 1393 2672 utique
1419 2634 1512 2663 esse
1537 2623 1603 2663 af-

131 2684 358 2724 firmantem
379 2688 421 2724 et
443 2696 705 2736 quaecunque
723 2683 800 2722 alia
827 2682 1018 2733 colligere
1045 2682 1144 2722 licet
1173 2684 1224 2724 de
1250 2685 1471 2727 rationibus
1498 2700 1601 2740 quae

131 2747 237 2844 ipter
273 2748 452 2801 singulos
490 2747 684 2788 terminos
722 2750 765 2787 et
801 2745 1100 2800 propositiones
1137 2747 1461 2801 syllogismorum
1495 2751 1603 2792 obti-

167 2835 175 2842 .
1281 2811 1328 2846 28
