1838 3086
673 187 973 234 categoriae.
1492 187 1570 228 321

110 287 173 326 vix
201 286 417 327 admittunt
442 285 520 326 nisi
540 286 671 325 hunc:
699 297 860 336 „neque
885 284 915 338 ἦ
942 283 1062 338 φορὰ
1088 284 1228 325 eadem
1257 288 1322 325 est
1348 296 1438 325 cum
1466 299 1573 337 quo-

109 364 266 402 cunque
292 354 480 402 quattuor
507 354 640 389 motus
668 362 859 402 generum
889 363 1058 402 quorum
1086 350 1207 389 modo
1233 349 1342 389 facta
1370 352 1434 389 est
1461 363 1573 390 men-

107 414 211 455 tio''.
266 415 366 454 Nam
396 427 515 467 quum
545 414 645 454 haec
674 413 892 462 scriberet,
935 415 1011 454 iam
1051 415 1211 454 videtur
1248 414 1289 453 in
1328 418 1464 454 mente
1501 414 1574 453 ha-

108 478 246 519 buisse
279 492 380 531 quae
418 484 638 529 sequuntur
665 476 868 525 ὡσαύτως
897 476 943 518 δὲ
967 507 978 518 .
1000 508 1009 518 .
1031 494 1064 527 .;
1106 491 1210 530 quae
1239 478 1274 517 si
1302 483 1415 518 recte
1441 478 1572 530 expli-

107 544 283 589 cuimus,
321 543 524 594 probabile
572 555 731 593 quoque
770 543 848 581 erit
885 543 1144 582 Aristotelem
1173 540 1253 595 τὴν
1288 539 1397 582 κατὰ
1431 541 1570 582 τόπον

106 603 349 658 μεταβολὴν
385 619 465 644 non
502 606 568 643 uni
607 607 852 657 reliquorum
890 612 1021 645 motus
1050 620 1239 658 generum
1270 620 1474 659 opponere
1499 619 1570 646 vo-

105 670 241 719 luisse,
270 670 342 708 sed
371 673 556 720 quattuor
584 669 761 720 reliquis.
819 669 860 708 ln
887 670 1105 710 Aristotele
1132 676 1277 719 autem,
1308 671 1376 721 qui
1404 685 1427 709 a
1455 670 1570 710 lima-

103 734 198 774 tiori
226 733 383 772 dicendi
411 746 558 784 genere
586 734 640 773 ita
670 733 822 772 alienus
852 738 936 782 est,
966 739 1008 772 ut
1038 734 1169 772 Ritter
1198 733 1371 780 (Gesch.
1401 735 1438 774 d.
1462 734 1570 776 Phil.

104 798 172 839 Ill.
202 812 242 851 p.
262 801 335 845 2⁴1)
375 798 551 836 severior
585 798 817 837 Aristotelis
852 811 971 849 quam
1001 798 1171 837 Platonis
1210 798 1331 837 iudex
1369 811 1392 837 a
1420 810 1465 837 se
1492 799 1569 837 im-

104 867 266 915 petrare
295 862 494 913 potuerit,
523 866 566 900 ut
593 861 773 901 diceret:
805 862 974 910 „Wenn
1002 863 1076 902 wir
1104 861 1207 901 nach
1237 862 1315 901 den
1347 874 1420 901 uns
1441 862 1570 901 erhal·

105 932 225 966 tenen
255 926 460 966 Schriften
488 925 606 964 allein
635 926 835 965 urtheilen
864 926 1022 973 sollten,
1051 938 1095 964 so
1115 925 1281 964 wiirden
1299 926 1371 964 wir
1390 926 1445 964 im
1461 926 1571 965 Gan-

106 1003 178 1029 zen
217 991 296 1028 und
334 990 438 1029 bloss
476 990 515 1028 in
545 989 767 1029 Riicksicht
794 990 867 1029 auf
891 991 958 1029 die
985 989 1240 1040 Darstellung
1267 990 1345 1028 den
1374 991 1572 1030 Aristote-

103 1054 165 1094 les
193 1054 260 1092 fiir
289 1055 404 1093 einen
432 1053 665 1093 schlechten
684 1054 979 1093 Schriftsteller
1005 1053 1140 1093 halten
1162 1052 1354 1092 miissen’'
1374 1053 1449 1098 (cf.
1469 1067 1573 1105 quae

105 1118 204 1156 dicit
233 1131 271 1169 p.
293 1121 367 1157 93:
411 1123 562 1156 tantum
603 1118 707 1156 enim
737 1119 788 1157 de
815 1105 1008 1157 laudibus·
1026 1117 1258 1156 Aristotelis
1287 1117 1488 1167 detrahit,
1527 1123 1574 1158 ut

103 1182 183 1221 hoc
211 1195 331 1234 aegre
359 1182 469 1220 serre
497 1193 616 1220 nemo
652 1194 730 1220 non
758 1182 888 1234 possit
918 1182 985 1233 qui
1014 1180 1221 1219 exsolvere
1248 1181 1343 1220 velit
1370 1193 1471 1232 quae
1500 1182 1571 1221 de-

103 1246 286 1286 beantur.
363 1246 569 1285 Platonem
610 1259 814 1294 amamus,
855 1246 1095 1284 admiramur
1142 1246 1451 1294 Aristotelem),
1499 1246 1570 1285 ali-

102 1311 262 1362 quando
306 1310 454 1348 accidit
492 1315 537 1348 ut
575 1310 699 1362 magis
730 1309 999 1361 quaerendum
1029 1311 1081 1348 sit
1111 1311 1204 1361 qnid
1234 1309 1370 1348 dicere
1398 1310 1571 1349 voluerit

104 1388 223 1426 quam
265 1375 359 1425 quid
389 1374 562 1412 dixerit:
591 1374 791 1413 scribendi
819 1373 926 1413 enim
956 1374 1167 1425 impatiens
1196 1374 1394 1425 inceptam
1423 1374 1572 1414 oratio-

105 1451 197 1477 nem
227 1451 304 1476 non
347 1438 623 1489 persequitur,
670 1441 864 1490 properat
901 1437 949 1475 ad
980 1451 1025 1476 ea
1056 1451 1156 1489 quae
1185 1443 1319 1476 mente
1347 1438 1574 1489 excogitata

102 1503 179 1542 iam
210 1502 399 1540 cohibere
416 1515 494 1541 non
523 1506 682 1554 potest,
715 1502 905 1552 relinquit
931 1501 1052 1551 igitur
1078 1502 1186 1552 quod
1216 1502 1382 1552 incepit,
1412 1506 1573 1540 contur-

102 1568 171 1606 bat
207 1566 398 1604 orationis
436 1566 641 1615 ordinem,
680 1566 770 1617 quia
800 1578 902 1616 quae
930 1565 1059 1604 adhuc
1087 1566 1125 1604 in
1154 1569 1288 1603 mente
1316 1565 1437 1604 habet
1464 1569 1578 1604 tanta

103 1633 221 1677 sunt,
258 1635 304 1668 nt
330 1629 440 1668 lente
467 1634 508 1668 et
535 1630 741 1681 paullatim
771 1628 995 1680 procedere
1024 1630 1245 1668 orationem
1287 1641 1365 1668 non
1403 1630 1574 1681 amplius

102 1693 316 1745 patiantur.

50 1760 200 1797 1503ss
227 1755 413 1808 γνώμων
424 1756 595 1795 indicem
607 1755 806 1806 horologii
825 1754 960 1792 solarii
979 1754 1193 1805 significat,
1222 1769 1258 1793 v.
1278 1756 1472 1801 912a39,
1493 1756 1570 1795 117.

100 1822 230 1861 Alium
275 1834 436 1860 sensum
476 1820 599 1858 habet
627 1820 803 1856 577a20
829 1816 1014 1865 τούτους
1042 1815 1088 1857 δὲ
1115 1817 1345 1869 γνώμονας
1372 1819 1570 1869 καλοῦσι,

101 1879 204 1933 τοὺς
230 1884 458 1936 τετάρτους
486 1885 587 1929 (τοῦ
615 1883 724 1923 ὄνου
751 1879 969 1929 ὀδόντας).
1014 1882 1103 1932 Quo
1131 1883 1277 1922 melius
1298 1883 1571 1933 intelligantur

103 1963 204 2002 quae
233 1951 330 1989 dicit
358 1949 585 2000 Simplicius
615 1946 762 1993 (schol.
792 1948 841 1985 91
859 1947 948 1985 Ι)30
970 1949 1103 1997 seqq.)
1140 1951 1181 1984 et
1208 1960 1310 1997 quae
1338 1948 1375 1986 in
1404 1948 1451 1986 iis
1480 1960 1571 1987 cor-

363 2041 383 2070 7
403 2012 569 2063 rigenda
598 2023 690 2049 esse
717 2010 978 2048 indicavimus
997 2024 1035 2061 p.
1052 2011 1117 2059 28,
1147 2010 1312 2060 figuram
1333 2011 1568 2053 adiecimus.

102 2043 482 2274 ssfflglos.
525 2071 747 2113 Blancanus
788 2074 1039 2119 (Aristotelis
1077 2074 1163 2112 loca
1200 2075 1485 2114 mathematica
1521 2088 1572 2115 ex

404 2139 601 2179 universis
630 2138 758 2190 ipsius
787 2150 880 2190 opp.
911 2137 1081 2177 collecta
1109 2142 1150 2176 et
1178 2139 1388 2189 explicata.
1419 2139 1570 2179 Bonon.

104 2254 126 2298 β
406 2204 508 2241 1615
538 2215 577 2253 p.
599 2204 670 2246 35)
699 2201 821 2240 habet
841 2201 966 2240 haec:
995 2203 1208 2249 „Gnomon
1237 2215 1314 2240 vox
1342 2215 1486 2252 graeca
1514 2203 1570 2241 in—

366 2253 467 2306 δίει·
494 2266 567 2303 alia
606 2265 804 2314 significat
837 2266 1143 2304 instrumentum
1173 2265 1270 2303 illud
1300 2266 1407 2316 quod
1435 2265 1571 2304 Latini

103 2335 188 2370 tum
220 2332 407 2370 amussim
438 2335 520 2368 tum
558 2340 736 2367 normam
774 2329 998 2379 appellant,
1037 2329 1123 2367 Itali
1152 2341 1246 2367 vero
1277 2329 1479 2380 Squadra‚
1521 2329 1572 2367 ad

105 2395 218 2434 cuius
234 2395 530 2434 similitudinem
555 2397 788 2443 geometrae
813 2393 1117 2432 denominarunt
1137 2393 1305 2444 figuram
1326 2390 1570 2442 quandam.''

104 2457 209 2508 Quid
236 2459 435 2509 significet
461 2456 650 2509 γνώμων
677 2456 715 2493 in
743 2456 995 2495 arithmetica
1012 2486 1022 2504 ,
1053 2456 1165 2495 cuius
1195 2456 1446 2494 theoremata
1473 2468 1571 2507 geo-

103 2524 271 2561 metrica
301 2523 598 2561 constructione
626 2520 875 2559 illustrabant
901 2524 1084 2565 vetereS,
1125 2532 1173 2558 ex
1200 2519 1286 2570 ipsa
1314 2520 1443 2572 figura
1474 2520 1570 2559 satis

104 2591 282 2638 apparet.
339 2585 404 2626 cf.
444 2585 621 2637 Simplic.
658 2587 699 2622 et
738 2584 826 2623 cod.
868 2583 969 2635 Reg.
1008 2584 1113 2621 1947
1141 2583 1191 2622 ad
1218 2584 1392 2622 203214
1419 2579 1568 2636 (schol.

105 2662 143 2700 p.
173 2652 286 2697 362).

100 2711 125 2744 1.
1254 2707 1300 2742 21
