1774 3126
163 169 244 209 528
692 167 941 216 Analytica
966 170 1139 217 priora.

93 266 98 272 ’
164 272 252 306 tum
287 272 581 308 convertuntur
617 269 705 307 sive
743 269 870 308 etiam
904 268 940 307 Β
969 273 1010 307 et
1039 269 1088 308 Γ.
1123 270 1175 307 38
1205 266 1506 308 Convertuntur
1535 269 1575 308 A
1603 275 1643 309 et

165 331 215 378 B,
242 332 282 370 si
308 336 599 371 convertuntur
624 336 665 369 et
692 331 773 370 ΒΓ
787 337 827 371 et
846 333 937 373 ΑΓ.
965 334 1082 371 68α3
1110 331 1163 370 Si
1180 336 1470 371 convertuntur
1498 337 1540 371 et
1567 332 1646 371 AB

165 399 207 434 et
227 395 321 441 ΓΔ,
349 395 390 434 A
418 399 459 434 et
486 395 529 432 Γ
550 399 689 432 autem
708 394 788 432 sibi
811 398 1058 447 repugnant,
1087 395 1214 433 etiam
1237 394 1274 433 Β
1303 399 1343 434 et
1359 396 1403 434 A
1421 395 1501 434 sibi
1518 407 1647 447 repa·
1672 411 1675 414 >

161 463 307 509 gnant.
365 460 412 495 ll
442 456 495 494 Si
517 456 598 494 sibi
621 463 859 509 repugnant
886 458 928 496 A
955 464 996 496 et
1026 457 1075 506 B,
1108 457 1150 496 Γ
1172 462 1213 496 et
1241 459 1296 506 A,
1323 459 1408 497 ΑΓ
1426 471 1524 497 vero
1551 469 1645 497 con-

162 526 391 567 vertuntur,
423 521 548 558 etiam
576 519 613 558 Β
642 524 683 558 et
710 521 753 558 A
780 525 1085 560 convertuntur.
1139 522 1191 559 16
1218 520 1272 560 Si
1297 521 1334 560 Β
1360 521 1414 560 de
1432 521 1480 569 Γ,
1507 521 1548 559 A
1570 533 1646 559 au-

160 590 245 624 tem
278 595 359 621 non
396 583 478 620 nisi
511 581 563 621 de
592 583 627 621 B
665 588 706 621 et
734 583 776 622 Γ
799 583 1094 636 praedicatur,
1138 589 1433 623 convertuntur
1459 583 1569 629 Aet
1598 583 1646 622 Β.

159 650 210 688 21
226 646 278 685 Si
301 646 343 684 A
368 650 409 684 et
429 645 464 683 Β
493 644 545 683 de
564 645 673 683 omni
684 646 727 685 Γ
733 647 1049 699 praedicantur,
1079 647 1116 685 Β
1135 652 1175 685 et
1189 648 1232 686 Γ
1242 652 1382 686 autem
1401 652 1646 685 convertun-

161 715 242 758 tur,
278 708 551 761 praedicatur
584 708 626 747 A
661 709 713 748 de
748 710 859 748 omni
885 710 932 748 Β.
985 711 1035 747 25
1065 709 1115 748 Si
1149 711 1294 748 bonum
1322 710 1363 749 A
1390 710 1645 749 contrarium

162 778 222 812 est
249 772 361 811 malo·
385 771 434 819 Β,
462 771 609 810 bonum
634 773 678 810 A
694 778 844 818 ⁸autem
871 773 980 812 malo
1000 772 1048 820 Γ,
1076 772 1116 810 A
1138 768 1465 824 praeferendum
1485 773 1567 810 erit
1587 771 1646 824 τῷ

160 837 216 885 Λ,
243 837 282 875 εἰ
306 835 347 874 A
375 839 415 874 et
446 834 487 874 Γ
508 835 727 874 coniuncta
751 837 1051 888 praeferuntur
1080 835 1308 874 coniunctis
1335 835 1372 874 Β
1400 838 1441 873 et
1469 836 1522 877 A.

158 900 309 939 6⁷b30
335 894 407 938 καὶ
431 895 479 936 τὸ
508 897 545 935 Β
571 896 629 950 τῷ
657 898 698 935 A
720 927 730 938 .
752 927 763 938 .
787 926 798 938 .
827 910 915 936 nam
943 898 976 935 si
1004 897 1311 945 conclusionem,
1339 909 1454 948 quam
1475 896 1648 936 converti

211 962 440 1005 sumsimus,
470 971 700 998 conversam
737 959 982 1011 adiungimus
1017 960 1132 1000 alteri
1159 960 1443 1012 propositioni,
1483 964 1648 1011 cogetur

210 1024 332 1062 altera
361 1033 560 1060 conversa.

156 1093 242 1131 671)
255 1093 305 1130 32
333 1091 421 1130 Non
450 1090 568 1129 docet
605 1090 779 1129 converti
815 1091 1124 1142 propositionem
1151 1094 1357 1143 negantem
1385 1089 1647 1130 universalem

212 1154 351 1206 (quod,
379 1166 497 1204 quum
527 1154 577 1192 ad
604 1153 714 1192 initia
741 1154 837 1192 artis
866 1153 1130 1205 syllogisticae
1155 1155 1363 1206 pertineat,
1394 1154 1442 1192 ab
1462 1153 1648 1192 hocloco

208 1218 378 1257 alienum
407 1218 514 1267 ent),
553 1217 623 1255 sed
662 1217 779 1255 docet
807 1217 983 1255 converti
1021 1218 1312 1255 conclusionem
1340 1221 1570 1268 negantem,
1611 1215 1646 1253 si

205 1280 424 1332 propositio
451 1292 598 1330 negans
627 1277 788 1329 (maior)
809 1280 1101 1318 conversionem
1124 1280 1320 1326 admittat,
1349 1279 1643 1329 quomodocun-

208 1356 286 1395 que
313 1344 422 1394 ipsae
449 1342 737 1392 propositiones
765 1347 918 1380 sumtae
944 1343 1032 1381 sint.
1073 1342 1172 1381 Nam
1191 1343 1223 1380 si
1243 1342 1446 1380 affirmans
1463 1341 1544 1391 ΒΓ
1558 1341 1646 1380 iuu-

210 1407 316 1457 gitur
342 1418 430 1444 cum
455 1402 622 1456 negante
643 1405 734 1453 BA,
763 1405 809 1444 fit
837 1405 1034 1444 conclusio
1061 1400 1206 1456 negans
1228 1405 1306 1445 ΓΑ
1331 1403 1507 1444 secundo
1526 1403 1645 1443 modo

210 1470 361 1521 figurae
389 1469 596 1506 secundae.

153 1532 301 1571 oth-⁹37
331 1531 412 1569 Cur
439 1530 670 1568 servandum
699 1531 750 1568 sit
776 1533 835 1580 τῷ
864 1531 900 1569 Β
926 1528 974 1570 τὸ
1002 1531 1256 1579 exposuimus
1284 1530 1333 1569 ad
1360 1530 1511 1569 52b8:
1538 1515 1645 1567 uude

205 1595 325 1633 facile
353 1593 559 1632 coniicitur
593 1593 712 1630 etiam
750 1593 961 1630 lectionem
988 1591 1047 1645 τῷ
1074 1591 1115 1629 A
1142 1590 1374 1629 servandam
1400 1601 1512 1628 esse.
1550 1602 1641 1627 uam

206 1657 313 1695 idem
341 1655 542 1700 mendum,
570 1653 805 1703 praesertim
830 1654 870 1691 iu
896 1654 944 1692 iis
972 1633 1087 1692 codd.
1116 1654 1181 1703 qui
1209 1653 1328 1691 etiam
1349 1652 1467 1690 68³1
1490 1658 1513 1689 a
1531 1655 1644 1690 recto

206 1720 500 1762 aberraverunt,
530 1716 672 1754 eodem
699 1728 816 1754 versu
844 1717 999 1755 obvium
1027 1729 1077 1755 ex
1103 1716 1240 1754 eadem
1270 1726 1386 1753 causa
1406 1716 1535 1752 ortum
1556 1726 1646 1753 esse

203 1783 287 1821 veri
314 1780 445 1820 simile
472 1782 547 1818 est.
602 1778 671 1817 lul.
699 1777 841 1818 Pacius
871 1792 943 1830 pro
971 1778 1029 1833 τῷ
1057 1779 1098 1817 A
1123 1779 1234 1818 dedit
1258 1777 1318 1833 τῷ
1337 1777 1378 1816 A
1403 1772 1452 1816 τὸ
1474 1776 1523 1826 Β,
1552 1776 1644 1817 edd.

207 1845 347 1896 reliqq.
375 1854 502 1895 paene
529 1852 665 1879 omues
693 1853 784 1880 cum
814 1842 980 1881 Boethio
1007 1839 1055 1882 τὸ
1073 1843 1114 1882 A
1139 1841 1197 1896 τῷ
1219 1841 1269 1889 Γ,
1297 1841 1348 1879 de
1375 1852 1451 1890 qua
1477 1839 1646 1878 lectione

207 1906 398 1956 „ldem'’‚
436 1903 562 1955 inquit
589 1903 717 1942 Buhle
755 1904 872 1943 alieni
906 1906 1054 1944 inventi
1081 1906 1241 1956 gloriam
1270 1904 1444 1950 iactans,
1479 1906 1646 1950 „tuetur

205 1975 284 2012 vet.
312 1970 410 2020 intp.
438 1967 526 2006 Lat.
581 1964 732 2005 Verum
760 1979 896 2006 omnes
932 1968 975 2006 hi
1016 1968 1188 2007 editores
1216 1970 1258 2006 et
1283 1966 1409 2017 intpp.
1437 1965 1497 2004 rei
1525 1964 1645 2015 syllo-

205 2033 372 2087 gisticae
410 2043 487 2069 non
523 2028 620 2067 satis
646 2028 809 2068 fuerunt
834 2028 988 2079 gnari'’.
1042 2031 1166 2070 Nobis
1194 2030 1353 2081 quidem
1381 2031 1463 2066 tota
1491 2040 1556 2066 res
1584 2026 1642 2065 vi-

205 2097 322 2136 detur
350 2096 390 2134 in
417 2106 466 2133 eo
493 2104 609 2139 esse,
649 2094 695 2129 ut
731 2091 969 2132 decernatur
996 2096 1126 2132 utrum
1155 2090 1409 2132 scribendum
1437 2090 1490 2129 sit
1516 2089 1575 2144 τῷ
1603 2090 1644 2129 A

204 2159 272 2210 (τὸ
301 2159 343 2199 Γ
364 2158 470 2197 enim
496 2155 616 2194 facile
641 2155 836 2205 repetitur
862 2167 911 2194 ex
938 2156 1282 2205 antecedentibus)
1309 2166 1358 2192 an
1384 2150 1433 2192 τὸ
1451 2153 1493 2191 A
1515 2152 1644 2203 (quod

205 2223 411 2274 suppletur
439 2219 610 2271 repetito
636 2220 695 2268 τῷ
722 2218 792 2268 Β).
844 2217 924 2257 Iam
953 2219 988 2257 si
1015 2219 1224 2258 scribimus
1250 2219 1309 2269 τῷ
1335 2208 1390 2264 A,
1417 2228 1483 2255 res
1511 2216 1571 2254 sic
1597 2227 1643 2256 se

207 2286 341 2326 habet.
394 2283 438 2323 Si
465 2282 658 2322 sumimus
692 2281 999 2332 propositionem
1037 2281 1300 2320 affirmantem
1327 2279 1403 2319 ΓΒ
1429 2279 1544 2329 eique
1571 2277 1642 2317 ad-

203 2348 401 2400 iungimus
428 2349 635 2396 negantem
663 2343 756 2393 ΑΒ,
782 2348 949 2395 apparet
976 2357 1054 2384 non
1079 2344 1169 2383 fieri
1196 2341 1457 2383 universalem
1486 2341 1642 2380 conclu-

205 2412 355 2450 sionem
389 2413 596 2461 negantem
624 2407 724 2455 ΓΑ,
763 2419 863 2458 quae
899 2407 1205 2447 demonstranda
1243 2409 1356 2455 erat,
1386 2403 1456 2443 sed
1485 2403 1558 2452 (ΙΙΙ
1577 2397 1639 2452 β’)

203 2473 495 2513 conclusionem
535 2470 622 2510 ΑΓ
653 2470 703 2509 de
739 2474 852 2521 parte
884 2475 1119 2521 negantem:
1167 2471 1226 2508 sin
1261 2473 1388 2508 autem
1426 2466 1634 2505 scribimus

202 2533 252 2576 τὸ
279 2537 332 2584 Α,
362 2533 622 2587 propositioni
635 2533 710 2573 ΓΒ
737 2533 948 2583 adiungere
976 2534 1166 2573 debemus
1189 2535 1393 2583 negantem
1407 2528 1501 2576 ΑΓ,
1529 2529 1637 2567 unde

200 2599 247 2639 fit
273 2599 307 2649 (Ι
329 2593 384 2650 β’)
422 2597 622 2637 conclusio
661 2596 910 2636 universalis
933 2609 1079 2646 negans
1114 2595 1295 2646 quidem,
1333 2593 1404 2632 sed
1431 2592 1511 2631 τοῦ
1538 2590 1635 2638 AB,

200 2673 278 2703 non
304 2662 390 2702 eius
416 2661 523 2713 quod
555 2660 644 2713 cogi
670 2660 847 2707 deberet,
873 2660 952 2701 τοῦ
979 2659 1070 2701 BA.
1107 2658 1197 2700 Sive
1221 2655 1467 2709 igitur'hanc
1494 2654 1634 2694 lectio-
