1780 3100
240 190 318 231 416
763 193 1013 238 Analytica
1034 194 1204 237 priora.

292 289 395 328 auch
420 289 637 339 gebraucht
661 289 702 327 in
728 288 864 341 Bezug
891 290 963 329 auf
979 290 1183 342 Bejahung
1209 289 1286 328 und
1303 290 1555 342 Verneinung
1580 291 1715 331 beider

292 350 598 391 Vordersiitze’'.
655 351 756 398 lmo,
797 352 836 389 ni
873 352 1011 401 fallor,
1050 365 1208 403 semper
1244 354 1344 392 hanc
1380 355 1456 392 vim
1493 354 1634 400 habet,
1669 358 1715 392 ut

290 421 496 462 utramque
525 414 827 463 propositionem
855 421 1060 466 negantem
1090 428 1178 453 esse
1206 416 1268 454 vel
1287 421 1494 467 utramque
1514 416 1714 455 affirman-

290 480 371 515 tem
408 476 621 524 significet:
664 476 968 528 circumscripsit
1001 478 1123 529 igitur
1160 479 1306 515 29a20
1340 479 1442 527 quod
1479 491 1557 516 uno
1595 479 1714 517 verbo

292 538 514 588 exprimere
542 538 684 576 licebat
710 538 1001 590 κατηγορικῶν
1027 537 1104 590 μὲν
1130 538 1156 591 ἢ
1185 540 1435 591 στερητικών
1461 538 1715 591 ἀμφοτέρων

291 601 430 640 ὄντων
456 600 542 639 τῶν
568 598 696 650 ὅρων.
746 602 810 640 Sic
838 603 885 640 ab
913 603 1192 653 interpretibus
1215 604 1429 654 propositio
1456 604 1599 642 dicitur
1618 603 1714 643 οἶνο-

291 662 565 715 μοιοσχήμων
594 669 649 708 (e.
674 678 710 716 g.
739 665 863 703 schol.
893 667 1081 713 187a20)
1120 666 1391 704 affirmationis
1426 670 1466 704 et
1500 667 1715 717 negationis

291 733 479 778 respectu
507 727 654 764 habito.

235 790 350 827 36a9
378 787 511 828 Verba
538 785 579 836 ἐξ,
607 787 806 840 α’νοέγκης,
836 791 869 828 si
897 790 1096 838 deessent,
1125 802 1238 828 nemo
1267 794 1375 828 esset
1396 790 1461 840 qui
1480 791 1713 840 requireret,

286 851 374 903 quia
389 853 691 902 propositionem
716 854 902 890 maiorem
924 852 1149 890 necessario
1170 857 1375 903 negantem
1392 864 1482 890 esse
1497 853 1626 891 verbis
1640 866 1715 905 μη-

288 911 378 954 δενὶ
404 910 636 965 ἐνδεχέσθω
666 916 738 952 iam
757 915 955 952 indicavit.
994 914 1249 952 Pleonasmus
1280 914 1417 952 similis
1445 918 1507 952 est
1533 915 1570 953 ei
1597 927 1714 965 quem

285 977 477 1020 habemus
514 978 688 1014 3:3¹1b13
728 975 805 1027 οὐχ
842 970 936 1015 οἷόν
961 989 1004 1015 τε
1030 974 1088 1028 μὴ
1117 974 1371 1027 ἐνδέχεσθαι.
1425 977 1512 1016 Alia
1539 977 1714 1017 eiusdem

284 1040 439 1089 generis
463 1039 691 1090 collegimus
714 1041 763 1078 ad
782 1041 831 1076 61
848 1040 870 1076 b
882 1043 918 1077 7.
948 1039 1111 1078 Adiecta
1131 1040 1310 1077 videntur
1328 1039 1445 1076 verba
1460 1036 1501 1087 ἐξ
1516 1031 1713 1091 ἀνάγκης,

284 1113 334 1140 ne
371 1101 457 1152 quis
495 1101 543 1141 τὸ
570 1100 720 1151 μηδενὶ
746 1098 986 1152 ἐνδέχεσθαι
1023 1115 1071 1141 eo
1098 1115 1217 1140 sensu
1244 1101 1389 1139 dictum
1419 1106 1531 1152 putet
1557 1114 1634 1151 quo
1660 1104 1713 1141 si-

285 1164 446 1214 gnificat
473 1165 622 1215 „posse
650 1166 796 1214 aliquid
825 1166 1042 1215 praedicari
1069 1165 1119 1203 de
1138 1164 1286 1211 nullo''‚
1315 1176 1548 1214 quamquam
1567 1177 1617 1202 ne
1637 1165 1714 1203 hoc

283 1226 398 1265 fieret
424 1227 499 1264 iam
528 1228 621 1265 satis
650 1232 806 1266 cautum
834 1232 895 1266 est
922 1228 969 1266 iis
1003 1241 1102 1278 quae
1139 1231 1439 1277 praecesserunt
1466 1225 1569 1265 ἔστω
1597 1227 1712 1277 πρῶ-

282 1300 359 1328 τον
384 1287 413 1340 ἦ
440 1287 657 1339 στερητικὴ
685 1288 905 1338 ἀναγκαία.
943 1311 992 1317 -
1031 1289 1242 1327 Praeterea
1268 1289 1308 1326 in
1335 1289 1586 1336 sequentibus
1615 1290 1714 1329 bene

282 1353 563 1390 attendendum
593 1357 668 1397 est,
697 1365 774 1402 quo
802 1365 921 1391 sensu
948 1357 1115 1402 ponatur
1141 1348 1188 1389 τὸ
1217 1348 1453 1402 ἐνδέχεσθαι
1479 1349 1628 1402 μηδενί
1652 1352 1715 1391 vel

284 1413 338 1454 οὐ
365 1413 493 1453 παντί
518 1415 580 1453 vel
607 1412 665 1466 μὴ
691 1413 795 1462 τινί,
837 1415 984 1466 quippe
1012 1426 1113 1464 quae
1141 1418 1180 1451 et
1207 1415 1466 1454 necessariam
1495 1418 1550 1461 (v.-
1576 1416 1645 1462 14)
1674 1417 1715 1453 et

282 1474 511 1528 possibilem
541 1478 848 1529 propositionem
876 1477 1096 1527 significent
1124 1479 1200 1521 (vs,
1223 1478 1312 1520 lsj:
1340 1489 1427 1514 nam
1449 1477 1572 1515 altero
1596 1489 1713 1515 sensu

283 1544 564 1578 convertuntur
599 1538 647 1579 τὸ
684 1536 926 1590 ἐνδέχεσθαι
963 1535 1112 1589 μηδενὶ
1148 1542 1189 1577 et
1223 1536 1271 1576 τὸ
1305 1535 1546 1588 ἐνδέχεσθαι
1572 1537 1712 1588 παντί,

280 1601 406 1640 altero
433 1602 536 1640 inter
563 1615 608 1641 se
634 1606 818 1654 pugnant.

228 1665 379 1702 36218
408 1664 488 1702 Cur
516 1665 611 1703 Bkk.
650 1678 726 1703 non
755 1665 960 1715 scripserit
984 1663 1083 1711 τῶν,
1112 1663 1216 1714 quod
1244 1675 1300 1702 va.
1327 1664 1502 1701 34-38
1528 1663 1711 1702 codicum

280 1727 515 1765 auctoritate
543 1731 670 1765 motus
699 1728 897 1777 praetulit,
926 1740 1002 1766 non
1031 1727 1155 1765 video.

226 1790 377 1827 36a21
405 1781 441 1840 ἤ
459 1801 502 1827 τε
529 1786 610 1840 γὰρ
638 1789 838 1840 πρότασις
858 1819 866 1828 .
889 1817 899 1827 .
917 1819 926 1829 .
981 1789 1134 1828 Pendet
1171 1787 1273 1826 enim
1311 1786 1510 1825 conclusio
1546 1799 1594 1826 ex
1620 1800 1711 1838 pro·

279 1852 476 1902 positione
503 1853 675 1899 maiore,
717 1854 749 1891 si
776 1854 815 1891 in
842 1853 991 1891 minore
1017 1852 1048 1889 B
1077 1853 1128 1890 de
1155 1850 1260 1889 omni
1289 1849 1320 1888 G
1347 1849 1588 1888 affirmatum
1622 1863 1711 1889 nam

280 1912 313 1951 C
340 1914 443 1952 inest
480 1914 519 1952 in
558 1915 728 1952 termino
756 1915 787 1953 B
824 1918 869 1953 ut
906 1926 996 1964 pars
1025 1914 1065 1952 in
1092 1918 1187 1952 toto.
1243 1912 1328 1960 Qua
1355 1912 1506 1950 ratione
1534 1911 1650 1962 igitur
1679 1913 1711 1952 A

279 1975 532 2026 praedicatur
559 1977 610 2014 de
637 1978 804 2015 termino
833 1977 878 2024 B,
906 1976 1045 2013 eadem
1074 1976 1193 2013 etiam
1221 1974 1271 2011 de
1300 1973 1345 2012 C.
1765 2024 1773 2031 ἐ

226 2039 372 2077 aea-23
401 2037 536 2076 Lectio
564 2036 712 2088 μηδενὶ
748 2044 787 2077 et
814 2037 1024 2078 Alexandri
1059 2041 1099 2074 et
1136 2036 1314 2074 codicum
1342 2034 1579 2073 auctoritate
1605 2047 1710 2075 com-

279 2101 502 2148 mendatur,
531 2105 576 2139 ut
604 2101 826 2152 recipienda
854 2101 917 2148 sit,
946 2100 980 2138 si
1006 2100 1150 2138 habeat
1177 2111 1254 2148 quo
1283 2097 1514 2148 explicetur.
1542 2097 1710 2138 Alexan-

277 2163 350 2202 der
376 2163 506 2201 locum
541 2163 596 2201 ita
621 2164 926 2215 interpretatur,
961 2165 1007 2201 ut
1043 2162 1161 2200 verba
1200 2159 1258 2207 εἷς
1295 2159 1343 2200 τὸ
1382 2158 1598 2199 ἀδύνατον
1632 2159 1711 2201 οὐκ

277 2223 391 2265 ἔστιν
407 2223 581 2275 ἀγαγεῖν
608 2226 830 2277 accipienda
859 2225 934 2263 sint
953 2226 1003 2263 de
1022 2223 1290 2275 propositione
1307 2221 1363 2262 τὸ·
1378 2224 1416 2261 Α
1434 2221 1610 2274 ὑπάρχει
1631 2236 1710 2275 μη-

280 2287 369 2328 δενὶ
395 2289 454 2341 τῷ
469 2289 518 2336 Γ,
547 2302 648 2339 quae
674 2288 908 2326 deductione
930 2287 1037 2326 facta
1055 2287 1104 2325 ad
1123 2287 1334 2325 absurdum
1353 2286 1612 2324 demonstrari
1634 2299 1711 2326 non

280 2352 418 2403 possit.
473 2351 575 2392 Mihi
602 2351 760 2401 quidem
796 2350 894 2388 haec
922 2349 1128 2400 explicatio
1154 2349 1306 2386 videtur
1333 2352 1439 2386 stare
1466 2360 1540 2385 non
1567 2359 1708 2399 posse:

277 2425 365 2453 nam
405 2414 504 2452 ferri
539 2426 616 2452 non
663 2417 800 2464 posset
853 2412 1074 2450 Aristotelis
1117 2410 1371 2463 negligentia,
1423 2410 1457 2447 si
1493 2409 1709 2460 syllogismi

277 2478 433 2523 (uz-¹3),
463 2489 511 2515 ex
532 2488 609 2526 quo
630 2476 839 2514 absurdum
863 2475 1124 2524 colligeretur,
1153 2473 1255 2523 quod
1275 2473 1436 2511 efficere
1459 2471 1588 2519 vellet,
1618 2484 1707 2522 pro-

275 2538 509 2590 positionem
537 2538 722 2585 maiorem
752 2536 948 2576 omisisset
975 2535 1042 2582 (τὸ
1063 2537 1103 2575 A
1129 2538 1186 2586 τῷ
1205 2532 1341 2574 Γτινὶ
1368 2532 1586 2585 ύποὲρχει);
1614 2546 1705 2573 nam

274 2600 400 2639 oratio
412 2601 486 2639 hac
501 2600 685 2651 loquendi
699 2599 848 2638 ratione
861 2602 938 2637 tam
953 2600 1121 2638 obscura
1136 2601 1256 2645 esset,
1269 2602 1314 2636 ut
1324 2596 1515 2635 sententia
1530 2596 1703 2635 divinan-

272 2662 322 2700 da
335 2667 455 2711 esset,
466 2675 542 2702 non
561 2663 824 2712 intelligenda.
854 2661 1003 2700 Deinde
1021 2662 1069 2700 ad
1084 2659 1297 2700 absurdum
1319 2659 1409 2709 duci
1427 2659 1474 2697 ab
1489 2658 1701 2698 Aristotele

272 2723 413 2763 dicitur
430 2722 484 2776 id,
505 2726 615 2766 cuius
638 2725 784 2765 veritas
805 2717 998 2775 probatur
1014 2724 1142 2775 posito
1167 2734 1215 2762 eo
1235 2722 1340 2773 quod
1363 2721 1600 2761 contrarium
1624 2725 1702 2760 est.
