1806 3094
715 212 1063 247 PRAEFATIO.
1554 209 1642 244 xlu

135 319 290 374 solvit,
337 323 385 361 ut
414 333 516 361 cum
554 318 636 361 illo
667 317 940 372 consentiat,
986 330 1257 375 quamquam
1290 320 1519 378 auctorem
1551 329 1644 358 non

133 398 300 456 ubique
341 398 552 441 nominat.
623 398 769 441 Notae
814 411 924 454 quas
965 396 1144 439 addidit
1178 394 1295 438 nihil
1337 394 1434 438 fere
1470 393 1644 437 habent

134 477 257 536 quod
288 492 378 520 non
404 477 582 537 legatur
611 476 656 519 in
683 476 1005 519 commentario
1026 475 1128 519 Iulii
1151 474 1290 527 Pacii,
1325 478 1374 516 ut
1404 468 1642 532 quodcun-

136 571 222 615 que
254 557 299 598 in
321 557 462 599 altero
494 555 566 599 vel
599 555 926 598 laudaverimus
950 555 1024 598 vel
1055 553 1480 614 reprehenderimus
1506 553 1642 596 etiam

135 634 193 677 de
216 635 358 678 altero
383 634 698 694 accipiendum
724 634 792 677 sit.
864 631 1076 677 Ceterum
1098 634 1270 677 Zellius
1298 647 1389 676 non
1414 639 1507 675 tam
1537 647 1641 675 ver-

131 720 226 756 tere
248 714 444 757 voluisse
468 713 645 757 videtur
666 713 956 757 Aristotelem
989 729 1123 771 quam
1154 712 1531 772 interpretatione
1562 726 1642 755 ex-

131 792 329 850 plicare:
366 794 543 853 saepius
578 793 711 846 enim,
747 808 803 836 ne
836 793 977 835 oratio
1003 792 1185 835 brevior
1215 791 1535 834 obscuritatem
1556 790 1643 833 ha-

130 871 273 926 beret,
310 872 476 916 adiecit
497 888 612 930 quae
635 872 792 916 deesse
814 872 856 915 ei
876 872 1167 915 videbantur:
1204 887 1291 929 qua
1323 870 1509 929 quidem
1543 885 1641 912 am-

130 951 411 1010 plificatione
433 952 728 995 Aristotelem
759 966 850 995 non
881 951 1108 1010 corrumpi
1139 941 1274 1010 aegre
1305 950 1417 994 mihi
1447 964 1640 1008 persua-

132 1029 235 1084 deo,
272 1031 355 1073 nisi
388 1031 463 1089 qui
494 1031 744 1089 amplificet
773 1031 1023 1074 animorum
1048 1030 1245 1088 quodam
1275 1044 1496 1072 consensu
1529 1043 1641 1072 con-

131 1108 306 1152 iunctus
341 1110 398 1152 sit
425 1125 526 1152 cum
561 1123 617 1152 eo
653 1109 777 1152 cuius
811 1110 980 1168 scripta
1014 1116 1226 1169 exponat,
1263 1108 1386 1167 quod
1416 1108 1474 1152 de
1493 1107 1643 1151 Zellio

131 1188 398 1246 praedicare
431 1203 522 1231 non
552 1189 707 1242 ausim,
745 1204 882 1246 quum
923 1188 1048 1231 haud
1078 1189 1235 1247 paucis
1272 1188 1384 1231 locis
1417 1185 1643 1246 (nonnul-

131 1267 199 1310 los
230 1268 427 1327 exempli
452 1283 585 1310 causa
607 1268 651 1310 in
675 1267 995 1310 commentario
1015 1267 1477 1321 commemoravimus,
1508 1280 1643 1324 quem

131 1345 187 1388 de
207 1346 460 1404 Analyticis
482 1346 708 1405 prioribus
737 1343 1025 1406 scripsimus]
1053 1362 1204 1389 veram
1229 1346 1488 1389 Aristotelis
1514 1360 1643 1389 men-

131 1430 224 1467 tem
270 1440 371 1468 eum
416 1439 505 1467 non
546 1425 834 1483 perspexisse
874 1431 1108 1483 appareat.
1143 1448 1212 1456 --
1280 1424 1411 1478 Quae
1453 1425 1499 1468 in
1535 1424 1643 1468 edit.

133 1503 268 1548 Arist.
294 1503 482 1562 Bipont.
518 1503 770 1546 Buhlius
803 1502 981 1546 dederit
1013 1518 1104 1546 non
1135 1504 1287 1563 magni
1311 1504 1528 1547 momenti
1547 1518 1645 1547 esse

133 1583 208 1625 vix
229 1589 296 1625 est
321 1582 443 1639 quod
466 1582 732 1641 probemus:
769 1597 906 1639 quare
940 1583 1096 1641 paucis
1127 1582 1398 1640 quibusdam
1422 1583 1642 1642 exemplis

136 1661 309 1716 allatis,
361 1661 482 1704 unde
521 1666 744 1720 appareat
780 1662 1011 1719 quomodo
1043 1662 1332 1705 Aristotelem
1355 1662 1642 1716 intellexerit,

132 1741 331 1783 contenti
363 1755 533 1784 sumus:
572 1741 674 1783 Vol.
700 1740 744 1783 ΙΙ
773 1756 820 1799 p.
843 1741 940 1785 673
962 1741 1204 1803 formulam
1230 1741 1467 1785 Aristoteli
1501 1741 1642 1784 tritis-

135 1819 290 1862 simam
312 1813 363 1861 τὸ
393 1814 552 1881 ἀγαθῷ
571 1812 681 1862 εἶναι
704 1819 960 1878 significare
989 1819 1097 1862 dicit
1118 1815 1199 1873 „vd
1220 1820 1368 1863 inesse
1388 1818 1550 1875 bono'’‚
1583 1819 1640 1863 cf.

134 1913 249 1954 quae
274 1897 463 1941 diximus
485 1914 529 1957 p.
560 1899 657 1943 359
685 1906 817 1950 extr.;
857 1899 1028 1944 18a39
1054 1899 1185 1942 scribi
1206 1900 1304 1942 vult
1329 1896 1395 1942 ἐπὶ
1418 1900 1480 1961 τῷ
1505 1894 1642 1961 αὐτῷ,

132 1977 236 2034 quia
271 1976 386 2019 nihil
409 1978 704 2036 praecesserit
727 1977 784 2019 ad
805 1977 927 2034 quod
952 1978 1108 2021 referri
1134 1979 1279 2037 possit
1301 1994 1508 2022 numerus
1531 1979 1640 2038 plu-

131 2055 236 2098 ralis
250 2051 485 2109 τοιούτοις.
522 2057 651 2109 Quae
672 2056 865 2116 legimus
887 2057 1064 2101 37a35
1086 2058 1241 2116 inepte
1264 2060 1467 2111 mutavit,
1481 2073 1641 2116 quam-

131 2149 265 2192 quam
290 2134 425 2177 valde
451 2134 670 2194 gloriatus
694 2134 754 2177 de
775 2136 1065 2178 correctione.
1103 2137 1204 2180 70a
1220 2137 1281 2181 10
1304 2136 1522 2179 excidisse
1550 2152 1640 2196 pu-

132 2220 197 2256 tat
217 2228 374 2256 vocem
394 2208 561 2273 οῗτελής,
584 2229 855 2272 quamquam
872 2215 950 2257 lul.
965 2214 1125 2258 Pacius
1148 2214 1266 2257 hanc
1284 2230 1443 2258 vocem
1459 2215 1641 2259 aliunde

130 2292 344 2337 intrusam
371 2308 466 2336 esse
491 2293 596 2336 satis
626 2300 784 2351 aperte
816 2293 1026 2336 ostendit.
1088 2293 1178 2348 Qui
1200 2294 1331 2353 plura
1358 2294 1469 2336 velit
1490 2294 1642 2337 videat

131 2386 247 2429 quae
276 2371 467 2415 diximus
491 2371 547 2414 ad
579 2371 738 2427 8a34‚
778 2373 965 2428 13a19‚
1002 2372 1199 2427 20a24‚
1235 2371 1419 2418 46b34
1451 2379 1497 2416 et
1525 2389 1641 2430 quae

130 2450 323 2500 Buhlius
347 2450 406 2493 ad
433 2465 592 2494 vocem
622 2448 770 2507 τρίτον
790 2452 853 2498 69
868 2453 897 2495 b
913 2454 989 2507 13,
1025 2452 1083 2495 ad
1101 2446 1184 2495 κᾶν
1206 2453 1266 2495 ib.
1295 2468 1357 2495 vs.
1380 2453 1459 2506 32,
1496 2452 1639 2495 multa

132 2530 220 2574 alia
247 2545 363 2588 quae
395 2537 439 2573 et
468 2531 620 2573 facilia
653 2537 754 2573 sunt
790 2531 848 2574 ad
875 2532 1192 2575 inveniendum
1229 2538 1275 2574 et
1302 2530 1490 2590 indigna
1522 2546 1639 2588 quae

130 2609 207 2652 hic
231 2624 644 2653 commemoremus.
709 2609 906 2654 Scholiis
942 2626 1033 2654 non
1067 2611 1296 2669 perlectis,
1319 2610 1398 2653 sed
1421 2610 1637 2669 inspectis

131 2689 193 2731 ita
226 2704 329 2732 usus
358 2696 447 2743 est,
492 2695 541 2732 ut
582 2688 658 2731 hic
691 2689 784 2732 illic
817 2690 1087 2734 delibaverit
1117 2691 1239 2749 quod
1272 2690 1318 2733 in
1348 2705 1477 2733 usum
1509 2705 1638 2733 suum

133 2768 379 2820 conferret3
416 2784 442 2811 a
474 2767 630 2811 Iulio
651 2768 824 2812 Pacio
845 2777 1009 2824 autem,
1041 2770 1434 2830 perspicacissimo
1455 2769 1636 2812 Aristo-

133 2846 236 2889 telis
270 2847 543 2905 interprete,
578 2849 623 2890 in
647 2863 751 2905 quo,
785 2850 1004 2908 temporis
1030 2865 1120 2907 quo
1141 2851 1251 2893 vixit
1270 2849 1445 2893 ratione
1464 2847 1636 2903 habita,
