1884 3100
615 186 955 221 ΠΡΟΤΕΡΩΝ
983 187 1021 219 Β.
1461 184 1544 227 243

90 289 155 351 τῷ
184 288 243 332 Β·
278 282 400 332 οὕτω
424 282 509 347 γὰρ
538 284 658 332 ε’σται
689 283 741 331 τὸ
772 282 1012 333 ἀδύνατον.
1052 286 1190 331 τοῦτο
1218 284 1266 329 δὲ
1287 279 1340 329 τὸ
1359 287 1542 343 πρωτον

92 357 264 416 σχῆμα,
293 351 344 400 τὸ
374 356 412 398 A
442 353 574 398 παντὶ
603 356 666 418 τῷ
697 355 743 398 Γ
765 353 840 398 καὶ
864 349 917 398 τὸ
954 355 1000 398 Γ
1021 351 1163 398 παντὶ
1179 354 1241 416 τῷ
1268 353 1318 396 Β.
1375 348 1542 434 ὁμοίως

94 422 141 467 δὲ
179 421 253 467 καὶ
286 421 325 468 εἰ
348 419 431 468 τινὶ
458 420 671 466 δέδεικται
705 417 936 480 ὑπάρχον·
974 417 1005 482 ἡ
1030 419 1108 478 μὲν
1137 397 1222 500 γὰρ
1239 415 1463 504 ὑπόθεσις
1483 411 1593 482 ἦνεο

93 489 248 551 μηδενὶ
280 506 340 534 τω
373 490 411 532 Β
441 485 493 533 τὸ
520 491 559 533 A
581 486 819 547 ὑπάρχειν,
855 488 1054 548 εἴληπται
1090 487 1136 532 δὲ
1166 483 1219 532 τὸ
1249 489 1287 531 Α
1321 487 1451 532 παντὶ
1481 490 1543 552 τῷ

96 559 142 601 Γ
165 555 239 601 καὶ
269 534 322 601 156
355 558 401 600 Ι
418 555 502 600 τινὶ
541 558 605 636 193
638 558 688 600 Β.
743 555 781 600 εἰ
814 555 862 600 δὲ
892 551 1148 615 στερητικος
1180 551 1206 598 6
1233 553 1545 615 συλλογισμός,

93 620 124 684 ἦ
163 622 242 682 μὲν
257 619 520 706 ὑπόθειῖις
530 619 580 667 τὸ
615 626 652 667 Α
679 622 763 668 τινὶ
802 625 867 686 τῷ
895 624 956 678 Β,
993 622 1190 683 εἴληπται
1223 621 1270 666 δὲ
1300 619 1352 704 τιὸ
1385 626 1423 667 Λ
1455 641 1542 685 μη-

91 689 182 736 δενὶ
211 692 275 753 τῷ
304 691 350 733 Γ
371 689 446 733 καὶ
474 685 525 734 τὸ
558 691 604 734 Γ
623 689 752 734 παντὶ
782 692 846 753 τῷ
879 692 930 743 Β,
961 685 1070 734 ὥστε
1100 688 1259 749 γίνεται
1291 686 1344 735 τὸ
1368 695 1547 748 πρῶτον

90 760 251 819 σχῆμα.
310 755 386 801 καὶ
437 755 475 801 εἰ
528 753 589 818 μὴ
639 754 849 802 καθολου
894 753 920 801 6
961 753 1288 815 συλλογισμός,
1343 753 1455 801 ἀλλὰ
1495 754 1598 803 τὸ35

91 828 128 869 Α
160 824 244 869 τινὶ
273 826 337 887 τῷ
366 825 404 868 Β
445 822 657 870 δέδεικται
688 821 749 886 μὴ
784 821 1014 883 ὑπάρχειν,
1049 820 1277 878 ὡσαύτως.
1323 820 1549 880 ὑπόθεσις

90 891 169 951 μὲν
205 908 290 951 γαρ
330 891 460 936 παντὶ
498 893 563 954 τῷ
600 893 638 936 Β
669 889 720 936 τὸ
754 894 792 936 Α
820 888 1057 950 ὑπάρχειν,
1100 891 1300 952 ειληπται
1339 890 1388 937 δὲ
1427 887 1479 936 τὸ
1510 893 1548 936 Α

90 958 243 1021 μηδενὶ
281 961 343 1022 τῷ
383 960 430 1003 Γ
459 958 535 1003 καὶ
574 955 626 1004 τὸ
660 961 706 1003 Γ
725 958 807 1005 τινὶ
836 961 897 1023 τῷ
926 961 986 1005 Β·
1020 953 1141 1004 οὕτω
1172 955 1256 1019 γὰρ
1286 954 1340 1004 τὸ
1373 961 1549 1019 πρῶτον

92 1029 254 1088 σχῆμα·

227 1089 378 1137 Πάλιν
410 1089 456 1137 ἐν
495 1094 558 1155 τῷ
586 1091 715 1156 τρίτω
746 1089 934 1151 σχήματι
970 1090 1183 1158 δεδείχθω
1200 1087 1252 1136 τὸ
1272 1094 1310 1136 Α
1332 1092 1463 1138 παντὶ
1485 1109 1546 1175 τῳ
1564 1109 1601 1137 40

89 1160 128 1203 B
161 1155 390 1218 ὑπάρχειν.
430 1155 603 1203 ου’κοῦν
640 1155 670 1220 ἡ
693 1176 771 1217 μεν
798 1156 1024 1215 ὑπόθεσις
1042 1158 1102 1220 ήν
1122 1155 1184 1221 μὴ
1202 1159 1333 1204 παντὶ
1354 1162 1419 1223 τῷ
1438 1162 1476 1206 Β
1496 1157 1548 1206 τὸ

90 1229 128 1271 Α
158 1223 389 1286 ὑπάρχειν,
420 1225 622 1287 είληπται
646 1226 693 1271 δε
722 1222 774 1271 τὸ
816 1228 862 1270 Γ
888 1226 1017 1271 παντὶ
1045 1228 1108 1290 τῷ
1129 1224 1167 1270 Β
1188 1226 1262 1270 καὶ
1283 1223 1335 1271 τὸ
1357 1205 1397 1271 A‘
1416 1228 1549 1272 παντὶ
1567 1238 1590 1270 b

89 1295 154 1357 τῷ
186 1295 247 1338 Γ·
281 1289 402 1339 οὕτω
434 1290 518 1352 γὰρ
553 1292 670 1339 ε’σται
699 1289 751 1338 τὸ
783 1289 1018 1339 ἄδυνατον.
1062 1295 1202 1338 τοῦτο
1232 1292 1280 1338 δε
1307 1290 1357 1339 τὸ
1376 1296 1552 1351 πρῶτον

91 1362 249 1442 σχῆμα.
307 1357 523 1415 ωσαύτως
557 1360 604 1405 δε
641 1360 715 1405 καὶ
743 1359 780 1405 εἰ
815 1359 885 1405 ἐπί
916 1377 1035 1416 τινος
1065 1357 1095 1421 ἡ
1128 1357 1372 1417 ἀπόδειξις·
1408 1358 1438 1423 ἡ
1470 1379 1551 1420 μεν

89 1425 173 1487 γὰρ
204 1424 429 1483 ὑπόθεσις
456 1427 609 1488 μηδενὶ
640 1430 703 1490 τῷ
732 1429 769 1472 Β
802 1424 852 1472 τὸ
871 1430 908 1472 Α
936 1425 1166 1487 ὑπάρχειν,
1198 1428 1398 1489 εἰληπται
1425 1429 1471 1474 δὲ
1495 1425 1547 1485 τὸ

91 1497 139 1539 Γ
158 1494 242 1540 τινὶ
273 1497 337 1558 τῷ
367 1496 407 1539 Β
436 1495 509 1539 καὶ
527 1492 577 1539 τὸ
601 1497 638 1539 Α
655 1494 784 1540 παντὶ
805 1497 870 1558 τῷ
893 1497 943 1539 Γ.
980 1495 1018 1540 ει
1038 1494 1085 1540 δε
1108 1492 1363 1555 στερητικὸς
1384 1493 1410 1540 6
1433 1498 1583 1541 συλ-τ,

88 1559 316 1622 λογισμός,
346 1558 573 1618 ὑπόθεσις
603 1579 682 1621 μεν
714 1558 766 1607 τὸ
798 1565 835 1607 A
866 1561 950 1607 τινὶ
981 1565 1047 1626 τῶ
1075 1564 1113 1606 Β
1146 1559 1386 1646 ὑπάρχειν,
1425 1564 1545 1624 εὔλη-

88 1642 192 1675 πται
219 1629 267 1674 δὲ
297 1625 349 1674 τὸ
376 1631 423 1673 Γ
449 1631 513 1693 τῶ
540 1646 619 1689 μεν
646 1632 683 1674 Α
716 1628 883 1689 μηδενί,
912 1632 974 1693 τῷ
1006 1607 1054 1674 δε
1087 1632 1124 1675 Β
1154 1630 1305 1675 παντί·
1336 1632 1473 1676 τοῦτο
1498 1631 1546 1676 δε

88 1692 141 1741 τὸ
172 1695 311 1778 μέῗον
342 1674 503 1758 σχῆμά.
551 1694 716 1755 ὁμοίως
747 1697 795 1742 δὲ
831 1696 906 1741 καὶ
937 1697 975 1742 εἰ
995 1693 1056 1758 μὴ
1079 1695 1287 1743 καθόλου
1306 1694 1336 1759 ἡ
1363 1695 1547 1743 οἷπόδει-

89 1759 166 1818 ξις.
213 1760 436 1818 ὑπόθεσις
473 1781 552 1822 μεν
581 1761 665 1823 γὰρ
693 1763 811 1808 ἔσται
845 1763 976 1808 παντὶ
1008 1765 1073 1827 τῷ
1101 1766 1139 1808 Β
1166 1761 1218 1809 τὸ
1253 1768 1291 1809 A
1319 1762 1547 1824 ὑπάρχειν,

90 1830 288 1891 εἰληπται
318 1830 366 1875 δε
395 1826 446 1874 τὸ
484 1833 530 1874 Γ
555 1848 616 1875 τω
648 1847 729 1890 μεν
750 1833 788 1875 A
810 1830 980 1892 μηδενί,
999 1833 1061 1896 τῷ
1084 1831 1131 1876 δε
1153 1833 1191 1875 Β
1210 1831 1322 1878 τινί
1345 1834 1480 1878 τοῦτο
1501 1832 1548 1878 δε
1566 1851 1601 1878 10

88 1893 140 1943 τὸ
164 1896 302 1956 μέσον
321 1899 479 1976 σχῆμα.

228 1959 432 2021 Φανερὸν
465 1963 550 2008 οὐν
581 1957 648 2007 ὅτι
680 1959 756 2007 δια
784 1964 876 2007 τοῖν
909 1958 1059 2008 αὐτῶν
1087 1959 1204 2022 ὅρων
1234 1963 1309 2008 καὶ
1328 1965 1551 2021 δεικτικῶς

89 2029 179 2076 ἔστι
232 2028 458 2076 δεικνύναι
513 2046 604 2074 των
649 2027 972 2091 προβλημάτων
1017 2029 1213 2076 ἕκαστον.
1299 2027 1466 2089 ὁμοίως
1511 2030 1550 2078 δ’

89 2097 210 2144 ἔσται
253 2097 327 2142 καὶ
369 2099 596 2142 δεικτικῶν
639 2093 780 2142 ὄντων
813 2099 902 2142 τῶν
932 2099 1248 2159 συλλογισμῶν
1285 2097 1346 2153 εἰς
1377 2096 1549 2145 ἀδύνα-

89 2181 167 2211 τον
199 2161 379 2246 ἀπάγειν
410 2164 454 2210 ἐν
484 2167 577 2218 τοῖς
613 2163 887 2226 εἰλημμένοις
917 2160 1064 2223 ὅροις,
1108 2161 1216 2211 ὅταν
1243 2162 1273 2226 ἡ
1308 2162 1548 2225 οξντικειμέ-
1566 2184 1600 2211 15

90 2248 147 2293 νη
190 2232 407 2291 πρότασις
450 2232 510 2293 τῷ
546 2229 880 2290 συμπεράσματι
919 2233 1094 2293 ληφθῇ.
1152 2233 1352 2292 γίνονται
1385 2229 1469 2292 γὰρ
1506 2232 1550 2278 οἱ

92 2295 223 2344 αυτοὶ
255 2296 546 2358 συλλογισμοὶ
581 2301 673 2353 τοῖς
706 2294 781 2342 δια
811 2301 894 2359 τῆς
924 2295 1238 2361 ἄντιστροφῆς,
1268 2295 1369 2343 ὥστ’
1402 2296 1551 2380 833669

91 2365 241 2425 εχομεν
267 2365 341 2410 καὶ
375 2383 428 2410 τα
452 2362 651 2424 σχήματα
673 2361 729 2409 δι’
753 2357 815 2410 ὠν
838 2364 1022 2411 ἕκαστον
1044 2365 1175 2411 ε’σται.
1214 2368 1354 2426 δῆλον
1374 2365 1461 2411 οὐν
1484 2363 1551 2413 ὅτι

90 2435 179 2478 πᾶν
216 2431 452 2494 πρόβληιια
496 2431 717 2477 δείκνυται
760 2429 853 2476 κατ’
884 2429 1167 2492 αμφοτέρους
1199 2429 1306 2488 τούς,-
1335 2431 1549 2492 τρόπους,

93 2497 166 2544 διά
198 2517 242 2545 τε
275 2503 363 2545 τοῦ
387 2496 617 2548 α’δυνάτου
646 2499 720 2544 καὶ
751 2501 991 2556 δεικτικῶς,
1025 2500 1099 2545 καὶ
1125 2497 1212 2546 οὐκ
1233 2499 1445 2560 ἐνδέχεται
1462 2518 1600 2560 xeo-20

92 2566 295 2627 ρι’ζεσθαι
314 2564 392 2613 τὸν
411 2566 567 2627 ἕτερον.

188 2680 230 2713 29
266 2679 398 2734 σχῆμα,
423 2678 516 2714 εἰτὸ
536 2691 572 2712 η.
599 2698 640 2703 -
678 2679 721 2712 33
721 2677 778 2732 β]
802 2679 825 2724 β
841 2675 1023 2733 ὑπάρχειν
1043 2691 1075 2712 η.
1106 2698 1145 2703 -
1180 2679 1225 2712 38
1247 2679 1298 2722 τῷ
1321 2691 1343 2723 y
1367 2678 1440 2715 τινι
1462 2679 1504 2715 τὸ
1526 2681 1549 2726 β

96 2723 491 2781 ΡΥΑ.-γὰρ]δὲπ.
517 2722 875 2780 -41υπαρχονιι,
902 2744 943 2749 —
969 2736 1145 2779 ηνοηιπ.
1172 2743 1213 2748 —-
1212 2713 1393 2780 τὸβτῷ
1415 2727 1519 2770 prA.

185 2768 315 2805 63‘086
293 2770 339 2815 δὴ
358 2783 400 2814 pr
419 2771 462 2804 Β.
486 2790 530 2796 -
558 2772 599 2804 13
620 2768 792 2812 ἕκαστον]
816 2766 971 2804 ἕκαστον
994 2769 1056 2804 καὶ
1077 2767 1141 2804 διὰ
1158 2769 1227 2804 τοῦ
1244 2759 1437 2806 ἀδυνάτου
1459 2773 1548 2806 Βηιι.

1185 2826 1261 2860 16*
