<?xml version="1.0" encoding="UTF-8"?>
<!DOCTYPE html PUBLIC "-//W3C//DTD XHTML 1.0 Transitional//EN"
    "http://www.w3.org/TR/xhtml1/DTD/xhtml1-transitional.dtd">
<html xmlns="http://www.w3.org/1999/xhtml" xml:lang="en" lang="en">
 <head>
  <title>
</title>
<meta http-equiv="Content-Type" content="text/html;charset=utf-8" />
  <meta name='ocr-system' content='tesseract 3.04.00' />
  <meta name='ocr-capabilities' content='ocr_page ocr_carea ocr_par ocr_line ocrx_word'/>
</head>
<body>
  <div class='ocr_page' id='page_1' title='image "aristotelisorgan01arisuoft_0464.png"; bbox 0 0 1780 3100; ppageno 0'>
   <div class='ocr_carea' id='block_1_1' title="bbox 232 205 1207 258">
    <p class='ocr_par' dir='ltr' id='par_1_1' title="bbox 232 205 1207 258">
     <span class='ocr_line' id='line_1_1' title="bbox 232 205 1207 258; baseline -0.003 -16"><span class='ocrx_word' id='word_1_1' title='bbox 232 207 311 246; x_wconf 75' lang='lat'>430</span> <span class='ocrx_word' id='word_1_2' title='bbox 539 256 541 258; x_wconf 14' lang='lat' dir='ltr'>q</span> <span class='ocrx_word' id='word_1_3' title='bbox 749 205 1002 250; x_wconf 74' lang='lat' dir='ltr'>Analytiea.</span> <span class='ocrx_word' id='word_1_4' title='bbox 1031 206 1207 249; x_wconf 73' lang='lat' dir='ltr'>priora.</span> 
     </span>
    </p>
   </div>
   <div class='ocr_carea' id='block_1_2' title="bbox 226 296 1711 2786">
    <p class='ocr_par' dir='ltr' id='par_1_2' title="bbox 285 296 1707 355">
     <span class='ocr_line' id='line_1_2' title="bbox 285 296 1707 355; baseline 0.001 -13"><span class='ocrx_word' id='word_1_5' title='bbox 285 314 446 355; x_wconf 83' lang='lat' dir='ltr'>genera,</span> <span class='ocrx_word' id='word_1_6' title='bbox 475 303 541 353; x_wconf 88' lang='lat' dir='ltr'>qui</span> <span class='ocrx_word' id='word_1_7' title='bbox 570 306 770 341; x_wconf 83' lang='lat' dir='ltr'>externam</span> <span class='ocrx_word' id='word_1_8' title='bbox 793 302 1106 340; x_wconf 84' lang='lat' dir='ltr'>enunciationum</span> <span class='ocrx_word' id='word_1_9' title='bbox 1126 301 1308 351; x_wconf 74' lang='lat' dir='ltr'>formam,</span> <span class='ocrx_word' id='word_1_10' title='bbox 1336 314 1406 341; x_wconf 85' lang='lat' dir='ltr'>eos</span> <span class='ocrx_word' id='word_1_11' title='bbox 1433 296 1600 352; x_wconf 81' lang='lat' dir='ltr'>quatuor</span> <span class='ocrx_word' id='word_1_12' title='bbox 1618 314 1707 343; x_wconf 78' lang='lat' dir='ltr'>eon-</span> 
     </span>
    </p>

    <p class='ocr_par' dir='ltr' id='par_1_3' title="bbox 246 363 1711 1090">
     <span class='ocr_line' id='line_1_3' title="bbox 246 363 1707 417; baseline -0.001 -12"><span class='ocrx_word' id='word_1_13' title='bbox 246 381 250 384; x_wconf 53' lang='lat'><em>*</em></span> <span class='ocrx_word' id='word_1_14' title='bbox 285 366 453 405; x_wconf 66' lang='lat' dir='ltr'>enituere</span> <span class='ocrx_word' id='word_1_15' title='bbox 490 377 654 403; x_wconf 87' lang='lat' dir='ltr'>necesse</span> <span class='ocrx_word' id='word_1_16' title='bbox 687 369 760 404; x_wconf 87' lang='lat' dir='ltr'>est.</span> <span class='ocrx_word' id='word_1_17' title='bbox 823 364 954 412; x_wconf 78' lang='lat' dir='ltr'>Quare</span> <span class='ocrx_word' id='word_1_18' title='bbox 988 363 1162 402; x_wconf 85' lang='lat' dir='ltr'>Galenus</span> <span class='ocrx_word' id='word_1_19' title='bbox 1199 377 1274 402; x_wconf 91' lang='lat' dir='ltr'>non</span> <span class='ocrx_word' id='word_1_20' title='bbox 1309 365 1475 408; x_wconf 60' lang='lat' dir='ltr'>addidit,</span> <span class='ocrx_word' id='word_1_21' title='bbox 1516 370 1559 403; x_wconf 94' lang='lat' dir='ltr'>ut</span> <span class='ocrx_word' id='word_1_22' title='bbox 1593 366 1707 417; x_wconf 81' lang='lat' dir='ltr'>vulgo</span> 
     </span>
     <span class='ocr_line' id='line_1_4' title="bbox 284 425 1709 478; baseline 0.001 -13"><span class='ocrx_word' id='word_1_23' title='bbox 284 428 433 478; x_wconf 78' lang='lat' dir='ltr'>putant,</span> <span class='ocrx_word' id='word_1_24' title='bbox 477 432 653 476; x_wconf 88' lang='lat' dir='ltr'>quartam</span> <span class='ocrx_word' id='word_1_25' title='bbox 693 427 817 464; x_wconf 85' lang='lat' dir='ltr'>tribus</span> <span class='ocrx_word' id='word_1_26' title='bbox 846 425 1054 476; x_wconf 72' lang='lat' dir='ltr'>prioribuS‚</span> <span class='ocrx_word' id='word_1_27' title='bbox 1093 425 1163 464; x_wconf 87' lang='lat' dir='ltr'>sed</span> <span class='ocrx_word' id='word_1_28' title='bbox 1191 432 1272 465; x_wconf 86' lang='lat' dir='ltr'>tres</span> <span class='ocrx_word' id='word_1_29' title='bbox 1302 427 1521 465; x_wconf 84' lang='lat' dir='ltr'>Aristotelis</span> <span class='ocrx_word' id='word_1_30' title='bbox 1548 427 1587 465; x_wconf 89' lang='lat' dir='ltr'>in</span> <span class='ocrx_word' id='word_1_31' title='bbox 1615 439 1709 476; x_wconf 81' lang='lat' dir='ltr'>qua-</span> 
     </span>
     <span class='ocr_line' id='line_1_5' title="bbox 276 488 1710 539; baseline 0 -11"><span class='ocrx_word' id='word_1_32' title='bbox 276 496 371 528; x_wconf 81' lang='lat' dir='ltr'>·tuor</span> <span class='ocrx_word' id='word_1_33' title='bbox 402 501 519 527; x_wconf 79' lang='lat' dir='ltr'>novas</span> <span class='ocrx_word' id='word_1_34' title='bbox 549 489 760 535; x_wconf 80' lang='lat' dir='ltr'>convertit3</span> <span class='ocrx_word' id='word_1_35' title='bbox 801 489 975 526; x_wconf 88' lang='lat' dir='ltr'>nituntur</span> <span class='ocrx_word' id='word_1_36' title='bbox 1010 488 1113 526; x_wconf 91' lang='lat' dir='ltr'>enim</span> <span class='ocrx_word' id='word_1_37' title='bbox 1142 489 1256 539; x_wconf 88' lang='lat' dir='ltr'>plane</span> <span class='ocrx_word' id='word_1_38' title='bbox 1291 489 1366 527; x_wconf 88' lang='lat' dir='ltr'>alio</span> <span class='ocrx_word' id='word_1_39' title='bbox 1395 489 1592 527; x_wconf 88' lang='lat' dir='ltr'>dividendi</span> <span class='ocrx_word' id='word_1_40' title='bbox 1620 490 1710 528; x_wconf 84' lang='lat' dir='ltr'>fun-</span> 
     </span>
     <span class='ocr_line' id='line_1_6' title="bbox 283 550 1710 605; baseline 0.001 -16"><span class='ocrx_word' id='word_1_41' title='bbox 283 550 507 605; x_wconf 87' lang='lat' dir='ltr'>damento&#39;&#39;.</span> <span class='ocrx_word' id='word_1_42' title='bbox 562 550 678 588; x_wconf 84' lang='lat' dir='ltr'>Unde</span> <span class='ocrx_word' id='word_1_43' title='bbox 707 555 881 600; x_wconf 82' lang='lat' dir='ltr'>apparet,</span> <span class='ocrx_word' id='word_1_44' title='bbox 910 564 1026 600; x_wconf 89' lang='lat' dir='ltr'>quam</span> <span class='ocrx_word' id='word_1_45' title='bbox 1055 551 1225 601; x_wconf 90' lang='lat' dir='ltr'>iniquum</span> <span class='ocrx_word' id='word_1_46' title='bbox 1255 552 1306 588; x_wconf 86' lang='lat' dir='ltr'>sit</span> <span class='ocrx_word' id='word_1_47' title='bbox 1335 551 1436 601; x_wconf 86' lang='lat' dir='ltr'>qnod</span> <span class='ocrx_word' id='word_1_48' title='bbox 1466 553 1563 590; x_wconf 82' lang='lat' dir='ltr'>dixit</span> <span class='ocrx_word' id='word_1_49' title='bbox 1589 552 1710 590; x_wconf 86' lang='lat' dir='ltr'>Gum-</span> 
     </span>
     <span class='ocr_line' id='line_1_7' title="bbox 286 613 1711 664; baseline 0.001 -14"><span class='ocrx_word' id='word_1_50' title='bbox 286 614 410 664; x_wconf 88' lang='lat' dir='ltr'>posch</span> <span class='ocrx_word' id='word_1_51' title='bbox 438 627 478 664; x_wconf 89' lang='lat' dir='ltr'>p.</span> <span class='ocrx_word' id='word_1_52' title='bbox 506 614 582 651; x_wconf 89' lang='grc'>119</span> <span class='ocrx_word' id='word_1_53' title='bbox 618 613 718 659; x_wconf 67' lang='lat' dir='ltr'>„Boi</span> <span class='ocrx_word' id='word_1_54' title='bbox 754 613 885 650; x_wconf 84' lang='lat' dir='ltr'>dieser</span> <span class='ocrx_word' id='word_1_55' title='bbox 906 613 1071 651; x_wconf 57' lang='lat' dir='ltr'>&gt;schrift</span> <span class='ocrx_word' id='word_1_56' title='bbox 1107 614 1197 651; x_wconf 83' lang='lat' dir='ltr'>darf</span> <span class='ocrx_word' id='word_1_57' title='bbox 1229 626 1315 651; x_wconf 88' lang='lat' dir='ltr'>man</span> <span class='ocrx_word' id='word_1_58' title='bbox 1355 614 1466 652; x_wconf 87' lang='lat' dir='ltr'>nicht</span> <span class='ocrx_word' id='word_1_59' title='bbox 1501 626 1711 664; x_wconf 80' lang='lat' dir='ltr'>vergessen</span> 
     </span>
     <span class='ocr_line' id='line_1_8' title="bbox 285 676 1711 728; baseline 0.001 -14"><span class='ocrx_word' id='word_1_60' title='bbox 285 677 363 714; x_wconf 91' lang='lat' dir='ltr'>den</span> <span class='ocrx_word' id='word_1_61' title='bbox 390 677 667 726; x_wconf 84' lang='lat' dir='ltr'>Empirismus</span> <span class='ocrx_word' id='word_1_62' title='bbox 691 677 769 714; x_wconf 89' lang='lat' dir='ltr'>und</span> <span class='ocrx_word' id='word_1_63' title='bbox 804 677 880 728; x_wconf 85' lang='lat' dir='ltr'>den</span> <span class='ocrx_word' id='word_1_64' title='bbox 919 677 1064 713; x_wconf 87' lang='lat' dir='ltr'>Zweck</span> <span class='ocrx_word' id='word_1_65' title='bbox 1102 676 1172 714; x_wconf 88' lang='lat' dir='ltr'>des</span> <span class='ocrx_word' id='word_1_66' title='bbox 1200 677 1448 715; x_wconf 84' lang='lat' dir='ltr'>Aristoteles.</span> <span class='ocrx_word' id='word_1_67' title='bbox 1511 677 1565 715; x_wconf 89' lang='lat' dir='ltr'>So</span> <span class='ocrx_word' id='word_1_68' title='bbox 1601 676 1711 715; x_wconf 82' lang='lat' dir='ltr'>hiitte</span> 
     </span>
     <span class='ocr_line' id='line_1_9' title="bbox 285 731 1710 790; baseline -0.001 -13"><span class='ocrx_word' id='word_1_69' title='bbox 285 752 330 777; x_wconf 87' lang='lat' dir='ltr'>er</span> <span class='ocrx_word' id='word_1_70' title='bbox 367 739 568 790; x_wconf 80' lang='lat' dir='ltr'>bestimmt</span> <span class='ocrx_word' id='word_1_71' title='bbox 603 739 702 776; x_wconf 88' lang='lat' dir='ltr'>auch</span> <span class='ocrx_word' id='word_1_72' title='bbox 739 731 818 776; x_wconf 29' lang='lat' dir='ltr'>die*</span> <span class='ocrx_word' id='word_1_73' title='bbox 838 739 963 776; x_wconf 82' lang='lat' dir='ltr'>vierte</span> <span class='ocrx_word' id='word_1_74' title='bbox 990 738 1110 787; x_wconf 80' lang='lat' dir='ltr'>Figur</span> <span class='ocrx_word' id='word_1_75' title='bbox 1144 739 1213 776; x_wconf 87' lang='lat' dir='ltr'>des</span> <span class='ocrx_word' id='word_1_76' title='bbox 1244 739 1414 777; x_wconf 87' lang='lat' dir='ltr'>Galenos</span> <span class='ocrx_word' id='word_1_77' title='bbox 1441 739 1710 789; x_wconf 78' lang='lat' dir='ltr'>herausgeho-</span> 
     </span>
     <span class='ocr_line' id='line_1_10' title="bbox 283 800 1711 849; baseline -0.001 -9"><span class='ocrx_word' id='word_1_78' title='bbox 283 802 373 848; x_wconf 87' lang='lat' dir='ltr'>ben,</span> <span class='ocrx_word' id='word_1_79' title='bbox 412 804 541 839; x_wconf 75' lang='lat' dir='ltr'>wiiren</span> <span class='ocrx_word' id='word_1_80' title='bbox 579 801 644 838; x_wconf 91' lang='lat' dir='ltr'>die</span> <span class='ocrx_word' id='word_1_81' title='bbox 671 801 859 839; x_wconf 85' lang='lat' dir='ltr'>Schliisse</span> <span class='ocrx_word' id='word_1_82' title='bbox 897 802 1029 839; x_wconf 82' lang='lat' dir='ltr'><strong>dieser</strong></span> <span class='ocrx_word' id='word_1_83' title='bbox 1051 801 1177 848; x_wconf 48' lang='lat' dir='ltr'>,Figur</span> <span class='ocrx_word' id='word_1_84' title='bbox 1215 813 1259 838; x_wconf 91' lang='lat' dir='ltr'>so</span> <span class='ocrx_word' id='word_1_85' title='bbox 1294 801 1426 849; x_wconf 67' lang='lat' dir='ltr'>hiiufig</span> <span class='ocrx_word' id='word_1_86' title='bbox 1463 800 1518 837; x_wconf 86' lang='lat' dir='ltr'>als</span> <span class='ocrx_word' id='word_1_87' title='bbox 1547 801 1612 838; x_wconf 89' lang='lat' dir='ltr'>die</span> <span class='ocrx_word' id='word_1_88' title='bbox 1640 802 1711 839; x_wconf 89' lang='lat' dir='ltr'>der</span> 
     </span>
     <span class='ocr_line' id='line_1_11' title="bbox 284 861 1710 913; baseline -0.002 -10"><span class='ocrx_word' id='word_1_89' title='bbox 284 864 459 903; x_wconf 81' lang='lat' dir='ltr'>audern&#39;’</span> <span class='ocrx_word' id='word_1_90' title='bbox 489 867 530 901; x_wconf 89' lang='lat' dir='ltr'>et</span> <span class='ocrx_word' id='word_1_91' title='bbox 548 863 680 901; x_wconf 87' lang='lat' dir='ltr'>Ritter</span> <span class='ocrx_word' id='word_1_92' title='bbox 702 863 847 901; x_wconf 88' lang='lat' dir='ltr'>Gesch.</span> <span class='ocrx_word' id='word_1_93' title='bbox 869 864 941 901; x_wconf 90' lang='lat' dir='ltr'>der</span> <span class='ocrx_word' id='word_1_94' title='bbox 962 863 1060 900; x_wconf 85' lang='lat' dir='ltr'>Phil.</span> <span class='ocrx_word' id='word_1_95' title='bbox 1079 862 1144 899; x_wconf 87' lang='lat'><em>111.</em></span> <span class='ocrx_word' id='word_1_96' title='bbox 1168 875 1206 913; x_wconf 90' lang='lat' dir='ltr'>p.</span> <span class='ocrx_word' id='word_1_97' title='bbox 1225 865 1276 900; x_wconf 80' lang='lat'>93</span> <span class='ocrx_word' id='word_1_98' title='bbox 1298 865 1377 901; x_wconf 87' lang='lat' dir='ltr'>not.</span> <span class='ocrx_word' id='word_1_99' title='bbox 1399 865 1424 900; x_wconf 88' lang='grc'><strong>2</strong></span> <span class='ocrx_word' id='word_1_100' title='bbox 1451 861 1588 909; x_wconf 76' lang='lat' dir='ltr'>„Diel&#39;s</span> <span class='ocrx_word' id='word_1_101' title='bbox 1607 863 1710 901; x_wconf 81' lang='lat' dir='ltr'>mul&#39;s</span> 
     </span>
     <span class='ocr_line' id='line_1_12' title="bbox 283 925 1711 975; baseline -0.001 -11"><span class='ocrx_word' id='word_1_102' title='bbox 283 927 372 964; x_wconf 91' lang='lat' dir='ltr'>dem</span> <span class='ocrx_word' id='word_1_103' title='bbox 389 926 622 965; x_wconf 83' lang='lat' dir='ltr'>Aristoteles</span> <span class='ocrx_word' id='word_1_104' title='bbox 651 926 859 974; x_wconf 75' lang='lat' dir='ltr'>anerding·</span> <span class='ocrx_word' id='word_1_105' title='bbox 889 925 944 962; x_wconf 85' lang='lat' dir='ltr'>als</span> <span class='ocrx_word' id='word_1_106' title='bbox 962 925 1108 962; x_wconf 88' lang='lat' dir='ltr'>Fehler</span> <span class='ocrx_word' id='word_1_107' title='bbox 1136 926 1400 975; x_wconf 80' lang='lat' dir='ltr'>angerechnet</span> <span class='ocrx_word' id='word_1_108' title='bbox 1427 925 1597 973; x_wconf 81' lang='lat' dir='ltr'><strong>werden,</strong></span> <span class='ocrx_word' id='word_1_109' title='bbox 1625 925 1711 963; x_wconf 91' lang='lat' dir='ltr'>weil</span> 
     </span>
     <span class='ocr_line' id='line_1_13' title="bbox 285 986 1710 1039; baseline -0.001 -12"><span class='ocrx_word' id='word_1_110' title='bbox 285 1001 328 1027; x_wconf 92' lang='lat' dir='ltr'>er</span> <span class='ocrx_word' id='word_1_111' title='bbox 355 1002 404 1026; x_wconf 89' lang='lat' dir='ltr'>zu</span> <span class='ocrx_word' id='word_1_112' title='bbox 434 988 630 1025; x_wconf 89' lang='lat' dir='ltr'>beweisen</span> <span class='ocrx_word' id='word_1_113' title='bbox 659 988 785 1036; x_wconf 80' lang='lat' dir='ltr'>sucht,</span> <span class='ocrx_word' id='word_1_114' title='bbox 815 987 900 1024; x_wconf 84' lang='lat' dir='ltr'>dass</span> <span class='ocrx_word' id='word_1_115' title='bbox 930 998 1003 1024; x_wconf 88' lang='lat' dir='ltr'>nur</span> <span class='ocrx_word' id='word_1_116' title='bbox 1031 986 1071 1024; x_wconf 86' lang='lat' dir='ltr'>in</span> <span class='ocrx_word' id='word_1_117' title='bbox 1099 987 1174 1025; x_wconf 86' lang='lat' dir='ltr'>den</span> <span class='ocrx_word' id='word_1_118' title='bbox 1201 988 1286 1026; x_wconf 88' lang='lat' dir='ltr'>drei</span> <span class='ocrx_word' id='word_1_119' title='bbox 1313 988 1482 1039; x_wconf 86' lang='lat' dir='ltr'>Figuren</span> <span class='ocrx_word' id='word_1_120' title='bbox 1508 987 1710 1037; x_wconf 83' lang='lat' dir='ltr'>geschlos-</span> 
     </span>
     <span class='ocr_line' id='line_1_14' title="bbox 284 1050 1146 1090; baseline 0.001 -1"><span class='ocrx_word' id='word_1_121' title='bbox 284 1063 354 1089; x_wconf 85' lang='lat' dir='ltr'>sen</span> <span class='ocrx_word' id='word_1_122' title='bbox 383 1050 537 1088; x_wconf 82' lang='lat' dir='ltr'><strong>werden</strong></span> <span class='ocrx_word' id='word_1_123' title='bbox 567 1050 735 1088; x_wconf 76' lang='lat' dir='ltr'>kiinne&#39;&#39;.</span> <span class='ocrx_word' id='word_1_124' title='bbox 790 1050 851 1088; x_wconf 79' lang='lat' dir='ltr'>Cf.</span> <span class='ocrx_word' id='word_1_125' title='bbox 871 1050 1095 1087; x_wconf 75' lang='lat' dir='ltr'>47a40-b</span> <span class='ocrx_word' id='word_1_126' title='bbox 1109 1052 1146 1090; x_wconf 85' lang='lat'>5.</span> 
     </span>
    </p>

    <p class='ocr_par' dir='ltr' id='par_1_4' title="bbox 229 1112 1710 1286">
     <span class='ocr_line' id='line_1_15' title="bbox 229 1112 1708 1162; baseline -0.001 -11"><span class='ocrx_word' id='word_1_127' title='bbox 229 1115 375 1152; x_wconf 73' lang='lat'>412118</span> <span class='ocrx_word' id='word_1_128' title='bbox 404 1112 490 1150; x_wconf 88' lang='lat' dir='ltr'>Non</span> <span class='ocrx_word' id='word_1_129' title='bbox 518 1112 644 1150; x_wconf 84' lang='lat' dir='ltr'><strong>refert</strong></span> <span class='ocrx_word' id='word_1_130' title='bbox 671 1118 798 1150; x_wconf 86' lang='lat' dir='ltr'>utrum</span> <span class='ocrx_word' id='word_1_131' title='bbox 829 1112 961 1162; x_wconf 88' lang='lat' dir='ltr'>plures</span> <span class='ocrx_word' id='word_1_132' title='bbox 990 1116 1192 1150; x_wconf 86' lang='lat' dir='ltr'>sumantur</span> <span class='ocrx_word' id='word_1_133' title='bbox 1212 1112 1329 1153; x_wconf 86' lang='lat' dir='ltr'>medii</span> <span class='ocrx_word' id='word_1_134' title='bbox 1348 1112 1504 1150; x_wconf 83' lang='lat' dir='ltr'>termini</span> <span class='ocrx_word' id='word_1_135' title='bbox 1522 1124 1568 1150; x_wconf 91' lang='lat' dir='ltr'>an</span> <span class='ocrx_word' id='word_1_136' title='bbox 1590 1123 1708 1151; x_wconf 85' lang='lat' dir='ltr'>unus:</span> 
     </span>
     <span class='ocr_line' id='line_1_16' title="bbox 283 1174 1710 1226; baseline -0.002 -11"><span class='ocrx_word' id='word_1_137' title='bbox 283 1176 422 1215; x_wconf 87' lang='lat' dir='ltr'>eadem</span> <span class='ocrx_word' id='word_1_138' title='bbox 451 1175 556 1212; x_wconf 86' lang='lat' dir='ltr'>enim</span> <span class='ocrx_word' id='word_1_139' title='bbox 583 1179 713 1213; x_wconf 87' lang='lat' dir='ltr'>manet</span> <span class='ocrx_word' id='word_1_140' title='bbox 740 1174 1033 1214; x_wconf 85' lang='lat' dir='ltr'>demonstrandi</span> <span class='ocrx_word' id='word_1_141' title='bbox 1060 1177 1174 1224; x_wconf 87' lang='lat' dir='ltr'>ratio,</span> <span class='ocrx_word' id='word_1_142' title='bbox 1216 1177 1390 1226; x_wconf 88' lang='lat' dir='ltr'>quamvis</span> <span class='ocrx_word' id='word_1_143' title='bbox 1418 1174 1710 1213; x_wconf 83' lang='lat' dir='ltr'>conclusionum</span> 
     </span>
     <span class='ocr_line' id='line_1_17' title="bbox 282 1242 695 1286; baseline -0.007 -9"><span class='ocrx_word' id='word_1_144' title='bbox 282 1250 469 1277; x_wconf 87' lang='lat' dir='ltr'>numerus</span> <span class='ocrx_word' id='word_1_145' title='bbox 497 1242 695 1286; x_wconf 83' lang='lat' dir='ltr'>augeatur.</span> 
     </span>
    </p>

    <p class='ocr_par' dir='ltr' id='par_1_5' title="bbox 228 1295 1710 1538">
     <span class='ocr_line' id='line_1_18' title="bbox 228 1295 1709 1350; baseline -0.003 -10"><span class='ocrx_word' id='word_1_146' title='bbox 228 1303 376 1340; x_wconf 82' lang='lat' dir='ltr'>41a24</span> <span class='ocrx_word' id='word_1_147' title='bbox 416 1299 532 1349; x_wconf 80' lang='lat' dir='ltr'>Quod</span> <span class='ocrx_word' id='word_1_148' title='bbox 569 1299 617 1336; x_wconf 88' lang='lat' dir='ltr'>ad</span> <span class='ocrx_word' id='word_1_149' title='bbox 657 1299 1002 1338; x_wconf 85' lang='lat' dir='ltr'>demonstrandum</span> <span class='ocrx_word' id='word_1_150' title='bbox 1038 1299 1284 1350; x_wconf 88' lang='lat' dir='ltr'>propositum</span> <span class='ocrx_word' id='word_1_151' title='bbox 1313 1303 1375 1338; x_wconf 89' lang='lat' dir='ltr'>est</span> <span class='ocrx_word' id='word_1_152' title='bbox 1402 1297 1468 1344; x_wconf 81' lang='grc' dir='ltr'>(τὸ</span> <span class='ocrx_word' id='word_1_153' title='bbox 1496 1295 1536 1346; x_wconf 82' lang='grc' dir='ltr'>ἐξ</span> <span class='ocrx_word' id='word_1_154' title='bbox 1563 1296 1709 1349; x_wconf 76' lang='grc' dir='ltr'>ἀρχῆς)</span> 
     </span>
     <span class='ocr_line' id='line_1_19' title="bbox 279 1359 1710 1415; baseline -0.003 -13"><span class='ocrx_word' id='word_1_155' title='bbox 279 1364 470 1415; x_wconf 85' lang='lat' dir='ltr'>probatur</span> <span class='ocrx_word' id='word_1_156' title='bbox 509 1375 555 1400; x_wconf 83' lang='lat' dir='ltr'>ea</span> <span class='ocrx_word' id='word_1_157' title='bbox 582 1364 805 1400; x_wconf 83' lang='lat' dir='ltr'>conditione</span> <span class='ocrx_word' id='word_1_158' title='bbox 839 1359 902 1410; x_wconf 81' lang='grc' dir='ltr'>(ἐξ</span> <span class='ocrx_word' id='word_1_159' title='bbox 926 1360 1200 1410; x_wconf 79' lang='grc' dir='ltr'>ὑποθέσεως),</span> <span class='ocrx_word' id='word_1_160' title='bbox 1240 1367 1283 1401; x_wconf 80' lang='lat' dir='ltr'>ut</span> <span class='ocrx_word' id='word_1_161' title='bbox 1318 1361 1462 1412; x_wconf 83' lang='lat' dir='ltr'>aliquid</span> <span class='ocrx_word' id='word_1_162' title='bbox 1501 1362 1710 1399; x_wconf 83' lang='lat' dir='ltr'>admitten-</span> 
     </span>
     <span class='ocr_line' id='line_1_20' title="bbox 281 1423 1709 1476; baseline -0.001 -12"><span class='ocrx_word' id='word_1_163' title='bbox 281 1426 373 1464; x_wconf 85' lang='lat' dir='ltr'>dum</span> <span class='ocrx_word' id='word_1_164' title='bbox 414 1426 467 1462; x_wconf 87' lang='lat' dir='ltr'>sit</span> <span class='ocrx_word' id='word_1_165' title='bbox 502 1425 605 1473; x_wconf 88' lang='lat' dir='ltr'>quod</span> <span class='ocrx_word' id='word_1_166' title='bbox 635 1425 799 1464; x_wconf 83' lang='lat' dir='ltr'>concedi</span> <span class='ocrx_word' id='word_1_167' title='bbox 826 1431 1008 1475; x_wconf 78' lang='lat' dir='ltr'>nequeat,</span> <span class='ocrx_word' id='word_1_168' title='bbox 1049 1427 1082 1464; x_wconf 91' lang='lat' dir='ltr'>si</span> <span class='ocrx_word' id='word_1_169' title='bbox 1109 1430 1274 1476; x_wconf 86' lang='lat' dir='ltr'>ponatur</span> <span class='ocrx_word' id='word_1_170' title='bbox 1300 1424 1539 1463; x_wconf 85' lang='lat' dir='ltr'>contrarium</span> <span class='ocrx_word' id='word_1_171' title='bbox 1567 1423 1709 1471; x_wconf 89' lang='lat' dir='ltr'>(intell.</span> 
     </span>
     <span class='ocr_line' id='line_1_21' title="bbox 280 1485 618 1538; baseline -0.006 -10"><span class='ocrx_word' id='word_1_172' title='bbox 280 1490 358 1528; x_wconf 85' lang='grc' dir='ltr'>τοῦ</span> <span class='ocrx_word' id='word_1_173' title='bbox 387 1485 428 1534; x_wconf 82' lang='grc' dir='ltr'>ἐξ</span> <span class='ocrx_word' id='word_1_174' title='bbox 456 1485 618 1538; x_wconf 77' lang='grc' dir='ltr'>ἀρχῆς).</span> 
     </span>
    </p>

    <p class='ocr_par' dir='ltr' id='par_1_6' title="bbox 226 1546 1711 2593">
     <span class='ocr_line' id='line_1_22' title="bbox 226 1546 1709 1599; baseline -0.004 -8"><span class='ocrx_word' id='word_1_175' title='bbox 226 1553 374 1591; x_wconf 65' lang='lat'>41:226</span> <span class='ocrx_word' id='word_1_176' title='bbox 401 1546 471 1588; x_wconf 78' lang='grc' dir='ltr'>διὰ</span> <span class='ocrx_word' id='word_1_177' title='bbox 497 1548 545 1588; x_wconf 89' lang='grc' dir='ltr'>τὸ</span> <span class='ocrx_word' id='word_1_178' title='bbox 571 1547 765 1599; x_wconf 76' lang='grc' dir='ltr'><em>γίνεσθαι</em></span> <span class='ocrx_word' id='word_1_179' title='bbox 789 1546 840 1587; x_wconf 82' lang='grc' dir='ltr'>τὰ</span> <span class='ocrx_word' id='word_1_180' title='bbox 866 1549 1036 1598; x_wconf 81' lang='grc' dir='ltr'><strong><em>περιττὰ</em></strong></span> <span class='ocrx_word' id='word_1_181' title='bbox 1063 1579 1072 1589; x_wconf 91' lang='grc'><strong>.</strong></span> <span class='ocrx_word' id='word_1_182' title='bbox 1163 1550 1241 1590; x_wconf 88' lang='lat' dir='ltr'>Ios.</span> <span class='ocrx_word' id='word_1_183' title='bbox 1292 1549 1508 1586; x_wconf 84' lang='lat' dir='ltr'>Blancanus</span> <span class='ocrx_word' id='word_1_184' title='bbox 1537 1547 1709 1594; x_wconf 86' lang='lat' dir='ltr'>(Aristo-</span> 
     </span>
     <span class='ocr_line' id='line_1_23' title="bbox 282 1610 1708 1662; baseline -0.004 -9"><span class='ocrx_word' id='word_1_185' title='bbox 282 1614 373 1654; x_wconf 82' lang='lat' dir='ltr'>telis</span> <span class='ocrx_word' id='word_1_186' title='bbox 402 1613 487 1651; x_wconf 86' lang='lat' dir='ltr'>loca</span> <span class='ocrx_word' id='word_1_187' title='bbox 515 1612 796 1650; x_wconf 81' lang='lat' dir='ltr'>mathematica</span> <span class='ocrx_word' id='word_1_188' title='bbox 823 1612 913 1650; x_wconf 87' lang='lat' dir='ltr'>coll.</span> <span class='ocrx_word' id='word_1_189' title='bbox 942 1618 983 1651; x_wconf 89' lang='lat' dir='ltr'>et</span> <span class='ocrx_word' id='word_1_190' title='bbox 1011 1613 1211 1662; x_wconf 87' lang='lat' dir='ltr'>explicata.</span> <span class='ocrx_word' id='word_1_191' title='bbox 1265 1611 1412 1650; x_wconf 85' lang='lat' dir='ltr'>Bonon.</span> <span class='ocrx_word' id='word_1_192' title='bbox 1440 1612 1561 1654; x_wconf 87' lang='lat'>1615)</span> <span class='ocrx_word' id='word_1_193' title='bbox 1602 1610 1708 1648; x_wconf 90' lang='lat' dir='ltr'>hunc</span> 
     </span>
     <span class='ocr_line' id='line_1_24' title="bbox 279 1671 1708 1724; baseline -0.003 -8"><span class='ocrx_word' id='word_1_194' title='bbox 279 1677 411 1716; x_wconf 88' lang='lat' dir='ltr'>locum</span> <span class='ocrx_word' id='word_1_195' title='bbox 439 1675 598 1712; x_wconf 83' lang='lat' dir='ltr'>silentio</span> <span class='ocrx_word' id='word_1_196' title='bbox 625 1674 842 1724; x_wconf 87' lang='lat' dir='ltr'>praeteriit.</span> <span class='ocrx_word' id='word_1_197' title='bbox 909 1674 979 1712; x_wconf 89' lang='lat' dir='ltr'>Iul.</span> <span class='ocrx_word' id='word_1_198' title='bbox 1009 1674 1150 1712; x_wconf 84' lang='lat' dir='ltr'>Pacius</span> <span class='ocrx_word' id='word_1_199' title='bbox 1178 1674 1219 1711; x_wconf 85' lang='lat' dir='ltr'>in</span> <span class='ocrx_word' id='word_1_200' title='bbox 1247 1684 1388 1711; x_wconf 90' lang='lat' dir='ltr'>comm.</span> <span class='ocrx_word' id='word_1_201' title='bbox 1417 1684 1454 1721; x_wconf 91' lang='lat' dir='ltr'>p.</span> <span class='ocrx_word' id='word_1_202' title='bbox 1481 1672 1592 1709; x_wconf 71' lang='lat'>15:31»</span> <span class='ocrx_word' id='word_1_203' title='bbox 1621 1671 1708 1712; x_wconf 88' lang='lat' dir='ltr'>init.</span> 
     </span>
     <span class='ocr_line' id='line_1_25' title="bbox 276 1733 1710 1788; baseline -0.006 -9"><span class='ocrx_word' id='word_1_204' title='bbox 276 1752 348 1779; x_wconf 88' lang='lat' dir='ltr'>nos</span> <span class='ocrx_word' id='word_1_205' title='bbox 383 1738 541 1788; x_wconf 80' lang='lat' dir='ltr'>delegat</span> <span class='ocrx_word' id='word_1_206' title='bbox 575 1737 623 1774; x_wconf 89' lang='lat' dir='ltr'>ad</span> <span class='ocrx_word' id='word_1_207' title='bbox 659 1735 870 1774; x_wconf 79' lang='lat' dir='ltr'>Alexandri</span> <span class='ocrx_word' id='word_1_208' title='bbox 906 1736 1228 1785; x_wconf 83' lang='lat' dir='ltr'>explicationem,</span> <span class='ocrx_word' id='word_1_209' title='bbox 1277 1746 1392 1784; x_wconf 87' lang='lat' dir='ltr'>quam</span> <span class='ocrx_word' id='word_1_210' title='bbox 1430 1733 1632 1771; x_wconf 83' lang='lat' dir='ltr'>confusa-m</span> <span class='ocrx_word' id='word_1_211' title='bbox 1670 1736 1710 1772; x_wconf 87' lang='lat' dir='ltr'>et</span> 
     </span>
     <span class='ocr_line' id='line_1_26' title="bbox 279 1796 1710 1853; baseline -0.003 -14"><span class='ocrx_word' id='word_1_212' title='bbox 279 1800 508 1853; x_wconf 82' lang='lat' dir='ltr'>perplexam</span> <span class='ocrx_word' id='word_1_213' title='bbox 537 1799 703 1837; x_wconf 89' lang='lat' dir='ltr'>Brandis</span> <span class='ocrx_word' id='word_1_214' title='bbox 740 1798 843 1836; x_wconf 90' lang='lat' dir='ltr'>inter</span> <span class='ocrx_word' id='word_1_215' title='bbox 881 1798 1030 1836; x_wconf 86' lang='lat' dir='ltr'>scholia</span> <span class='ocrx_word' id='word_1_216' title='bbox 1057 1798 1224 1835; x_wconf 83' lang='lat' dir='ltr'>collecta</span> <span class='ocrx_word' id='word_1_217' title='bbox 1250 1809 1326 1835; x_wconf 90' lang='lat' dir='ltr'>non</span> <span class='ocrx_word' id='word_1_218' title='bbox 1354 1796 1531 1846; x_wconf 86' lang='lat' dir='ltr'>recepit:</span> <span class='ocrx_word' id='word_1_219' title='bbox 1564 1799 1606 1834; x_wconf 90' lang='lat' dir='ltr'>et</span> <span class='ocrx_word' id='word_1_220' title='bbox 1639 1807 1710 1834; x_wconf 84' lang='lat' dir='ltr'>nos</span> 
     </span>
     <span class='ocr_line' id='line_1_27' title="bbox 278 1857 1710 1916; baseline -0.005 -14"><span class='ocrx_word' id='word_1_221' title='bbox 278 1865 437 1916; x_wconf 88' lang='lat' dir='ltr'>quidem</span> <span class='ocrx_word' id='word_1_222' title='bbox 478 1861 686 1900; x_wconf 78' lang='lat' dir='ltr'>Alexandri</span> <span class='ocrx_word' id='word_1_223' title='bbox 723 1861 853 1898; x_wconf 91' lang='lat' dir='ltr'>locum</span> <span class='ocrx_word' id='word_1_224' title='bbox 890 1873 968 1899; x_wconf 89' lang='lat' dir='ltr'>non</span> <span class='ocrx_word' id='word_1_225' title='bbox 1012 1860 1257 1911; x_wconf 75' lang='lat' dir='ltr'>corrigimus,</span> <span class='ocrx_word' id='word_1_226' title='bbox 1306 1870 1537 1908; x_wconf 84' lang='lat' dir='ltr'>quamquam</span> <span class='ocrx_word' id='word_1_227' title='bbox 1577 1870 1627 1896; x_wconf 82' lang='lat' dir='ltr'>ex</span> <span class='ocrx_word' id='word_1_228' title='bbox 1663 1857 1710 1896; x_wconf 90' lang='lat' dir='ltr'>iis</span> 
     </span>
     <span class='ocr_line' id='line_1_28' title="bbox 281 1920 1710 1978; baseline -0.005 -13"><span class='ocrx_word' id='word_1_229' title='bbox 281 1939 382 1978; x_wconf 87' lang='lat' dir='ltr'>quae</span> <span class='ocrx_word' id='word_1_230' title='bbox 411 1926 590 1963; x_wconf 85' lang='lat' dir='ltr'>dicemus</span> <span class='ocrx_word' id='word_1_231' title='bbox 618 1923 779 1972; x_wconf 80' lang='lat' dir='ltr'>patebit,</span> <span class='ocrx_word' id='word_1_232' title='bbox 808 1923 1002 1972; x_wconf 89' lang='lat' dir='ltr'>quomodo</span> <span class='ocrx_word' id='word_1_233' title='bbox 1022 1922 1293 1961; x_wconf 86' lang='lat' dir='ltr'>restituendus</span> <span class='ocrx_word' id='word_1_234' title='bbox 1316 1921 1380 1959; x_wconf 91' lang='lat' dir='ltr'>sit.</span> <span class='ocrx_word' id='word_1_235' title='bbox 1418 1920 1620 1970; x_wconf 85' lang='lat' dir='ltr'>Siquidem</span> <span class='ocrx_word' id='word_1_236' title='bbox 1640 1932 1710 1959; x_wconf 82' lang='lat' dir='ltr'>ex-</span> 
     </span>
     <span class='ocr_line' id='line_1_29' title="bbox 279 1980 1711 2040; baseline -0.005 -14"><span class='ocrx_word' id='word_1_237' title='bbox 279 1989 451 2040; x_wconf 84' lang='lat' dir='ltr'>planatio</span> <span class='ocrx_word' id='word_1_238' title='bbox 489 1998 603 2036; x_wconf 85' lang='lat' dir='ltr'>quam</span> <span class='ocrx_word' id='word_1_239' title='bbox 641 1986 707 2023; x_wconf 88' lang='lat' dir='ltr'>ille</span> <span class='ocrx_word' id='word_1_240' title='bbox 743 1986 951 2035; x_wconf 82' lang='lat' dir='ltr'>proposuit</span> <span class='ocrx_word' id='word_1_241' title='bbox 986 1986 1085 2023; x_wconf 88' lang='lat' dir='ltr'>haec</span> <span class='ocrx_word' id='word_1_242' title='bbox 1126 1988 1199 2022; x_wconf 88' lang='lat' dir='ltr'>est.</span> <span class='ocrx_word' id='word_1_243' title='bbox 1275 1983 1465 2031; x_wconf 76' lang='lat' dir='ltr'>Quadrati</span> <span class='ocrx_word' id='word_1_244' title='bbox 1508 1980 1620 2032; x_wconf 76' lang='grc' dir='ltr'><em>αβγδ</em></span> <span class='ocrx_word' id='word_1_245' title='bbox 1657 1982 1711 2020; x_wconf 84' lang='lat' dir='ltr'>sit</span> 
     </span>
     <span class='ocr_line' id='line_1_30' title="bbox 275 2044 1709 2098; baseline -0.006 -8"><span class='ocrx_word' id='word_1_246' title='bbox 275 2053 491 2091; x_wconf 80' lang='lat' dir='ltr'>diametros</span> <span class='ocrx_word' id='word_1_247' title='bbox 519 2047 586 2098; x_wconf 82' lang='grc' dir='ltr'>βγ,</span> <span class='ocrx_word' id='word_1_248' title='bbox 615 2048 716 2085; x_wconf 85' lang='lat' dir='ltr'>latus</span> <span class='ocrx_word' id='word_1_249' title='bbox 744 2046 811 2096; x_wconf 86' lang='grc' dir='ltr'>αβ.</span> <span class='ocrx_word' id='word_1_250' title='bbox 866 2047 946 2084; x_wconf 90' lang='lat' dir='ltr'>Iam</span> <span class='ocrx_word' id='word_1_251' title='bbox 975 2048 1007 2085; x_wconf 91' lang='lat' dir='ltr'>si</span> <span class='ocrx_word' id='word_1_252' title='bbox 1036 2047 1222 2084; x_wconf 84' lang='lat' dir='ltr'>sumimus</span> <span class='ocrx_word' id='word_1_253' title='bbox 1250 2045 1489 2095; x_wconf 81' lang='grc' dir='ltr'><strong><em>σύμμετρον</em></strong></span> <span class='ocrx_word' id='word_1_254' title='bbox 1517 2044 1709 2091; x_wconf 83' lang='lat' dir='ltr'>(rationa-</span> 
     </span>
     <span class='ocr_line' id='line_1_31' title="bbox 275 2107 1708 2162; baseline -0.006 -8"><span class='ocrx_word' id='word_1_255' title='bbox 275 2115 368 2161; x_wconf 88' lang='lat' dir='ltr'>lem,</span> <span class='ocrx_word' id='word_1_256' title='bbox 397 2112 502 2162; x_wconf 88' lang='lat' dir='ltr'>quod</span> <span class='ocrx_word' id='word_1_257' title='bbox 530 2112 683 2155; x_wconf 87' lang='lat' dir='ltr'>dicunt)</span> <span class='ocrx_word' id='word_1_258' title='bbox 713 2122 803 2148; x_wconf 85' lang='lat' dir='ltr'>esse</span> <span class='ocrx_word' id='word_1_259' title='bbox 831 2109 1066 2148; x_wconf 80' lang='lat' dir='ltr'>diametrum</span> <span class='ocrx_word' id='word_1_260' title='bbox 1095 2112 1136 2147; x_wconf 90' lang='lat' dir='ltr'>et</span> <span class='ocrx_word' id='word_1_261' title='bbox 1162 2108 1278 2155; x_wconf 77' lang='lat' dir='ltr'>latus,</span> <span class='ocrx_word' id='word_1_262' title='bbox 1316 2109 1394 2146; x_wconf 91' lang='lat' dir='ltr'>duo</span> <span class='ocrx_word' id='word_1_263' title='bbox 1422 2107 1573 2146; x_wconf 88' lang='lat' dir='ltr'>numeri</span> <span class='ocrx_word' id='word_1_264' title='bbox 1600 2107 1708 2145; x_wconf 87' lang='lat' dir='ltr'>inve-</span> 
     </span>
     <span class='ocr_line' id='line_1_32' title="bbox 277 2168 1708 2226; baseline -0.006 -11"><span class='ocrx_word' id='word_1_265' title='bbox 277 2177 352 2217; x_wconf 86' lang='lat' dir='ltr'>niri</span> <span class='ocrx_word' id='word_1_266' title='bbox 381 2178 578 2226; x_wconf 83' lang='lat' dir='ltr'>poterunt,</span> <span class='ocrx_word' id='word_1_267' title='bbox 619 2173 686 2223; x_wconf 87' lang='lat' dir='ltr'>qui</span> <span class='ocrx_word' id='word_1_268' title='bbox 723 2172 915 2210; x_wconf 83' lang='lat' dir='ltr'>rationem</span> <span class='ocrx_word' id='word_1_269' title='bbox 951 2172 1172 2222; x_wconf 80' lang='lat' dir='ltr'>exprimant</span> <span class='ocrx_word' id='word_1_270' title='bbox 1200 2182 1317 2219; x_wconf 88' lang='lat' dir='ltr'>quam</span> <span class='ocrx_word' id='word_1_271' title='bbox 1345 2170 1557 2207; x_wconf 81' lang='lat' dir='ltr'>diametros</span> <span class='ocrx_word' id='word_1_272' title='bbox 1585 2172 1627 2207; x_wconf 90' lang='lat' dir='ltr'>et</span> <span class='ocrx_word' id='word_1_273' title='bbox 1654 2168 1708 2206; x_wconf 83' lang='lat' dir='ltr'>la-</span> 
     </span>
     <span class='ocr_line' id='line_1_33' title="bbox 277 2230 1708 2284; baseline -0.006 -6"><span class='ocrx_word' id='word_1_274' title='bbox 277 2244 344 2279; x_wconf 86' lang='lat' dir='ltr'>tus</span> <span class='ocrx_word' id='word_1_275' title='bbox 382 2239 486 2276; x_wconf 86' lang='lat' dir='ltr'>inter</span> <span class='ocrx_word' id='word_1_276' title='bbox 524 2249 568 2274; x_wconf 87' lang='lat' dir='ltr'>se</span> <span class='ocrx_word' id='word_1_277' title='bbox 607 2236 793 2273; x_wconf 84' lang='lat' dir='ltr'>habeant:</span> <span class='ocrx_word' id='word_1_278' title='bbox 835 2247 957 2284; x_wconf 89' lang='lat' dir='ltr'>qnare</span> <span class='ocrx_word' id='word_1_279' title='bbox 981 2235 1065 2283; x_wconf 16' lang='lat' dir='ltr'>‘erit</span> <span class='ocrx_word' id='word_1_280' title='bbox 1103 2232 1157 2283; x_wconf 78' lang='grc' dir='ltr'>βγ</span> <span class='ocrx_word' id='word_1_281' title='bbox 1176 2247 1186 2271; x_wconf 87' lang='lat'>:</span> <span class='ocrx_word' id='word_1_282' title='bbox 1207 2232 1261 2283; x_wconf 86' lang='grc' dir='ltr'>αβ</span> <span class='ocrx_word' id='word_1_283' title='bbox 1289 2248 1349 2264; x_wconf 91' lang='lat'>==</span> <span class='ocrx_word' id='word_1_284' title='bbox 1376 2245 1402 2270; x_wconf 87' lang='lat' dir='ltr'>a</span> <span class='ocrx_word' id='word_1_285' title='bbox 1421 2245 1431 2269; x_wconf 71' lang='grc' dir='ltr'><strong>ε</strong></span> <span class='ocrx_word' id='word_1_286' title='bbox 1452 2232 1485 2271; x_wconf 88' lang='lat' dir='ltr'>b.</span> <span class='ocrx_word' id='word_1_287' title='bbox 1545 2230 1708 2270; x_wconf 86' lang='lat' dir='ltr'>Numeri</span> 
     </span>
     <span class='ocr_line' id='line_1_34' title="bbox 277 2292 1708 2347; baseline -0.008 -6"><span class='ocrx_word' id='word_1_288' title='bbox 277 2307 409 2341; x_wconf 83' lang='lat' dir='ltr'>autem</span> <span class='ocrx_word' id='word_1_289' title='bbox 438 2313 466 2338; x_wconf 85' lang='lat' dir='ltr'>a</span> <span class='ocrx_word' id='word_1_290' title='bbox 494 2303 534 2337; x_wconf 86' lang='lat' dir='ltr'>et</span> <span class='ocrx_word' id='word_1_291' title='bbox 562 2298 584 2337; x_wconf 80' lang='lat' dir='ltr'><em>b</em></span> <span class='ocrx_word' id='word_1_292' title='bbox 610 2299 666 2337; x_wconf 90' lang='lat' dir='ltr'>ita</span> <span class='ocrx_word' id='word_1_293' title='bbox 693 2298 906 2347; x_wconf 85' lang='lat' dir='ltr'>comparati</span> <span class='ocrx_word' id='word_1_294' title='bbox 934 2309 1024 2335; x_wconf 84' lang='lat' dir='ltr'>esse</span> <span class='ocrx_word' id='word_1_295' title='bbox 1051 2297 1264 2342; x_wconf 81' lang='lat' dir='ltr'>debebunt,</span> <span class='ocrx_word' id='word_1_296' title='bbox 1292 2299 1337 2333; x_wconf 89' lang='lat' dir='ltr'>ut</span> <span class='ocrx_word' id='word_1_297' title='bbox 1370 2298 1438 2332; x_wconf 87' lang='lat' dir='ltr'>aut</span> <span class='ocrx_word' id='word_1_298' title='bbox 1463 2297 1630 2343; x_wconf 85' lang='lat' dir='ltr'>uterque</span> <span class='ocrx_word' id='word_1_299' title='bbox 1656 2292 1708 2331; x_wconf 90' lang='lat' dir='ltr'>sit</span> 
     </span>
     <span class='ocr_line' id='line_1_35' title="bbox 275 2358 1705 2415; baseline -0.006 -15"><span class='ocrx_word' id='word_1_300' title='bbox 275 2366 415 2415; x_wconf 80' lang='lat' dir='ltr'>impar,</span> <span class='ocrx_word' id='word_1_301' title='bbox 457 2365 525 2400; x_wconf 84' lang='lat' dir='ltr'>aut</span> <span class='ocrx_word' id='word_1_302' title='bbox 552 2374 651 2398; x_wconf 91' lang='lat' dir='ltr'>unus</span> <span class='ocrx_word' id='word_1_303' title='bbox 680 2373 764 2412; x_wconf 90' lang='lat' dir='ltr'>par,</span> <span class='ocrx_word' id='word_1_304' title='bbox 800 2360 900 2398; x_wconf 87' lang='lat' dir='ltr'>alter</span> <span class='ocrx_word' id='word_1_305' title='bbox 927 2361 1073 2411; x_wconf 87' lang='lat' dir='ltr'>impar:</span> <span class='ocrx_word' id='word_1_306' title='bbox 1113 2372 1201 2397; x_wconf 88' lang='lat' dir='ltr'>nam</span> <span class='ocrx_word' id='word_1_307' title='bbox 1229 2358 1264 2396; x_wconf 88' lang='lat' dir='ltr'>si</span> <span class='ocrx_word' id='word_1_308' title='bbox 1290 2362 1457 2406; x_wconf 89' lang='lat' dir='ltr'>uterque</span> <span class='ocrx_word' id='word_1_309' title='bbox 1483 2359 1592 2394; x_wconf 81' lang='lat' dir='ltr'>esset</span> <span class='ocrx_word' id='word_1_310' title='bbox 1619 2368 1705 2406; x_wconf 85' lang='lat' dir='ltr'>par,</span> 
     </span>
     <span class='ocr_line' id='line_1_36' title="bbox 263 2418 1702 2475; baseline -0.007 -10"><span class='ocrx_word' id='word_1_311' title='bbox 263 2427 464 2470; x_wconf 20' lang='lat' dir='ltr'>*dimidiae</span> <span class='ocrx_word' id='word_1_312' title='bbox 499 2428 633 2475; x_wconf 85' lang='lat' dir='ltr'>partes</span> <span class='ocrx_word' id='word_1_313' title='bbox 669 2435 818 2470; x_wconf 90' lang='lat' dir='ltr'>eorum,</span> <span class='ocrx_word' id='word_1_314' title='bbox 858 2435 958 2472; x_wconf 86' lang='lat' dir='ltr'>quae</span> <span class='ocrx_word' id='word_1_315' title='bbox 995 2422 1160 2460; x_wconf 87' lang='lat' dir='ltr'>eandem</span> <span class='ocrx_word' id='word_1_316' title='bbox 1199 2420 1388 2459; x_wconf 86' lang='lat' dir='ltr'>rationem</span> <span class='ocrx_word' id='word_1_317' title='bbox 1424 2418 1702 2469; x_wconf 86' lang='lat' dir='ltr'>exprimerent,</span> 
     </span>
     <span class='ocr_line' id='line_1_37' title="bbox 275 2481 1701 2536; baseline -0.009 -6"><span class='ocrx_word' id='word_1_318' title='bbox 275 2488 488 2530; x_wconf 85' lang='lat' dir='ltr'>sumendae</span> <span class='ocrx_word' id='word_1_319' title='bbox 527 2490 675 2524; x_wconf 82' lang='lat' dir='ltr'>essent.</span> <span class='ocrx_word' id='word_1_320' title='bbox 738 2485 854 2534; x_wconf 81' lang='lat' dir='ltr'>Quod</span> <span class='ocrx_word' id='word_1_321' title='bbox 880 2489 925 2524; x_wconf 87' lang='lat' dir='ltr'>ut</span> <span class='ocrx_word' id='word_1_322' title='bbox 953 2485 1072 2536; x_wconf 87' lang='lat' dir='ltr'>signis</span> <span class='ocrx_word' id='word_1_323' title='bbox 1111 2484 1374 2531; x_wconf 81' lang='lat' dir='ltr'>declaremus,</span> <span class='ocrx_word' id='word_1_324' title='bbox 1408 2481 1701 2533; x_wconf 90' lang='lat' dir='ltr'>proportionem</span> 
     </span>
     <span class='ocr_line' id='line_1_38' title="bbox 276 2549 766 2593; baseline -0.014 -1"><span class='ocrx_word' id='word_1_325' title='bbox 276 2553 493 2593; x_wconf 87' lang='lat' dir='ltr'>scribamus</span> <span class='ocrx_word' id='word_1_326' title='bbox 521 2550 598 2587; x_wconf 80' lang='lat' dir='ltr'>hoc</span> <span class='ocrx_word' id='word_1_327' title='bbox 625 2549 766 2586; x_wconf 83' lang='lat' dir='ltr'>modo:</span> 
     </span>
    </p>

    <p class='ocr_par' dir='ltr' id='par_1_7' title="bbox 363 2611 1171 2786">
     <span class='ocr_line' id='line_1_39' title="bbox 674 2611 1084 2657; baseline 0.01 -10"><span class='ocrx_word' id='word_1_328' title='bbox 674 2612 748 2656; x_wconf 81' lang='grc' dir='ltr'>(2η</span> <span class='ocrx_word' id='word_1_329' title='bbox 765 2612 879 2657; x_wconf 53' lang='grc'>4-1)</span> <span class='ocrx_word' id='word_1_330' title='bbox 908 2625 918 2649; x_wconf 90' lang='lat'>:</span> <span class='ocrx_word' id='word_1_331' title='bbox 947 2611 1014 2649; x_wconf 86' lang='lat' dir='ltr'>2m</span> <span class='ocrx_word' id='word_1_332' title='bbox 1081 2649 1084 2651; x_wconf 86' lang='lat'>.</span> 
     </span>
     <span class='ocr_line' id='line_1_40' title="bbox 363 2673 1171 2726; baseline -0.005 -12"><span class='ocrx_word' id='word_1_333' title='bbox 363 2673 601 2726; x_wconf 64' lang='lat' dir='ltr'>Byzocss=</span> <span class='ocrx_word' id='word_1_334' title='bbox 695 2675 752 2711; x_wconf 78' lang='grc' dir='ltr'>2η</span> <span class='ocrx_word' id='word_1_335' title='bbox 908 2673 1171 2719; x_wconf 76' lang='grc' dir='ltr'>;(2ηι-“ι-1)</span> 
     </span>
     <span class='ocr_line' id='line_1_41' title="bbox 675 2735 1170 2786; baseline -0.008 -11"><span class='ocrx_word' id='word_1_336' title='bbox 675 2738 750 2782; x_wconf 77' lang='grc' dir='ltr'>(2η</span> <span class='ocrx_word' id='word_1_337' title='bbox 769 2737 882 2786; x_wconf 65' lang='lat'>-1-1)</span> <span class='ocrx_word' id='word_1_338' title='bbox 911 2750 922 2774; x_wconf 72' lang='grc' dir='ltr'><strong>ι</strong></span> <span class='ocrx_word' id='word_1_339' title='bbox 949 2737 1036 2782; x_wconf 83' lang='lat' dir='ltr'>(⁶2m</span> <span class='ocrx_word' id='word_1_340' title='bbox 1054 2747 1105 2777; x_wconf 69' lang='lat' dir='ltr'>-i-</span> <span class='ocrx_word' id='word_1_341' title='bbox 1127 2735 1170 2780; x_wconf 82' lang='lat'>1)</span> 
     </span>
    </p>
   </div>
  </div>
 </body>
</html>
