1734 3100
192 200 270 250 468
716 204 965 250 Analyticu
986 204 1151 248 priora,

243 311 342 349 νος,
382 298 406 340 ὃ
441 297 499 353 μὴ
525 299 719 352 τυγχάνει
754 295 801 339 ἐν
837 301 895 356 τῷ
921 298 1031 352 γένει
1058 302 1121 342 ὄν.
1158 304 1275 359 ²8321'1
1303 302 1398 344 οὔτε
1433 302 1585 343 λευκὸν
1599 298 1661 344 -ὂν

245 362 343 403 οὔθ’
370 357 471 414 ὅπερ
498 363 650 404 λευκόν
675 376 714 404 τι
740 359 901 414 ἐγένετο
923 364 1069 413 ξύλον,
1097 362 1229 406 essii».
1257 367 1319 416 14,
1347 366 1402 404 ib.
1429 368 1481 405 24
1506 365 1558 406 τὰ
1585 365 1661 417 μὲν

246 424 397 466 οὐσίαν
430 426 687 478 σημαίνοντα
721 421 822 478 ὅπερ
861 424 994 467 ἐκεῖνο
1028 426 1055 480 ἢ
1093 422 1194 479 ὅπερ
1230 425 1364 469 ἐκεῖνό
1403 442 1443 468 τι
1469 429 1662 482 σημαίνει

245 490 346 530 καθ’
368 481 420 529 οὗ
443 492 732 541 κατηγορεῖται
758 495 797 529 et
824 504 922 542 quae
944 504 1027 542 seq.
1058 494 1131 530 185
1143 494 1223 531 a33
1250 491 1411 543 ἀνάγκη
1439 491 1490 545 δὴ
1518 493 1662 545 λαβεῖν

245 551 303 604 μὴ
324 551 457 603 μόνον
474 552 521 592 ἓν
549 553 766 605 σημαίνειν
791 553 838 593 τὸ
867 555 930 602 ὄν,
957 556 1056 594 καθ’
1086 547 1138 595 οὗ
1165 553 1218 595 ἂν
1247 558 1532 608 κατηγορηθῇ,
1559 555 1662 597 ἀλλὰ

244 614 316 656 καὶ
342 610 443 667 ὅπερ
470 610 522 656 ὂν
546 616 617 656 καὶ
644 612 743 668 ὅπερ
772 615 830 657 ἕν.
872 618 924 657 lb.
945 620 970 657 h
986 620 1007 656 l
1037 618 1089 659 οὐ
1118 617 1170 671 δὴ
1197 617 1309 658 ἔσται
1334 621 1445 672 ἄλλῳ
1472 619 1663 672 ὑπάρχον

245 677 293 718 τὸ
321 674 421 730 ὅπερ
450 680 522 728 ὄν,
560 681 614 722 ib.
654 683 679 720 8
715 678 846 720 οὐθὲν
884 679 965 732 γὰρ
994 676 1045 722 ὂν
1069 681 1092 722 ὃ
1120 682 1196 735 οὐχ
1225 678 1326 734 ὅπερ
1354 684 1418 724 ὄν.
1461 686 1663 723 10511130

247 737 327 782 ὅσα
346 741 398 796 δή
419 740 530 783 ἐστιν
551 739 651 795 ὅπερ
671 739 778 784 εἷναί
797 757 838 784 τι
856 742 928 784 καὶ
954 742 1151 798 ἐνεργείᾳ,
1178 745 1270 796 περὶ
1297 749 1430 787 ταῦτα
1456 745 1533 786 οὐκ
1553 745 1663 787 ἔστιν

245 804 528 860 ἀπατηθῆναι,
543 806 630 847 ἀλλ’
650 807 677 860 ἢ
693 810 807 848 νοεῖν
823 806 849 860 ἢ
872 807 942 860 μή,
965 809 1016 846 cf.
1035 810 1169 856 49h7,
1195 810 1312 847 Biese
1324 810 1353 849 I.
1378 823 1417 860 p.
1439 812 1492 848 60
1513 815 1595 852 not.
1621 811 1659 850 1.

195 871 339 910 49823
366 872 407 909 A
432 867 648 923 ἐπιστητὸν
672 865 701 923 ᾗ
728 871 909 923 ἀγαθόν,
938 872 974 910 Β
1001 869 1179 922 ἀγαθόν,
1209 873 1250 911 Γ
1269 870 1467 923 ὑγιεινόν.

195 935 343 972 49824
370 933 574 982 δοξαστὸν
611 941 702 987 post
738 933 998 986 τραγέλαφος
1035 936 1244 974 eiecimus:
1282 950 1371 991 nam
1409 941 1450 975 et
1486 936 1599 974 deest
1625 936 1663 975 in

248 997 447 1036 codicibus
479 1004 519 1036 et
539 998 778 1049 Philoponus
806 999 902 1037 illud
926 999 1113 1036 omissum
1133 1010 1221 1036 esse
1238 1003 1374 1050 aperte
1392 999 1485 1037 dicit
1505 1004 1544 1037 et
1569 999 1662 1037 Ale-

246 1059 434 1098 xandrum
472 1073 547 1099 non
574 1060 760 1099 habuisse
789 1074 837 1099 ex
861 1061 984 1112 ipsius
1011 1061 1139 1100 verbis
1167 1067 1340 1112 apparet.
1394 1062 1481 1101 Non
1509 1061 1663 1100 dubita-

246 1122 373 1161 vimus
411 1123 526 1174 igitur
560 1135 695 1162 vocem
732 1122 934 1173 δοξαστὸν
970 1137 993 1163 e
1020 1128 1202 1162 contextu
1229 1125 1392 1172 eiicere,
1428 1124 1662 1176 praesertim

248 1198 368 1236 quum
406 1187 666 1237 praecesserit
701 1183 931 1239 ἐπιστητόν,
957 1187 1060 1226 unde
1088 1187 1178 1238 quid
1205 1187 1244 1226 in
1270 1192 1400 1240 mente
1425 1189 1570 1226 habere
1595 1188 1664 1226 de-

246 1248 407 1287 beamus
446 1262 493 1288 eo
528 1249 635 1299 loco,
674 1262 751 1300 quo
787 1251 987 1303 legebatur
1014 1249 1238 1299 δοξαστόν,
1271 1251 1387 1289 facile
1413 1250 1662 1301 intelligitur:

247 1310 451 1360 δοξαστὸν
486 1317 615 1351 autem
652 1314 699 1352 ab
734 1314 781 1352 iis
808 1314 981 1354 additum
1008 1314 1174 1363 videtur,
1201 1314 1266 1364 qui
1294 1314 1516 1352 Aristotelis
1545 1312 1664 1352 verba

248 1387 298 1414 ex
330 1375 608 1426 interpretibus
638 1376 894 1428 corrigerent.
956 1378 1084 1428 lpsum
1113 1377 1379 1427 syllogismum
1406 1380 1515 1415 recte
1542 1388 1662 1429 expo—

248 1430 327 1477 suit
361 1439 600 1478 Alexander:
629 1439 667 1477 in
695 1444 882 1490 sequente
908 1445 1035 1479 autem
1063 1440 1286 1491 syllogismo
1314 1444 1376 1479 est
1401 1441 1441 1478 A
1468 1437 1664 1490 φθαρτὸν

246 1493 275 1552 ’ᾗ
302 1500 518 1554 αἰσθητόν,
545 1502 581 1540 Β
609 1500 824 1554 αἰσθητόν,
854 1503 898 1542 Γ
917 1501 940 1542 ὁ
967 1503 1206 1556 ἄνθρωπος.
1581 1531 1584 1534 -

195 1565 342 1603 49829
369 1565 598 1604 Aristoteles
625 1566 752 1604 adhuc
778 1566 950 1616 loquitur
977 1567 1026 1604 de
1053 1563 1399 1605 ἐπαναδιπλώσειε
1426 1578 1547 1615 quare
1573 1577 1663 1604 sen-

247 1639 334 1667 sum
368 1641 446 1667 non
491 1628 611 1667 habet
649 1629 751 1679 quod
784 1629 897 1678 vulgo
937 1629 1080 1679 legitur
1117 1624 1334 1680 ἐπιστητόν
1365 1642 1405 1668 τι
1432 1623 1518 1677 ὅτι,
1546 1641 1663 1679 quum

246 1685 456 1741 le'gendum
493 1692 544 1729 sit
570 1688 788 1741 ἐπιστητὸν
822 1685 905 1729 ὅτκ
933 1690 1029 1728 dicit
1055 1691 1155 1730 enim
1184 1692 1311 1740 „aliud
1340 1696 1412 1740 est,
1441 1692 1474 1730 si
1501 1693 1663 1729 demon-

247 1756 397 1792 stratur
430 1751 622 1805 τάγαθὸν
657 1751 895 1805 ἐπιστητόν,
938 1752 1065 1801 aliud,
1102 1754 1136 1792 si
1163 1755 1450 1793 demonstratur
1475 1752 1665 1805 τάγαθὸν

248 1813 466 1868 ἐπιστητὸν
486 1811 550 1856 ὅτι
569 1815 776 1868 ἄγαθόν”,
805 1817 910 1867 quod
936 1829 980 1854 re
996 1829 1089 1855 vera
1118 1817 1369 1856 Aristotelem
1398 1817 1665 1856 demonstrare

248 1880 418 1918 voluisse
445 1885 606 1931 apparet
632 1893 688 1920 vs.
715 1883 778 1928 35,
806 1880 871 1918 ubi
897 1880 1020 1930 ipsam
1048 1880 1331 1918 conclusionem
1359 1881 1503 1919 adiicit.
1540 1882 1664 1920 Acce-

248 1941 308 1981 dit
334 1942 436 1992 quod
459 1956 673 1993 pronomen
699 1941 738 1982 τὶ
764 1955 839 1982 non
866 1942 1096 1993 exprimitur
1122 1942 1161 1981 in
1188 1943 1367 1981 versione
1387 1943 1599 1982 Boethiana
1626 1946 1666 1981 et

249 2005 354 2055 quod
391 2005 606 2044 litterarum
638 2006 848 2044 similitudo
881 1999 1270 2056 ἔπιστητόντιὸτι
1297 2010 1508 2054 monstrat,
1550 2018 1665 2056 quam

249 2067 367 2106 facile
402 2067 491 2106 fieri
527 2069 721 2119 potuerit,
747 2072 792 2107 ut
818 2064 857 2106 τὶ
883 2080 953 2118 per
979 2068 1249 2118 negligentiam
1278 2069 1483 2107 scribentis
1509 2070 1548 2107 in
1575 2081 1664 2107 con-

250 2134 399 2169 textum
439 2130 587 2169 illatum
614 2131 688 2169 sit:
726 2143 957 2181 quamquam
985 2130 1091 2169 haud
1117 2132 1196 2169 scio
1215 2128 1271 2168 ‘an
1297 2131 1381 2169 veri
1415 2132 1582 2170 similius
1614 2131 1666 2171 sit

251 2190 292 2233 τὶ
317 2193 492 2232 additum
520 2206 608 2232 esse
634 2195 682 2232 ab
708 2193 771 2240 iis,
800 2194 865 2243 qui
882 2193 1133 2233 Aristotelem
1160 2194 1262 2232 male
1279 2194 1516 2233 intellectum
1534 2207 1666 2234 emen·
1732 2197 1734 2199 ’

252 2256 346 2295 dare
372 2257 537 2295 vellent:
564 2256 604 2295 in
630 2269 745 2307 quem
773 2256 929 2307 quidem
957 2268 1130 2294 errorem
1158 2257 1323 2295 coniecti
1347 2257 1526 2296 videntur
1552 2262 1591 2296 et
1618 2270 1667 2297 eo

255 2319 358 2370 quod
394 2319 582 2359 habemus
618 2332 677 2358 vs.
703 2317 883 2362 28ff1662
915 2332 954 2358 τι
991 2323 1032 2358 et
1066 2320 1151 2371 ipso
1185 2320 1352 2358 termino
1385 2320 1514 2359 medio
1550 2333 1666 2371 quem

253 2383 374 2422 sumit
399 2381 447 2422 τὸ
473 2379 512 2422 τὶ
538 2383 599 2423 ὄν.
654 2382 844 2433 Namque,
872 2387 915 2421 ut
942 2383 1037 2421 dicit
1062 2396 1119 2421 vs.
1147 2384 1211 2428 36,
1240 2382 1362 2421 omnis
1389 2382 1487 2420 haec
1506 2383 1665 2421 demon-

253 2446 388 2485 stratio
415 2446 454 2484 in
482 2458 530 2484 eo
565 2446 691 2497 posita
718 2450 798 2494 est,
835 2445 939 2496 quod
964 2445 1011 2485 τὸ
1038 2443 1076 2485 τὶ
1104 2440 1155 2485 ὂν
1182 2445 1344 2496 (gerade
1370 2445 1498 2484 dieses
1526 2445 1662 2484 indivi-

254 2508 360 2547 duell
376 2508 632 2554 Bestimmte)
669 2509 886 2560 oppositum
920 2509 957 2547 ei
985 2509 1086 2560 quod
1113 2508 1328 2547 universale
1356 2512 1415 2546 est
1451 2508 1526 2562 (τῷ
1553 2508 1670 2554 ὄντι]

253 2572 446 2623 significat
469 2572 752 2624 proprietatem
777 2576 938 2611 naturae
959 2573 1040 2611 eius
1063 2572 1143 2622 rei,
1171 2572 1217 2610 ad
1246 2583 1358 2622 quam
1387 2571 1549 2610 scientia
1574 2585 1665 2623 per-

255 2636 368 2683 tinet,
395 2636 500 2674 unde
524 2635 581 2684 fit,
608 2638 654 2673 ut
681 2631 880 2688 ἐπιστήμη
907 2629 970 2674 ὅτι
995 2632 1034 2674 τὶ
1060 2635 1112 2675 ὄν
1138 2634 1329 2686 significet
1355 2633 1556 2673 scientiam
1580 2647 1663 2673 cer-

254 2701 319 2736 tae
351 2698 410 2736 rei
444 2698 726 2749 cuiuscunque,
763 2712 797 2738 e.
824 2711 861 2750 g.
897 2698 1008 2745 boni,
1043 2694 1240 2749 ἐπιστήμη
1276 2690 1339 2736 ὅτι
1374 2696 1426 2736 ὄν
1460 2696 1661 2738 scientiam

253 2760 359 2811 quod
385 2762 545 2801 exsistat
570 2762 726 2814 aliquid,
753 2762 857 2814 quod
883 2762 976 2814 quid
1004 2762 1056 2802 sit
1081 2766 1120 2802 ct
1145 2759 1259 2812 quale
1284 2761 1518 2812 ignoramus.
1588 2791 1590 2794 ψ
