1884 3100
614 203 942 238 ΠΡΟΤΕΡΩΝ
969 191 1008 237 Β.
1458 201 1540 241 245

87 299 241 349 θόλου
271 299 303 365 ἡ
335 300 460 362 ἑτέρα
487 300 718 362 πρότασις,
739 300 977 360 ὡσαύτως·
1007 300 1071 349 άεὶ
1091 298 1244 364 γάρτὸ
1262 300 1401 362 μέσον
1420 300 1537 348 ἐστὶν

89 366 117 415 ὃ
147 367 238 415 άπὸ
269 369 466 430 θατέρου
494 370 574 429 μὲν
603 368 891 431 άποφατικῶς
913 370 1094 432 λέγεται,
1121 367 1233 416 κατὰ
1263 368 1466 428 θατέρου
1486 369 1534 415 δὲ

84 441 403 497 καταφατικῶς.
473 435 574 484 ὥστ’
623 438 834 498 ἐνδέχεται
889 436 1185 498 τάντικείμενα
1231 437 1532 496 περαίνεσθαι,
1550 452 1583 480 15

84 502 202 565 πλὴν
237 502 323 550 οὐκ
366 502 430 550 άεὶ
471 503 578 551 οὔδε
620 505 810 562 πάντως,
842 502 938 550 ἄλλ’
970 503 1046 551 ἐὰν
1081 502 1226 561 οὕτως
1252 505 1326 565 ἔχῃ
1356 501 1410 550 τά
1438 501 1532 550 ὑπὸ

84 568 136 618 τὰ
169 572 305 631 μέσον
333 569 436 617 ὥστ’
465 569 497 634 ἢ
527 569 664 618 ταύτὰ
699 568 808 617 εἶναι
833 569 868 634 ἢ
890 569 998 619 ὅλον
1019 570 1138 632 πρὸς
1155 572 1297 632 μέρος.
1329 570 1473 628 ἄλλως
1493 569 1534 617 δ’

83 635 306 684 ἀδύνατον
318 655 327 664 ·
352 636 412 684 οὕ
421 636 503 698 γάρ
521 639 692 685 ἔσονται
704 637 918 699 ου’δαμσῖς
932 640 975 686 αἱ
985 638 1219 701 προτάσεις
1228 638 1324 687 οὔτ’
1341 638 1531 687 ἐναντίαι

82 702 179 752 οὔτ’
198 702 497 765 άντικείμεναι.

215 770 289 818 Ἐν
318 773 366 818 δὲ
402 776 467 838 τῷ
493 772 623 838 τρίτῳ
655 770 847 835 σχηιιατι
885 770 1187 834 καταφατικὸς
1214 773 1293 833 μὲν
1320 775 1532 834 συλλογι-
1546 790 1583 819 zo

82 836 198 899 σμὸς
229 819 446 885 οὐδέποτ’
457 841 574 886 ἔσται
593 819 639 894 ἐξ
667 838 970 900 ἀντικειμένων
989 840 1246 901 προτάσεων
1269 836 1344 886 διὰ
1364 837 1446 902 τὴν
1467 840 1530 885 εἰ-

82 906 276 969 ρημένην
309 906 451 952 αἰτίαν
480 907 554 951 καὶ
585 906 654 952 ἐπὶ
679 910 764 953 τοῦ
793 906 974 967 πρώτου
995 907 1230 989 σχήματος,
1251 904 1532 967 άποφατικὸς

83 971 124 1019 6⁹
145 974 278 1030 ἔσται,
298 974 372 1019 καὶ
394 972 602 1019 καθόλου
617 974 690 1019 καὶ
710 971 771 1035 μή
795 973 1006 1021 καθόλου
1023 978 1110 1021 τῶν
1122 971 1242 1034 ὅρων
1251 971 1402 1020 ὄντων.
1421 974 1530 1020 ἴστω

81 1058 165 1106 γαρ
203 1040 416 1103 ἐπιστήμη
448 1038 517 1101 ἐφ’
550 1041 609 1086 οὑ
644 1058 696 1086 το
731 1044 769 1086 Β
794 1042 868 1087 καὶ
894 1045 946 1098 Γ,
972 1039 1144 1104 ἰατρικὴ
1166 1039 1205 1087 δ’
1227 1039 1297 1100 ἐφ’
1315 1034 1375 1088 οὗ
1394 1044 1445 1087 Α.
1491 1041 1531 1087 εἰ

84 1107 170 1153 οὐν
196 1106 324 1167 λάβοι
353 1111 504 1153 πᾶσαν
526 1105 724 1166 ἰατρικὴν
742 1108 982 1171 ἐπιστήμην
1003 1110 1078 1155 καὶ
1096 1109 1312 1191 μηδεμίαν
1329 1105 1530 1171 ἰατρικὴν
1544 1125 1580 1154 25

81 1173 335 1237 ἐπιστήμην,
366 1171 418 1220 τὸ
453 1178 489 1220 Β
524 1175 654 1220 παντὶ
680 1177 741 1239 τῷ
771 1179 809 1220 Α
837 1177 989 1238 εἴληφε
1010 1178 1084 1221 καὶ
1103 1174 1154 1222 τὸ
1182 1174 1407 1232 Γουδενί,
1428 1173 1531 1221 ωστ’

81 1241 198 1289 ἔσται
215 1259 281 1299 τις
300 1240 513 1304 ἐπιστήμη
531 1239 615 1287 οὐκ
637 1241 865 1305 ἐπιστήμη.
890 1241 1053 1303 ὁμοίως
1072 1243 1120 1289 ὁὲ
1137 1239 1261 1288 καὶἈ
1232 1261 1287 1288 αν
1298 1261 1359 1305 μη
1382 1241 1528 1288 καθό-

80 1312 166 1356 λου
208 1312 370 1372 ληφθῇ
401 1307 430 1371 ἡ
466 1312 541 1355 ΒΑ
568 1307 802 1367 πρότασις·
843 1311 882 1356 εἰ
908 1309 992 1371 γάρ
1022 1310 1113 1357 ἐστί
1137 1329 1203 1367 τις
1238 1307 1409 1373 ἰατρικὴ
1433 1309 1528 1356 ἐπι-

82 1376 226 1460 στήμη
255 1377 330 1422 καὶ
358 1375 493 1422 πάλιν
522 1377 751 1438 μηὸειιία’
735 1375 907 1440 ιατρικὴ
928 1377 1154 1441 ἐπιστήμη
1183 1378 1414 1438 συμβαίνει
1433 1377 1528 1423 ἐπι-

81 1443 252 1525 στήμην
279 1440 374 1489 τινά
407 1462 468 1506 μη
502 1448 610 1489 εἰναι
639 1444 895 1507 ἐπιστήμη-,ν
932 1446 1014 1491 εἰσὶ
1035 1447 1082 1491 δὲ
1102 1444 1317 1491 καθόλου
1344 1445 1423 1504 μὲν
1440 1448 1578 1491 τῶνεο

81 1507 199 1571 ὅρων
227 1511 565 1570 λαμβανομένων
593 1511 779 1558 ἐναντίαι
810 1513 856 1558 αἱ
886 1511 1142 1573 προτάσεις,
1171 1510 1247 1558 ἐὰν
1275 1510 1315 1559 ‹3'
1337 1512 1383 1559 ἐν
1408 1511 1528 1573 μέρει

80 1596 245 1640 ατερος,
267 1576 565 1638 άντικείμεναι.

215 1651 299 1692 Δεῖ
328 1646 374 1691 δὲ
401 1650 630 1692 κατανοεῖν
663 1663 732 1692 οτι
762 1644 973 1707 ἐνδέχεται
1003 1647 1082 1706 μὲν
1113 1643 1233 1693 οὕτω
1261 1644 1316 1693 τὰ
1340 1644 1527 1693 άντικεί-

81 1730 189 1772 μενα
222 1712 483 1772 λαμβάνειν,
530 1710 676 1773 ὥσπερ
711 1714 888 1772 εἴπομεν
920 1718 1070 1760 πᾶσαν
1103 1713 1346 1777 ἐπιστήμην
1381 1724 1527 1760 σπου-

82 1780 212 1826 δαίαν
251 1777 359 1826 εἶναι
401 1782 473 1826 καὶ
508 1779 643 1826 πάλιν
676 1781 913 1842 μηδεμίαν,
955 1778 986 1843 ἢ
1019 1779 1118 1827 τινὰ
1150 1779 1211 1843 μὴ
1248 1782 1578 1827 σπουδαίαν·35

83 1843 192 1907 ὅπερ
212 1845 299 1893 οὐκ
319 1848 446 1893 εἴωθε
460 1847 711 1893 λανθάνειν.
734 1848 878 1895 ἔστιδὲ
889 1845 943 1894 δι’
957 1847 1102 1894 ἄλλων
1118 1847 1402 1910 ἐρωτημάτων
1414 1851 1527 1894 συλ-

80 1915 348 1976 λογίσασθαι
359 1914 562 1973 θάτερον,
578 1911 606 1977 ἢ
617 1912 678 1971 ὣς
691 1914 736 1961 ἐν
747 1921 838 1972 τοῖς
854 1919 1064 1972 Τοπικοΐς
1085 1916 1244 1977 ἐλέχθη
1257 1919 1417 1976 λαβεῖν.
1436 1916 1528 1962 ἐπεὶ

80 1982 128 2027 δὲ
164 1985 254 2027 τοῖν
284 1982 580 2042 καταφάσεων
613 1982 657 2027 αἱ
694 1981 938 2039 ἀντιθέσεις
966 1988 1102 2043 τρεῖς,
1141 1981 1301 2043 ἓξαχῶς
1333 1983 1525 2042 συμβαί-

80 2066 143 2095 νει
183 2047 475 2109 τάντικείμενα
518 2048 766 2110 λαμβάνειν,
806 2047 840 2112 ἢ
871 2051 1001 2096 παντὶ
1029 2051 1104 2096 καὶ
1137 2051 1306 2112 μηδενί,
1337 2047 1368 2113 ἢ
1396 2051 1526 2096 παντὶ

82 2116 156 2161 καὶ
184 2114 245 2178 μὴ
276 2117 419 2171 παντί,
450 2136 478 2179 η
507 2118 588 2162 τινὶ
612 2117 686 2162 καὶ
706 2118 872 2180 μηδενί,
897 2119 972 2164 καὶ
990 2122 1127 2164 τοῦτο
1150 2115 1434 2176 α’ντιστρέψαι
1457 2117 1524 2164 ἐπὶ
1541 2134 1576 2161 40

80 2186 168 2229 τῶν
199 2181 331 2242 ὅρων,
361 2181 457 2229 οἷον
484 2182 535 2229 τὸ
567 2187 603 2229 Α
622 2186 750 2230 παντὶ
778 2189 839 2250 τῷ
871 2188 1029 2250 Β,τῶ
1060 2186 1108 2232 δε
1140 2189 1187 2231 Γ
1206 2185 1374 2248 μηδενί,
1403 2182 1436 2246 ἢ
1464 2188 1526 2267 τῷ
1542 2196 1565 2229 b

84 2251 301 2305 Γπαντί,
349 2254 414 2314 τῷ
451 2251 498 2295 δε
542 2253 580 2295 Β
621 2251 796 2333 μηδενί,
835 2249 964 2316 ἣοτῷ
996 2270 1074 2312 μεν
1102 2253 1257 2308 παντί,
1297 2270 1358 2317 τῳ
1389 2252 1436 2297 ὁε
1464 2248 1525 2312 μὴ

81 2318 225 2373 παντί,
243 2318 322 2363 καὶ
341 2296 473 2363 πάλιν
495 2321 629 2363 τοῦτο
652 2315 933 2377 αντιστρειραι
945 2337 1055 2366 κατα
1070 2317 1179 2375 τούς
1191 2316 1342 2377 ὅρους.
1363 2315 1527 2378 ὁμοίως

81 2385 129 2431 δε
159 2385 234 2431 καὶ
265 2385 332 2431 ἐπὶ
363 2389 447 2432 τοῦ
480 2385 631 2447 τρίτου
652 2384 895 2449 σχήματος.
920 2385 1032 2434 ωστε
1064 2384 1262 2449 φανερὸν
1290 2384 1464 2446 ὁσαχῶς
1481 2403 1527 2432 τε

176 2518 216 2551 15
234 2515 279 2551 τὰ
297 2515 531 2560 ἀντικείμενα
555 2517 592 2550 C.
626 2536 668 2542 —
708 2518 747 2551 17
768 2519 888 2552 ταῦτα
903 2519 943 2552 Β.
972 2537 1011 2543 -
1046 2514 1071 2560 ἢ
1088 2516 1131 2551 τὸ
1149 2529 1214 2560 μεν
1234 2511 1322 2550 ολον
1338 2513 1381 2551 τὸ
1406 2515 1445 2550 δὲ
1461 2515 1528 2561 μέ-

83 2575 145 2609 ρος
166 2563 226 2595 Cn
250 2580 294 2587 —
318 2564 363 2597 20
382 2575 448 2606 μεν
468 2561 486 2596 ὁ
511 2565 605 2596 συλλ
627 2575 661 2595 η.
686 2582 729 2588 -
755 2565 799 2596 23
819 2563 892 2598 ε’στι
906 2576 940 2597 π
967 2581 1008 2589 ·-
1035 2565 1079 2596 95
1097 2562 1199 2597 καὶ..
1212 2559 1435 2606 -ἒπιστήμην
1454 2564 1530 2596 fort

83 2620 124 2652 pr
148 2619 242 2650 marg
259 2619 327 2642 mn.
362 2629 402 2634 —-
438 2610 482 2642 96
502 2609 552 2653 τῷ
570 2621 590 2651 γ
615 2621 656 2649 ιι,
685 2621 724 2651 pr
745 2610 784 2642 13.
818 2629 857 2634 —
893 2609 939 2642 98
957 2609 1004 2652 αβ
1023 2610 1072 2650 uf.
1109 2626 1140 2632 —
1184 2609 1228 2641 32
1247 2607 1410 2652 θάτερος
1425 2620 1459 2641 π.
1481 2627 1528 2635 -

83 2654 128 2686 36
146 2652 236 2694 ἔστι]
250 2654 740 2708 τοὺςπροσδιαλεγομένους.,
756 2652 831 2688 ἔστι
846 2666 878 2687 n.
889 2673 935 2678 ——
951 2654 991 2687 δε
1010 2653 1070 2687 καὶ
1087 2649 1135 2687 δι’
1142 2665 1186 2687 m.
1194 2672 1239 2677 --
1255 2653 1300 2687 37
1315 2655 1393 2693 τοῖς
1411 2666 1466 2687 om
1483 2656 1527 2688 A.

84 2716 123 2722 —
138 2699 182 2731 38
195 2711 462 2743 καταφατικων
480 2712 515 2734 n.
529 2717 571 2724 —
596 2701 639 2734 39
651 2697 695 2733 τὰ
715 2697 950 2744 ἀντικείμενα
966 2699 1060 2735 Cum.
1071 2717 1118 2725 -—
1141 2693 1233 2731 alt*
1210 2710 1254 2742 η.
1267 2699 1438 2744 ..μηδενί
1453 2701 1527 2734 fort

83 2754 125 2788 Pr
139 2754 291 2822 magbgn
277 2801 414 2825 τουτον
430 2802 472 2835 pr
490 2791 533 2824 B.
