1884 3100
556 217 705 251 ΠΕΡΙ
733 210 1552 250 EPMHNE1A2.133

237 314 357 364 Ἐπεὶ
391 314 442 362 δέ
470 313 563 362 ἔστί
587 333 628 361 τι
656 312 767 360 κατά
794 331 912 371 τινος
930 310 960 376 ἡ
981 310 1232 373 κατάφασις
1246 309 1550 396 σημαίνουσα,
1569 308 1634 354 lo

104 387 240 431 τοῦτο
257 385 306 431 δέ
315 379 472 431 ἐστινἭ
443 401 470 446 η
484 380 626 443 ὄνομα
637 378 667 445 ἢ
687 379 740 428 vd
760 377 1006 440 άνώνυμον,
1017 381 1065 428 ’ἓν
1076 381 1122 427 δὲ
1141 382 1210 426 δεῖ
1223 374 1331 426 εἶναι
1351 377 1423 424 καὶ
1444 375 1550 424 καθ’
1565 391 1583 419 6

105 450 204 509 ἑνὸς
221 471 271 498 το
257 451 329 499 ἐν
347 454 402 514 τῇ
415 449 661 512 καταφάσει
682 446 760 512 (τὸ
772 445 860 495 δε”
832 466 973 508 ονομα
985 450 1151 511 εἴρηται
1161 447 1233 493 καὶ
1245 443 1299 493 τὸ
1315 443 1551 505 άνώνυμον

103 518 341 578 πρότερον·
364 516 416 565 τὸ
427 536 511 580 γαρ
523 516 610 564 οὔκ
623 515 860 575 ανθρωπος
870 513 1011 575 ὄνομα
1022 517 1100 574 μὲν
1110 533 1169 562 ου
1158 512 1292 577 ’λέγω
1307 511 1400 560 αλλ’
1423 510 1550 572 οἷόρι-

104 599 210 632 στον
221 605 275 632 οι
275 603 385 646 ομα·
408 602 454 630 εν
443 584 543 669 ,γάρ
551 599 645 640 πως
652 595 681 628 σ
685 601 852 645 ηιιαιυει
860 584 934 629 καὶ
944 580 995 628 τὸ
1006 581 1234 642 α’όριστον.
1257 579 1406 642 ὥσπερ
1413 581 1487 626 καὶ
1497 578 1549 626 τὸ

103 651 188 712 οὐχ
198 651 382 713 ὑγιαίνει
394 667 453 697 ov
465 650 584 713 ὂῆιια
593 649 688 696 ἀλλ’
699 648 934 708 ιῖόριστον
915 653 1000 712 ρῆμ
1006 651 1110 712 α),”
1086 663 1202 696 εσται
1213 653 1335 696 πᾶσα
1344 646 1547 707 κατάφα-
1566 663 1600 691 10

103 732 173 777 σις
182 721 251 765 καὶ
265 717 494 779 α’πόφασις
509 737 535 781 η
514 715 627 774 εξ
601 736 816 778 ονοματος
827 718 898 764 καὶ
911 717 1108 780 ῥήματος
1122 736 1147 779 η
1125 714 1242 772 '⁸85’
1213 717 1431 774 αορίστου
1442 713 1547 766 ὀνό-

102 805 237 848 ματος
255 788 328 832 καὶ
350 785 555 849 ὁήιιατος.
579 783 634 831 ἄν
635 803 687 832 ευ
710 784 790 831 δὲ
771 804 984 868 ρηιιατοςἋ
982 782 1168 845 οὐδεμία
1178 783 1430 844 κατάφασις
1440 780 1548 829 ουδὲ

103 852 354 915 α’πόφασις·
377 851 428 899 τὸ
447 851 531 914 γὰρ
550 853 664 899 ἔστιν
678 849 706 915 ἢ
716 853 830 898 ἔσται
842 850 872 915 ἢ
885 845 941 916 ἦν
951 849 984 916 ἢ
995 852 1167 914 γίνεται,
1179 848 1212 914 ἢ
1226 848 1312 898 ὅσα
1327 848 1443 896 αλλα
1451 867 1547 896 τοι-

103 925 230 977 αὐτα,
245 920 416 982 ῥήιι-ατα
429 920 475 966 ἐκ
485 924 572 966 τῶν
582 921 789 980 κειμένων
799 920 911 966 ἐστί·
943 919 1264 982 προσσημαίνει
1275 936 1359 980 γαρ
1370 915 1544 979 χρόνον.

103 986 213 1035 ωστε
224 988 379 1050 πρώτη
390 989 505 1034 ἔσται
515 987 764 1071 κατάφασις
773 988 845 1032 καὶ
858 985 1086 1045 απόφασις
1095 984 1145 1032 τὸ
1155 986 1271 1032 ἔστιν
1280 983 1546 1046 ανθρωπος-
1562 1002 1596 1029 15

101 1053 190 1102 οὐκ
209 1056 323 1102 ἔστιν
346 1053 598 1113 ανθρωπος,
619 1059 709 1100 εἶτα
728 1055 843 1100 ἔστιν
852 1051 938 1100 οὐκ
949 1051 1188 1112 ανθρωπος
1199 1081 1224 1087 -
1238 1070 1325 1099 ουκ
1334 1052 1450 1098 ἔστιν
1461 1049 1549 1098 οὐκ

103 1119 356 1182 ανθρωπος,
367 1120 469 1167 πάλι
476 1140 499 1166 ν
508 1121 595 1166 ἔστι
606 1124 694 1177 πᾶς
711 1118 987 1178 ανθρωπος-
1000 1119 1087 1166 οὐκ
1096 1121 1182 1166 ἔστι
1195 1123 1284 1176 πᾶς
1294 1117 1548 1179 ανθρωπος,

101 1190 190 1236 ἔστι
206 1194 296 1246 πᾶς
316 1207 404 1235 ουκ
423 1186 693 1247 ανθρωπος-
706 1186 792 1234 οὐκ
803 1189 889 1234 ἔστι
899 1191 988 1244 πιῖς
998 1185 1084 1234 οὐκ
1097 1185 1351 1246 ἄνθρωπος.
1390 1204 1466 1232 και
1451 1186 1549 1232 ἐπὶ

101 1260 192 1304 τῶν
202 1255 324 1314 ἕκτος
331 1257 378 1302 δε
390 1253 593 1317 χρόνωνὸ
606 1252 741 1312 αὐτὸς
748 1253 891 1316 λόγος.
917 1252 1023 1300 ὅταν
1034 1255 1080 1300 (δὲ
1090 1252 1140 1300 τὸ
1153 1255 1240 1300 ἔστι
1250 1254 1396 1313 τρίτον
1404 1263 1547 1312 προσ-

102 1328 410 1387 κατηγορῆται,
445 1321 534 1386 ἤδη
552 1325 683 1383 διχῶς
698 1323 896 1384 λέγονται
918 1323 963 1368 αἱ
982 1320 1240 1378 αντιθέσεις.
1274 1320 1386 1382 λέγω
1396 1321 1443 1367 δε
1453 1316 1551 1367 οἷον
1564 1337 1600 1365 20

104 1392 192 1438 ἔστι
202 1392 373 1448 δίκαιος
385 1388 649 1448 ἄνθρωπος·
670 1388 722 1436 τό
742 1390 829 1436 ἔστι
848 1390 994 1448 τρίτον
1004 1390 1116 1452 φηιιὶ
1129 1386 1436 1451 συγκεῖσθαι”
1409 1406 1551 1448 ονομα

104 1478 146 1527 η
113 1455 265 1522 Ἃρῆμα
282 1460 328 1505 ἐν
344 1462 399 1518 τῇ
419 1458 680 1517 καταφάσει.
693 1455 803 1504 ωστε
826 1455 900 1503 διὰ
917 1475 1052 1503 τουτο
1072 1457 1254 1517 τέτταρα
1267 1456 1383 1502 ἔσται
1395 1459 1551 1511 ταῦτα,

107 1527 173 1573 ὠν
199 1524 253 1572 τὰ
270 1527 349 1587 μὲν
368 1524 427 1572 δι’
418 1543 455 1570 ο
479 1522 593 1584 πρὸς
611 1522 692 1588 τὴν
712 1524 965 1585 κατάφασιν
986 1525 1060 1570 καὶ
1089 1522 1319 1585 άπόφασιν
1339 1521 1420 1579 ἕξει
1439 1541 1551 1569 κατα

106 1591 157 1640 τὸ
177 1597 385 1654 στοιχοῦν
407 1590 467 1649 ὥς
491 1593 533 1638 αἱ
553 1593 792 1655 στερήσεις,
811 1611 865 1638 τα
850 1590 931 1639 ὁὶ
943 1590 1028 1639 δύο
1039 1589 1110 1638 οὔ.
1127 1588 1324 1653 λέγωὸΜ
1297 1609 1361 1638 οτι
1375 1588 1427 1637 τὸ
1438 1591 1554 1637 ἔστιν

107 1657 139 1724 ἢ
155 1665 218 1726 τῷ
237 1659 462 1726 ανθρώπῳ
484 1662 789 1719 προσκείσεται
807 1657 841 1723 ἢ
862 1663 924 1705 τῶ
944 1657 1031 1706 οὐκ
1056 1657 1296 1723 ανθρώπῳ,
1318 1656 1426 1705 ὥστε
1437 1655 1551 1721 καὶὴ
1566 1681 1602 1708 25

109 1708 354 1789 απάφασις.
377 1729 556 1785 τέτταρα
579 1720 663 1772 οὖν
682 1728 813 1772 ἔσται.
835 1745 948 1773 vom·
951 1745 1031 1787 μεν
1049 1727 1095 1772 δε
1104 1724 1155 1772 τὸ
1164 1726 1397 1787 λεγόμενον
1406 1726 1452 1772 ἐκ
1461 1742 1553 1772 των

109 1792 518 1856 ὑπογεγραμμένων.
539 1794 626 1839 ἔστι
644 1794 814 1850 δίκαιος
833 1791 1094 1852 ανθρωπος·
1122 1791 1351 1853 απόφασις
1369 1791 1553 1850 τούτου,

110 1860 199 1908 οὐκ
221 1862 306 1908 ἔστι
321 1862 491 1918 δίκαιος
500 1859 755 1945 ἄνθρωπος.
786 1860 901 1907 ἔστιν
910 1859 969 1907 οὕ
979 1861 1151 1917 δίκαιος
1161 1857 1401 1920 ἄνθρωπος
1415 1877 1424 1886 ·
1443 1858 1552 1906 τού-

108 1945 194 1975 του
202 1927 441 1989 απόφασις,
455 1926 540 1974 οὐκ
552 1928 666 1973 ἔστιν
675 1946 735 1973 ου
724 1928 919 1985 ’δίκαιος
930 1926 1181 1986 ανθρωπος.
1202 1925 1252 1974 τὸ
1262 1925 1346 1988 γάρ
1359 1928 1474 1974 ἔστιν
1483 1927 1553 1973 ἐν-

107 1999 259 2042 ταῦθα
267 1997 339 2041 καὶ
351 1993 401 2041 τὸ
413 1993 498 2040 οὐκ
510 1995 594 2061 ἔστι
605 2013 665 2039 τω
648 1993 904 2059 ἀνθρώπῳ
913 1995 1216 2054 προσκείσεται
1227 1995 1298 2040 καὶ
1309 1997 1371 2060 τῷ
1379 2013 1466 2041 ουκ
1475 1991 1552 2040 ἄν·
1570 2013 1605 2042 so

108 2061 288 2128 θρώπῳ.
299 2066 438 2109 ταῦτα
446 2080 523 2122 μεν
533 2053 630 2117 οὖν,
635 2042 786 2121 ὥσπερ
794 2062 839 2108 ἐν
845 2067 937 2118 τοῖς
943 2059 1291 2119 Ἀναλυτικοῒς”
1245 2080 1425 2145 ειρηται,
1438 2058 1557 2108 οὕτω

108 2130 318 2177 τέτακται.
350 2128 514 2191 ὁμοίως
530 2129 621 2176 ὁε”
598 2147 680 2190 εχει
696 2147 781 2176 καν
799 2127 1008 2176 καθόλου
1025 2133 1110 2176 τοῦ
1120 2123 1374 2191 ὀνόματοςῇ
1384 2127 1412 2193 ἡ
1422 2127 1558 2176 κατά-

202 2312 224 2346 5
239 2324 274 2346 τι
291 2309 387 2346 κατά
404 2323 505 2350 τινος
521 2318 603 2353 post
612 2310 874 2365 σημαίνουσαί.
890 2331 931 2337 -
944 2313 964 2345 6
982 2324 1023 2355 pr
1041 2308 1066 2356 ἢ
1078 2324 1132 2344 om
1148 2312 1204 2353 Ge,
1220 2323 1263 2355 pr
1277 2312 1310 2344 «1.
1322 2305 1491 2354 -καὶ]“
1468 2323 1490 2353 η
1506 2306 1558 2353 μὴ

113 2354 210 2393 εἶναι
225 2370 287 2391 και
310 2358 368 2390 sed
386 2356 449 2390 καὶ
465 2369 501 2389 rc
516 2368 550 2399 ιι,
572 2368 627 2388 om
648 2368 682 2389 a.
702 2375 747 2382 -
772 2358 790 2389 7
799 2354 868 2412 τὸ]
887 2357 947 2391 καὶ
966 2356 1007 2391 τὸ
1025 2359 1055 2390 b.
1073 2378 1109 2383 -
1138 2355 1351 2400 καταφάσει
1370 2368 1450 2389 corr
1467 2367 1502 2388 n.
1515 2374 1558 2381 —-

112 2401 156 2438 τὸ
176 2400 255 2437 δε..
270 2403 352 2436 mai
369 2417 406 2436 τι
400 2401 428 2446 “]
446 2402 533 2435 editi
550 2402 704 2446 plerique
720 2401 757 2435 τί
773 2400 855 2436 δὲ..
869 2403 949 2438 καὶ
967 2404 1014 2436 τί.
1037 2422 1075 2427 -
1103 2404 1124 2436 9
1143 2402 1204 2436 καὶ
1224 2415 1278 2435 om
1301 2414 1335 2434 η.
1356 2420 1395 2426 -
1420 2397 1464 2435 τὸ
1478 2411 1559 2434 ron.

113 2466 159 2474 —
179 2446 353 2490 ἀόριστον
371 2461 490 2491 ονομα
507 2458 628 2490 ωσπερ
642 2459 659 2480 c
686 2466 729 2473 —
754 2445 797 2480 τὸ
821 2460 876 2479 om
896 2449 919 2482 i.
940 2447 1159 2493 -ΙΟρἧμα
1175 2447 1264 2503 λέγω
1284 2444 1361 2480 ἀλλ’
1372 2457 1400 2479 e.
1417 2466 1455 2470 —
1484 2441 1560 2479 ἀλλ’

114 2491 151 2528 oe’.
172 2493 273 2539 ῥῆμα
292 2506 327 2526 rc
349 2506 453 2537 supra
475 2505 512 2524 vs
530 2505 562 2525 ιι.
574 2491 747 2536 -ἔσται]
770 2490 870 2528 ἔσται
888 2492 958 2539 γὰρ
977 2505 1006 2535 e,
1030 2491 1132 2527 ἔσται
1154 2487 1254 2527 ουνί.
1267 2511 1310 2518 -
1328 2493 1365 2525 11
1387 2490 1450 2525 καὶ
1464 2488 1562 2526 ἁπό-

115 2550 227 2592 φασις
251 2551 306 2572 om
327 2551 379 2572 en.
401 2559 438 2564 -
467 2535 491 2581 ἢ
505 2537 604 2572 ἔσται
627 2546 707 2581 post
722 2537 862 2580 γίνεται
878 2540 920 2572 ci.
947 2558 988 2564 —
1017 2539 1058 2572 15
1080 2538 1180 2572 ἔσται
1197 2550 1253 2570 om
1272 2549 1323 2571 en
1351 2554 1394 2560 —-
1433 2537 1474 2571 16
1491 2543 1562 2569 tert

116 2596 185 2619 ουκ
203 2597 239 2617 rc
249 2597 313 2640 mg
328 2586 366 2618 A
385 2602 431 2610 —
459 2585 499 2618 19
521 2581 561 2619 δε
578 2596 633 2616 om
652 2595 686 2616 ιι.
706 2602 750 2609 -
780 2584 817 2616 19
829 2583 1169 2640 προσκατηγορηθι·
1183 2595 1218 2615 ιι.
1236 2602 1278 2608 -
1304 2584 1350 2616 20
1374 2579 1446 2638 ἤδη
1458 2593 1560 2615 omn.

116 2647 164 2656 —·
181 2627 560 2684 91ανθρ.δίκαιοςῙ.
580 2647 623 2652 --
648 2630 693 2662 92
715 2626 826 2672 φάσει
844 2641 873 2663 e.
894 2649 934 2655 -
958 2628 1065 2663 ταῦτ’
1084 2628 1186 2663 ἔσται
1202 2639 1231 2662 e.
1252 2646 1297 2653 —·
1320 2625 1403 2661 24⁸
1380 2640 1440 2663 οτι
1457 2639 1513 2660 om
1531 2638 1561 2660 e.

116 2693 163 2701 —-
178 2676 224 2708 95
244 2683 277 2707 et
299 2677 343 2709 30
361 2671 437 2709 ιίνθ
440 2673 567 2729 ρωπῳ]
590 2676 722 2730 δικαίῳ
749 2675 890 2710 codices.
913 2693 959 2701 —
990 2673 1207 2718 πρόσκειται
1229 2685 1271 2717 pr
1294 2673 1329 2706 d.
1354 2692 1394 2699 ·—
1429 2673 1474 2706 26
1495 2685 1564 2707 νο-

118 2719 216 2768 ὦμεν
241 2722 296 2763 Cf.
320 2739 366 2747 —
389 2722 432 2754 27
454 2718 588 2756 τούτου
612 2717 806 2760 α’πόφασις
825 2722 870 2762 es.
882 2738 929 2744 —
953 2720 997 2752 30
1013 2719 1232 2765 πρόσκειται
1249 2725 1328 2751 ante
1344 2718 1506 2761 ταῦταπ,
1526 2717 1563 2751 ib

118 2768 374 2811 προσκείσεται
396 2767 489 2801 CKe.
508 2785 553 2793 —
578 2765 703 2810 καὶ]’“
679 2779 703 2812 η
721 2766 783 2809 Kf.
805 2784 850 2791 —
873 2766 915 2799 31
932 2762 1074 2810 λέγεται
1089 2765 1234 2801 codices.
1253 2782 1300 2791 —
1323 2765 1367 2799 32
1383 2761 1457 2807 ἕξει
1473 2775 1503 2798 e.
