1722 3126
225 196 253 235 S
550 197 614 231 De
648 196 887 230 codicibus
916 195 1108 240 graaale
1137 195 1323 241 organi.

228 289 366 336 κότητα
376 292 582 338 κεχρῶσθαι
597 290 747 337 φήσειεν
758 287 782 335 ἢ
790 290 854 326 τὸν
866 289 1069 338 ἄνθρωπον
1087 290 1286 334 ἐζωῶσθαι·
1296 311 1337 318 --
1349 289 1569 333 ἀπόιῗδενός
1577 291 1647 338 γὰρ

229 346 357 391 γένους
381 346 612 397 παρωνύμως
644 347 666 391 ἡ
695 348 895 393 κατηγορία
922 345 969 382 ου’
997 349 1088 392 (leg.
1109 340 1211 382 ἀλλὰ.
1254 348 1355 381 1091)
1374 348 1414 390 5)
1441 345 1556 390 μόνον
1581 348 1647 382 τοῦ

231 402 510 449 συμβεβηκότος.
564 404 598 437 εἰ
613 401 653 438 δέ
673 415 708 436 τι
730 402 922 449 πρόβλημα
946 399 967 447 ἢ
993 401 1142 437 πάντων
1165 399 1190 448 ἢ
1213 401 1349 447 μηδέν,
1382 401 1421 436 ἐκ
1438 402 1649 447 διαιρέσεως

230 461 379 494 σκοπεῖν
394 460 429 495 εἰ
447 457 594 503 ἀληθές.
644 457 811 502 οἷον(17)
829 459 864 493 εἰ
880 459 952 492 τῶν
968 454 1227 502 ἀντικειμένων
1245 471 1300 498 τις
1316 457 1386 501 ἔφη
1401 458 1488 501 μίαν
1505 456 1648 502 ἐπιστή-

228 526 318 559 μην,
354 514 557 559 διαιρετέον
585 513 637 553 εἰς
661 512 707 547 τοὶ
731 513 815 557 ἐἴδη
841 512 888 548 τὰ
915 511 1145 556 ἀντικείμενα
1173 512 1235 547 καὶ
1272 511 1375 557 μέχρι
1401 513 1475 547 τῶν
1500 510 1649 557 ἀτόμων

228 570 323 614 (21),
344 570 404 604 καὶ
423 570 459 604 εἴ
471 564 569 608 τινος
588 567 728 603 τούτων
749 564 856 615 εὕρῃς
871 567 919 613 μὴ
939 563 1054 604 οὖσαν
1063 570 1151 613 μίαν
1166 565 1366 612 ἐπιστήμην
1385 566 1465 603 οἷον
1484 567 1648 612 γνωστοῦ

228 624 292 658 καὶ
315 621 503 668 ἀγνώστου
521 624 668 691 ἀναιρεῖ
683 623 724 659 τὸ
744 624 933 669 πρόβλημα
949 626 1041 669 (24).
1087 623 1223 667 ὁμοίως
1248 623 1363 658 δὲκαὶ
1380 624 1414 658 εἰ
1427 622 1541 667 μηδὲν
1563 623 1650 660 ἔθε-

229 691 283 713 το.
330 680 387 714 δεῖ
403 679 443 714 δὲ
462 683 582 716 ποιεῖν
601 678 752 725 ὁρισμὸν
771 680 833 715 καὶ
851 680 918 715 τοῦ
944 679 1213 725 συμβεβηκότος
1228 678 1291 714 καὶ
1320 679 1386 714 τοῦ
1403 677 1649 724 ὑποκειμένου

231 727 261 780 ᾧ
280 734 480 780 συμβέβηκε
505 749 528 779 η
556 734 773 781 ἀμφοτέρων
798 737 858 778 (30
882 747 932 779 sq.
936 735 952 778 )
967 760 975 776 ,
1008 736 1043 770 εἰ
1068 733 1198 779 α”φανῆ
1223 734 1287 769 καὶ
1313 733 1480 778 ἄγνωστα
1502 730 1529 781 ᾖ
1555 736 1651 770 ταῦ-

228 801 294 832 τα,
323 785 346 834 ἢ
373 790 441 826 τού
475 790 576 833 ἑνός,
611 792 645 826 εἰ
668 790 710 826 τὸ
738 790 873 826 λοιπὸν
906 787 1138 834 ἐγνωσμένον.
1202 786 1283 824 οἷον
1319 790 1357 824 εἴ
1381 803 1436 830 τις
1467 789 1534 826 τὸν
1557 789 1651 826 θεὸν

230 842 445 881 ἀδικεῖσθαι
471 848 566 892 λέγῃ.
615 848 649 881 εἰ
677 859 746 892 γαρ
776 847 818 881 τὸ
845 837 1057 880 ἀδικεῖσθαι
1080 845 1122 880 τὸ
1151 845 1381 890 βλάπτεσθαί
1406 844 1498 886 ἐστι,
1539 847 1652 889 δῆλον

232 912 281 940 ως
308 898 377 935 ούκ
399 901 473 937 ἔστι
499 901 593 937 θεὸν
617 899 839 936 ἀδικεῖσθαι.
893 897 939 934 ὃὶν
963 900 1003 935 δέ
1028 914 1064 935 τι
1084 901 1158 935 τῶν
1179 901 1367 944 πολλαχῶς
1397 895 1420 946 ᾖ
1451 901 1651 944 λεγομένων

229 956 313 998 (110
339 958 417 990 2³23
449 959 535 1002 sq.)‚
570 959 715 991 τίθεται
747 956 787 990 δὲ
821 954 923 1000 παρά
950 968 1050 995 τινος
1079 954 1280 1001 ὑπάρχειν,
1319 954 1506 990 δεικνύναι
1533 955 1575 992 τὸ
1599 954 1652 1002 μὴ

233 1007 403 1056 ὑπάρχον
419 1014 507 1057 (leg.
536 1009 733 1057 ὑπάρχειν)
750 1011 802 1057 τῷ
829 1010 992 1056 θάτερον
1014 1012 1088 1046 τῶν
1116 1009 1413 1055 συμβαινομένων
1438 1010 1650 1058 προφέρειν·

229 1062 309 1099 οἷον
329 1067 363 1100 εἰ
385 1065 426 1100 τὸ
455 1066 686 1112 κοιμώμενον
713 1062 962 1101 αἰσθάνεσθαι
987 1066 1097 1109 λέγει·
1130 1064 1207 1100 ἐπεὶ
1234 1067 1422 1110 πολλαχῶς
1446 1066 1585 1110 λέγεται
1609 1065 1649 1102 τὸ

231 1118 498 1165 αἰσθάνεσθαι,
544 1121 703 1168 ἐνεργείᾳ
730 1120 769 1156 δὲ
793 1121 856 1156 καὶ
886 1121 1057 1166 δυνάμει,
1101 1121 1288 1156 δεικνύναι
1313 1119 1362 1165 μὴ
1390 1120 1652 1156 αἰσθάνεσθαι.

232 1171 366 1219 ὁμοίως
384 1175 424 1211 δὲ
440 1179 502 1213 καὶ
518 1179 553 1212 εἰ
567 1175 616 1222 μὴ
634 1176 812 1222 ὑπάρχειν
829 1178 941 1222 τεθῇ,
973 1175 1015 1211 τὸ
1044 1174 1221 1223 ὑπάρχειν
1239 1176 1438 1212 δεικνύναι.
1484 1178 1593 1212 τοῦτο
1611 1176 1653 1212 δὲ

229 1230 405 1275 ποιητέον
433 1233 495 1268 καὶ
523 1231 581 1268 ἐπὶ
606 1234 679 1267 τῶν
704 1230 968 1266 λανθανόντων
991 1230 1195 1276 ὁμωνύμων
1223 1232 1286 1266 καὶ
1318 1229 1575 1276 ἀγνοουμένων
1600 1234 1653 1280 τῷ

230 1288 568 1335 προσδιαλεγομένῳ
597 1288 638 1323 τὸ
669 1287 836 1322 καθόλου
869 1286 911 1323 τὰ
944 1285 1192 1332 ἀντικείμενον
1221 1286 1419 1332 ἐπιφέρειν.
1476 1288 1511 1322 εἰ
1538 1286 1577 1322 δὲ
1600 1286 1650 1333 μὴ

229 1342 410 1378 λανθάνει
427 1343 468 1378 τὸ
492 1344 566 1378 τινὶ
591 1343 657 1388 μὲν
680 1342 857 1388 ὑπάρχειν
880 1342 951 1377 τινὶ
981 1342 1019 1378 δὲ
1049 1342 1120 1387 μή,
1151 1342 1275 1386 λέγειν.
1323 1341 1458 1385 ὁμοίως
1490 1341 1530 1377 δὲ
1546 1355 1653 1389 ποιη-

230 1397 314 1432 τέον
346 1398 408 1433 καὶ
433 1397 492 1433 ἐπὶ
515 1400 589 1433 τῶν
618 1397 834 1443 ἀμφιβόλων
864 1398 904 1441 (b
927 1399 967 1431 16
986 1399 1031 1432 ad
1058 1410 1163 1442 quem
1182 1400 1206 1433 l.
1225 1398 1270 1431 cf.
1291 1398 1428 1441 Alex),
1461 1396 1543 1433 οἷον
1571 1400 1607 1434 εἰ
1630 1397 1653 1444 ἢ

232 1450 411 1498 ἐπιστήμη
429 1455 528 1498 (fort.
550 1455 585 1489 εἰ
597 1453 812 1498 ἐπιστήμην)
831 1454 918 1497 μίαν
935 1451 1113 1488 πλειόνων
1138 1467 1192 1494 τις
1220 1451 1426 1496 ἀξιώσειεν·
1461 1449 1485 1496 ἢ
1509 1451 1579 1500 γάρ
1605 1452 1656 1495 ὥς

229 1508 334 1553 [τοῦ]
357 1510 425 1544 τοῦ
444 1508 570 1550 τέλους
587 1510 649 1545 καὶ
672 1510 740 1544 τοῦ
762 1508 855 1554 πρὸς
876 1507 918 1543 τὸ
949 1507 1068 1550 τέλος,
1099 1506 1219 1553 οἷονή
1248 1506 1390 1555 ἰατρικὴ
1414 1505 1481 1543 τοῦ
1505 1507 1654 1552 ὑγιάσαι

229 1563 292 1598 καὶ
312 1566 382 1599 τοῦ
400 1566 606 1610 διαιτῆσαι,
639 1563 664 1609 ἢ
687 1563 736 1605 ὥς
758 1559 975 1609 ἀμφοτέρων
992 1563 1164 1610 καθάπερ
1192 1562 1212 1607 ἦ
1242 1562 1336 1608 αὑτὴ
1356 1560 1494 1606 ὑγιείας
1512 1565 1575 1599 καὶ
1592 1564 1654 1600 νό-

231 1629 316 1659 σου,
347 1616 372 1664 ἢ
393 1618 441 1660 ὥς
459 1622 524 1655 τοῦ
543 1619 629 1655 καθ’
651 1618 742 1655 αὑτὸ
760 1619 823 1653 καὶ
841 1620 910 1654 τοῦ
933 1617 1027 1654 κατὰ
1054 1619 1281 1665 συμβεβηκὸς
1308 1617 1356 1659 (ὃς
1380 1618 1521 1663 ὑγιείας
1541 1622 1654 1664 (17-

229 1675 291 1718 22)
313 1675 375 1709 καὶ
395 1674 579 1720 ἐμπνοίας.
628 1677 662 1711 εἰ
676 1675 745 1722 γὰρ
764 1673 858 1710 κατὰ
874 1674 1072 1721 μηδέτερον
1091 1673 1234 1709 τούτων
1253 1673 1435 1718 ἐνδέχεται
1455 1675 1543 1719 μίαν
1559 1675 1655 1710 εἶναι

229 1729 409 1766 πλειόνων
431 1731 654 1776 ἐπιστήμην,
688 1731 858 1775 δηλονότι
877 1727 955 1764 οὐδ’
973 1729 1064 1770 ὅλως
1087 1729 1280 1773 ἐνδέχεται.
1326 1729 1379 1764 ἔτι
1406 1729 1447 1764 δὲ
1471 1734 1655 1775 μεταλαμ-

229 1783 356 1831 βάνειν
383 1787 435 1826 εἰς
451 1785 728 1833 γνωριμώτερον
749 1784 866 1828 ὄνομα
883 1788 965 1830 (111
979 1787 1045 1829 a8)
1064 1785 1105 1820 τὸ
1127 1785 1247 1826 τεθέν,
1270 1783 1349 1819 οἷον
1366 1782 1451 1819 ἀντὶ
1468 1787 1532 1829 τῆς
1544 1789 1654 1822 πολυ-

228 1841 486 1887 πραγμοσύνης
495 1841 562 1886 τὴν
573 1840 920 1886 φιλοπραγμοσύνην
932 1841 992 1876 καὶ
1005 1839 1089 1876 ἀντὶ
1102 1842 1168 1876 τοῦ
1184 1841 1394 1886 ἐλευθερίου
1405 1837 1446 1874 τὸ
1458 1841 1558 1884 (fort.
1570 1842 1655 1886 τὸν)

230 1892 386 1931 ἄσωτον.
431 1897 525 1943 πρὸς
543 1897 581 1932 δὲ
598 1896 640 1932 τὸ
657 1898 774 1939 δεῖξαι
796 1896 976 1931 τάναντία
1003 1898 1054 1942 τῷ
1071 1893 1171 1943 αύτῷ
1193 1894 1406 1941 ὑπάρχοντα
1422 1900 1570 1931 σκοπεῖν
1591 1895 1654 1932 ἐπὶ

229 1950 357 1995 γένους
369 1977 378 1992 ,
402 1951 482 1987 οἷον
498 1953 533 1987 εἰ
548 1950 566 1987 ὁ
585 1952 784 1997 ἄνθρωπος
797 1952 907 1994 ζῶον,
937 1950 978 1985 τὰ
995 1951 1034 1986 δὲ
1063 1953 1154 1994 ζαῖον
1171 1949 1315 1995 λογικὸν
1332 1951 1396 1985 καὶ
1414 1947 1567 1995 ἄλογον,
1591 1952 1655 1987 καὶ.

230 2005 252 2041 ό
272 2004 470 2052 ἅνθρωπος
490 2007 600 2042 ἔσται.
647 2007 783 2051 ὁμοίως
803 2006 842 2041 δὲ
859 2006 921 2041 καὶ
947 2004 1019 2041 ἀπὸ
1045 2008 1112 2042 τοῦ
1140 2008 1262 2046 εἴδους
1288 2007 1340 2053 τῷ
1357 2005 1452 2050 γένει
1471 2005 1654 2043 τάναντία

232 2060 422 2097 δεικνύναι
449 2064 624 2106 (δεικνεῖν
640 2064 735 2105 cod.)
757 2061 990 2108 ὑπάρχοντα,
1024 2061 1211 2097 οἶονέπεὶ
1236 2061 1260 2106 ἦ
1284 2060 1450 2103 διάθεσις
1471 2062 1574 2106 γένος
1590 2065 1656 2108 τῆς

231 2115 429 2161 ἐπιστήμης
441 2119 552 2162 (21—
565 2119 627 2161 23)
639 2144 648 2160 ‚
681 2117 745 2153 ἐὰν
763 2117 941 2163 ἐπιστήμη
964 2118 1037 2153 ἔστι
1054 2112 1096 2164 (ᾖ
1118 2120 1208 2163 leg.)
1236 2117 1358 2162 φαύλη
1374 2118 1436 2152 καὶ
1455 2119 1655 2162 σπουδαία,

229 2171 293 2207 καὶ
310 2173 479 2212 διάθεσις
502 2172 602 2208 ἔσται
618 2173 740 2217 φαύλη
754 2174 816 2208 καὶ
834 2174 1031 2208 σπουδαία.
1078 2173 1120 2208 τὸ
1142 2172 1208 2217 μὲν
1225 2169 1294 2208 οὖν
1311 2172 1489 2219 πρότερον
1505 2172 1597 2220 πρὸς
1612 2173 1654 2210 τὸ

229 2227 513 2271 κατασκευάζειν
541 2228 680 2272 ψευδής
706 2231 796 2274 (leg.
824 2229 994 2273 ψευδές)·
1043 2226 1091 2266 οὖ
1114 2226 1183 2275 γὰρ
1212 2226 1283 2264 δ’σα
1306 2229 1357 2275 τῷ
1383 2228 1480 2273 γένει
1501 2227 1656 2276 ὑπάρχει

229 2284 348 2318 ταῦτα
367 2283 430 2318 καὶ
450 2285 503 2330 τῷ
521 2284 630 2327 εἴδει,
655 2283 694 2319 τὰ
714 2284 754 2319 δὲ
778 2284 951 2330 δεύτερον
970 2280 1147 2328 ἀλήθεια·
1173 2282 1242 2320 ὅσα
1267 2282 1337 2331 γὰρ
1357 2285 1409 2331 τῷ
1431 2285 1521 2320 εἴδει
1539 2283 1657 2332 ὑπάρ-

228 2351 282 2383 χει
299 2339 434 2386 καὶτῷ
454 2338 558 2383 γένει.
605 2339 697 2385 πρὸς
724 2339 771 2376 δὲ,
789 2337 831 2374 ’ἔό
863 2339 1123 2382 ἀνασκευάζειν
1146 2341 1224 2384 (29)
1253 2336 1455 2374 ἀνάπαλιν·
1488 2336 1558 2375 ὅσα
1585 2340 1656 2387 γὰρ

227 2395 281 2440 τῷ
300 2393 394 2437 γένει
410 2392 477 2438 ούχ
491 2392 645 2439 ὑπάρχει
663 2392 751 2430 ου’δὲ
770 2396 821 2441 τῷ
841 2396 952 2439 εἴδει,
986 2394 1055 2431 ὅσα
1076 2395 1115 2430 δὲ
1139 2396 1193 2442 τῷ
1215 2395 1305 2429 εἴδει
1331 2395 1380 2439 μὴ
1405 2393 1562 2442 ὑπάρχει
1589 2396 1655 2431 ούκ

230 2447 372 2494 ἀνάγκη
389 2451 507 2485 ταῦτα
528 2451 579 2497 τῷ
599 2449 694 2494 γένει
716 2449 765 2494 μὴ
783 2449 970 2496 ὑπάρχειν.
1019 2450 1095 2486 ἐπεὶ
1121 2449 1152 2486 δ’
1180 2449 1380 2495 ἀναγκαῖον
1406 2445 1458 2485 οἷν
1484 2450 1526 2485 τὸ
1553 2450 1657 2496 γένος

228 2509 485 2549 κατηγορεῖται
500 2506 562 2540 καὶ
580 2507 654 2541 τῶν
676 2507 784 2541 εἰδῶν
799 2520 834 2541 τι
849 2509 1133 2552 κατηγορεῖσθαι
1153 2507 1359 2551 (34-36),
1393 2506 1456 2541 καὶ
1487 2504 1556 2541 ὅσα
1586 2506 1656 2551 ἔχει

231 2558 274 2594 τὸ
293 2561 396 2603 γένος
414 2558 437 2604 ἢ
457 2560 688 2607 παρωνύμως
708 2561 780 2596 ἀπὸ
803 2564 873 2596 τοῦ
890 2561 1018 2606 γένους
1034 2564 1172 2605 λέγεται
1189 2562 1251 2596 καὶ
1270 2562 1344 2595 τῶν
1362 2563 1471 2597 εἰδῶν
1486 2576 1522 2597 τι
1542 2561 1654 2605 ἀναγ-

229 2616 336 2649 καῖον
370 2614 462 2659 ἔχειν
486 2614 509 2660 ἢ
535 2614 764 2662 παρωνύμως
786 2615 861 2652 ἀπό
886 2631 986 2658 τινος
1005 2619 1079 2653 τῶν
1104 2619 1210 2653 εἰδῶν
1227 2617 1414 2661 λέγεσθαι,
1448 2615 1472 2661 ἢ
1500 2619 1588 2663 (leg.
1607 2613 1655 2661 ἢν

229 2682 266 2704 v.
286 2666 350 2713 ἂν)
369 2672 464 2717 τεθῇ
477 2671 670 2716 λεγόμενον
685 2670 758 2707 άπὸ
778 2673 845 2708 τοῦ
859 2672 986 2717 γένους
1002 2671 1192 2715 ὁπωσοῦν,
1217 2671 1298 2707 οἷον
1325 2672 1393 2716 τὴν
1406 2671 1530 2717 ψυχὴν
1546 2676 1656 2708 κινεῖ-

231 2727 323 2761 σθαι
345 2727 386 2771 (b
404 2727 465 2770 5),
501 2730 647 2763 σκοπεῖν
670 2728 704 2763 εἰ
725 2727 820 2764 κατά
838 2741 874 2763 τι
905 2729 978 2763 τῶν
1002 2729 1110 2764 εἰδῶν
1127 2728 1243 2771 αὐτῆς
1261 2727 1440 2772 ἐνδέχεται
1457 2730 1654 2764 κινεῖσθαι.

232 2782 267 2817 εἰ
280 2780 349 2827 γὰρ
366 2780 460 2817 κατά
478 2781 612 2828 μηδέν,
637 2782 809 2828 δηλονότι
827 2783 872 2820 ού
892 2783 1043 2828 γίνεται.
1089 2786 1236 2821 σκοπεῖν
1255 2783 1296 2820 δὲ
1322 2783 1384 2819 καὶ
1404 2783 1461 2820 ἐπὶ
1477 2784 1545 2819 τοῦ
1562 2796 1654 2830 προ-
