1664 3126
35 195 40 203 ’
113 208 192 247 530
702 209 948 254 Analytica
971 211 1140 254 priora.

170 317 227 347 vs,
246 307 298 344 39
325 306 538 345 omittenda
566 309 703 354 erunt,
725 309 972 356 praesertim
999 321 1119 358 quum
1147 314 1331 360 appareat
1359 321 1407 349 ex
1435 309 1520 349 cod.
1552 311 1585 348 G

169 369 436 420 explicationis
463 368 587 419 gratia
612 368 712 406 haec
739 369 870 408 addita
896 383 996 411 esse.

117 435 234 471 68³1
265 432 525 470 Restituimus
560 431 767 470 lectionem
803 445 919 482 quam
947 438 988 472 et
1014 433 1152 473 Pacius
1181 434 1355 474 exhibuit
1382 439 1424 473 et
1451 445 1583 472 corre-

169 500 310 535 xerunt
336 494 450 532 codd.
477 493 572 532 AB.
623 494 781 533 Etenim
816 495 915 533 ferri
951 509 1026 535 non
1064 503 1196 548 potest
1222 499 1326 548 quod
1353 497 1463 535 dedit
1488 496 1585 534 Bkk.

169 557 217 599 τὸ
245 559 292 607 Γ,
320 555 454 596 τὸ«Α;
493 569 580 594 nam
620 570 738 607 quum
775 558 974 597 conclusio
1009 564 1049 598 et
1075 561 1291 612 propositio
1318 560 1444 598 minor
1470 559 1586 597 datae

170 623 247 661 sint
273 633 497 667 conversae,
524 619 570 656 fit
598 620 794 659 conclusio
822 634 967 672 negans
988 623 1065 662 BA
1090 624 1128 661 in
1157 623 1326 662 secundo
1354 622 1468 661 modo
1488 622 1585 671 figu-

167 697 235 723 rae
260 684 460 722 secundae
487 695 536 720 cx
562 684 828 733 propositione
856 686 1003 724 maiore
1019 687 1093 725 ΓΒ
1113 691 1154 725 et
1171 687 1319 724 minore
1333 686 1421 724 ΓΛ.
1460 684 1586 723 Buhle

158 747 276 786 addit
301 759 466 793 „sensus
494 746 579 784 fere
608 746 746 784 eodem
767 747 910 797 redit''‚
939 762 1039 799 quae
1056 750 1150 787 satis
1172 748 1384 787 ostendunt
1406 760 1482 797 quo
1500 747 1586 783 iure

168 810 253 850 aliis
281 811 339 848 rei
367 805 632 859 syllogisticae
659 810 853 848 inscitiam
881 812 1189 860 exprobraverit.

117 876 238 913 6822
266 871 349 912 άπὸ
376 873 455 911 τοῦ
488 871 862 922 συμπεράσματος,
910 874 1045 924 incipit
1079 887 1100 911 a
1131 872 1376 918 conditione,
1419 876 1464 909 ut
1495 881 1588 907 con-

170 937 294 975 clusio
323 940 594 980 convertatur,
633 935 737 983 quod
777 935 880 973 idem
914 936 1123 975 habuimus
1160 935 1200 973 in
1228 934 1453 984 syllogismo
1480 932 1588 969 aflir-

169 1002 301 1038 mante
322 1009 378 1036 vs.
399 998 464 1036 29.
479 1018 530 1024 —-
548 994 599 1035 τὰ
626 995 665 1036 δ’
693 996 798 1035 ἄλλα
825 1010 870 1035 ea
897 997 1118 1049 significant
1144 1010 1243 1048 quae
1265 996 1444 1048 exposuit
1463 1007 1519 1033 vs.
1539 995 1590 1033 34

170 1066 212 1101 et
233 1063 295 1100 37.

117 1127 235 1165 68a3
262 1123 451 1163 Dedimus
479 1120 635 1173 ὁμοίως
661 1121 718 1170 ὡς
742 1122 826 1170 καί,
854 1124 903 1163 de
932 1137 1008 1175 quo
1029 1137 1063 1163 v·
1086 1137 1185 1175 quae
1204 1124 1371 1162 diximus
1391 1122 1437 1161 ad
1457 1124 1588 1162 6⁷³8.

118 1191 170 1228 68
183 1191 240 1227 α8
267 1180 360 1226 οἷον
387 1184 422 1224 εἰ
446 1185 494 1225 τὸ
519 1213 529 1224 .
554 1216 563 1226 .
586 1216 598 1228 .
638 1188 873 1239 Exemplum
911 1188 968 1225 rei
1006 1201 1142 1239 parum
1181 1188 1383 1225 convenit:
1424 1197 1591 1235 namque

171 1250 406 1291 Aristoteles
433 1251 567 1288 dicere
595 1250 762 1289 debebat
791 1244 882 1289 οἷον
910 1248 945 1289 εἰ
970 1249 1018 1290 τὸ
1045 1249 1249 1301 ἀγένητον
1275 1251 1501 1300 ἄφθαρτον
1520 1243 1592 1287 καὶ

171 1311 219 1354 τὸ
245 1312 475 1365 γενόμενον
502 1313 711 1363 φθαρτόν,
740 1312 901 1366 ἀνάγκη
929 1311 1014 1353 ἐπεὶ
1039 1317 1124 1353 πᾶν
1149 1312 1176 1366 ἢ
1204 1311 1409 1366 ἀγένητόν
1601 1315 1603 1319 “
1632 1316 1634 1319 ’

172 1376 423 1430 γενόμενον,
460 1375 487 1428 ἢ
516 1378 743 1428 ἄφθαρτον
769 1373 878 1417 εἶναι
903 1375 929 1429 ἢ
958 1377 1164 1429 φθαρτόν.
1220 1377 1310 1428 Ipse
1337 1389 1430 1415 vero
1448 1414 1473 1427 ,Ἴ
1618 1409 1664 1424 Ἥ

172 1442 279 1493 plum
305 1441 358 1478 ita
385 1441 590 1491 exposuit,
627 1446 671 1478 ut
696 1454 772 1479 non
801 1454 885 1480 eam
912 1442 1087 1491 regulam
1116 1442 1311 1493 explicare
1338 1439 1451 1479 volui
1569 1438 1599 1461 ‘³

171 1504 311 1543 deatur
352 1516 467 1553 quam
496 1505 612 1542 modo
649 1505 877 1554 proposuit,
917 1504 986 1542 sed
1015 1517 1101 1542 eam
1129 1517 1228 1555 quae
1256 1503 1432 1553 sequitur
1456 1513 1513 1539 vs.
1540 1500 1590 1536 11

171 1565 351 1605 terminis
379 1566 435 1603 sic
462 1566 682 1616 dispositis·
709 1565 757 1605 τὸ
776 1568 817 1605 A
843 1565 1061 1616 ἀγένητον,
1088 1566 1135 1606 τὸ
1158 1567 1193 1605 Β
1212 1564 1452 1617 γενόμενον,
1478 1562 1526 1602 τὸ
1546 1562 1588 1601 Γ

173 1630 412 1680 ἄφθαρτον.Ι
434 1625 481 1666 τὸ
495 1630 536 1665 Δ
553 1627 761 1676 φθαρτόν.
790 1626 1060 1676 Negligentiae
1074 1627 1189 1674 igitur
1213 1625 1438 1664 Aristotelis
1457 1625 1504 1661 ad
1529 1638 1592 1661 se-

173 1691 333 1743 quentia
349 1690 560 1741 pergentis,
576 1701 693 1738 quum
708 1688 980 1726 antecedentia
991 1688 1188 1738 explicare
1198 1687 1330 1735 vellet,
1343 1685 1591 1724 tribuendum

175 1756 271 1802 erit,
299 1752 404 1803 quod
431 1751 654 1802 exemplum
684 1750 841 1802 regulae
868 1763 1007 1800 parum
1034 1750 1353 1788 accommodavit.
1409 1748 1591 1799 Philopo-

174 1830 247 1858 nus
275 1817 411 1854 eadem
438 1814 594 1851 videtur
621 1813 805 1851 habuisse
833 1826 931 1863 quae
958 1825 1043 1859 nos,
1071 1813 1142 1850 sed
1172 1813 1270 1862 quae
1288 1812 1384 1849 dicit
1404 1813 1591 1850 nonsatis

175 1881 280 1920 clara
307 1881 419 1916 sunt:
455 1889 621 1925 namque
658 1888 757 1925 quae
792 1877 945 1914 adiecta
973 1880 1065 1914 sunt
1092 1888 1147 1915 vs.
1171 1877 1221 1912 10
1248 1873 1326 1914 δύο
1354 1871 1434 1924 γὰρ
1456 1901 1465 1911 .
1485 1900 1496 1911 .
1515 1903 1526 1914 .
1554 1879 1594 1913 et

177 1942 226 1982 ad
255 1954 301 1979 ea
337 1939 462 1978 refert
499 1951 599 1987 quae
635 1944 934 1988 praecesserunt
961 1938 1015 1988 (v.
1041 1938 1163 1977 schol.
1189 1938 1379 1988 194a20)
1408 1942 1449 1976 et
1474 1938 1523 1976 ad
1549 1950 1595 1976 ea

178 2017 276 2056 quae
300 2005 519 2052 sequuntur
544 2003 598 2047 (v.
621 2002 671 2039 ib.
692 2013 746 2038 vs.
768 2002 851 2050 32).
890 2001 1081 2040 Poterunt
1100 2006 1208 2039 certe
1229 2001 1394 2050 intelligi
1416 2004 1456 2038 et
1478 1999 1528 2037 de
1550 2012 1595 2038 ea

179 2067 315 2118 regula
354 2077 465 2114 quam
502 2064 620 2101 modo
657 2064 862 2102 habuimus
891 2069 931 2101 et
959 2063 1008 2101 de
1034 2064 1155 2102 altera
1182 2076 1281 2113 quae
1308 2063 1500 2112 sequitur.
1552 2061 1595 2100 Si

178 2132 302 2183 igitur
341 2128 444 2165 dicta
483 2130 571 2164 sunt
605 2126 654 2164 de
693 2127 814 2176 priori
840 2127 996 2176 regula,
1039 2127 1251 2177 syllogismi
1287 2139 1384 2175 quos
1410 2124 1533 2163 innuit
1556 2125 1598 2163 hi

184 2197 296 2233 sunt:
331 2187 457 2229 παντὶ
492 2187 665 2240 ὑπάρχει
691 2187 717 2240 ἢ
743 2187 791 2228 τὸ
818 2186 1024 2240 α’γένητον
1049 2187 1076 2240 ἢ
1102 2187 1149 2228 τὸ
1175 2187 1424 2239 γενόμενον,
1458 2183 1506 2227 τὸ
1532 2200 1598 2239 γε·

181 2255 365 2307 νόμενον
391 2251 599 2304 φθαρτόν,
625 2250 752 2292 παντὶ
779 2246 859 2292 οὖν
878 2251 905 2304 ἢ
927 2252 974 2293 τὸ
998 2252 1194 2304 φθαρτὸν
1215 2250 1242 2303 ἢ
1264 2249 1311 2291 τὸ
1329 2250 1534 2303 ἀγένητον
1549 2273 1596 2280 —-

183 2318 231 2360 τὸ
258 2315 462 2370 α’γένητον
489 2317 726 2367 ἄφθαρτον,
753 2313 876 2355 παντὶ
912 2317 995 2368 ἄρα
1020 2315 1194 2368 ὑπάρχει
1218 2313 1245 2366 ἢ
1271 2314 1319 2354 τὸ
1347 2313 1545 2366 φθαρτὸν
1570 2312 1596 2366 ἢ
1644 2314 1647 2317 ’

185 2382 233 2423 τὸ
250 2383 487 2433 ἄφθαρτον.
525 2379 567 2417 Si
586 2379 635 2417 de
662 2380 786 2418 altera
812 2381 1067 2431 accipiuntur,
1097 2380 1378 2417 demonstratio
1398 2379 1496 2417 haec
1517 2383 1600 2417 est:

185 2444 233 2487 τὸ
261 2442 459 2497 φθαρτὸν
484 2440 511 2494 ἢ
537 2441 765 2492 γενόμενον
790 2440 817 2494 ἢ
844 2441 1073 2495 ἀγένητον,
1101 2442 1136 2482 εἰ
1162 2436 1240 2482 οὖν
1267 2438 1525 2491 ἀντιστρέφει,
1550 2438 1599 2478 τὸ

187 2511 413 2561 ἄφθαρτον
448 2504 518 2547 καὶ
552 2503 599 2545 τὸ
626 2498 849 2557 ἀγένητον,
887 2506 934 2546 τὸ
973 2504 1170 2558 φθαρτὸν
1201 2504 1427 2557 γενόμενον
1463 2500 1598 2543 ἔσται·

189 2572 242 2613 οὐ
273 2571 355 2624 γὰρ
392 2572 629 2622 ἄφθαρτον.
675 2568 747 2609 καὶ
782 2569 907 2609 πάλιν
940 2570 987 2610 τὸ
1020 2569 1248 2622 γενόμενον
1279 2567 1305 2621 ἢ
1343 2566 1538 2619 φθαρτὸν
1573 2564 1600 2617 ἢ

191 2638 431 2688 ἄφθαρτον,
459 2633 494 2673 εἰ
522 2628 601 2673 οὖν
626 2634 854 2684 ἄφθαρτον
877 2631 925 2673 τὸ
953 2631 1170 2686 ἀγένητον,
1197 2631 1244 2672 τὸ
1268 2630 1495 2684 γενόμενον
1522 2628 1600 2670 οὐκ
1661 2634 1663 2661 f

190 2701 437 2752 ἄφθαρτον·
465 2695 662 2749 φθαρτὸν
688 2698 771 2748 ἄρα
797 2693 922 2737 ἔσται.
974 2698 1034 2738 De
1068 2711 1113 2738 re
1144 2698 1230 2749 ipsa
1256 2695 1307 2734 cf.
1338 2708 1436 2746 quae
1463 2694 1599 2734 dicun-
1663 2709 1664 2730 ι

193 2769 256 2803 tur
281 2764 332 2804 de
358 2762 454 2802 coel.
484 2763 499 2802 1
527 2775 561 2800 c.
589 2763 639 2801 12
664 2774 704 2813 p.
732 2762 809 2799 282
835 2774 894 2812 sq.
1658 2754 1659 2775 ¹
