1826 3112
295 220 374 260 208
800 223 1200 257 ΑΝΑΛΤΤΙΚΩΝ

294 317 372 376 τὰς
388 316 564 401 κλήσεις
580 321 665 363 τῶν
682 315 919 378 ὀνομάτων,
939 316 1035 366 οἷον
1046 318 1327 380 ανθρωποςἫ
1295 340 1325 383 η
1348 315 1520 382 ἀγαθόν
1537 338 1567 383 η
1548 318 1704 368 Ἆέναν-

191 410 224 441 p
234 396 280 432 49
293 386 376 441 τία,
407 383 492 431 οὐκ
512 382 805 442 οἷνθρωπουἈ
773 403 801 446 η
825 383 1000 446 άγαθοῦ
1037 405 1066 448 η
1045 384 1295 440 Ἃέναντίων,
1313 385 1390 443 τὰς
1412 388 1459 432 δε
1475 385 1706 469 προτάσεις

292 451 479 536 ληπτέον
496 447 604 495 κατὰ
630 448 705 506 τὰς
725 449 911 497 ἑκάστου
929 451 1129 508 πτώσεις·
1172 450 1201 514 ἢ
1226 450 1307 513 γὰρ
1337 450 1404 498 ὅτι
1429 452 1584 517 τούτῳ,
1613 449 1709 498 οἷον

251 558 256 562 .
292 516 344 565 τὸ
366 519 475 570 ισον,
506 513 537 578 ἢ
556 513 622 560 ὅτι
647 514 824 570 τούτου,
847 514 940 563 οἷον
960 516 1011 563 τὸ
1040 517 1283 571 διπλάσιον,
1315 516 1343 579 ἢ
1366 515 1432 564 ὅτι
1449 522 1594 573 τοῦτο,
1616 515 1709 563 οἷον

292 581 344 629 τὸ
374 584 538 628 τύπτον
564 578 597 642 ἢ
629 579 758 664 ὁρῶν,
787 580 818 645 ἢ
840 580 904 628 ὅτι
927 585 1070 640 οὐτος,
1102 581 1195 629 οἷον
1217 582 1242 629 ὁ
1265 582 1499 643 ανθρωπος
1520 587 1645 649 ζῷον,
1676 581 1709 646 ἢ

262 670 279 697 5
293 651 339 694 εἴ
347 661 452 704 πως
463 645 603 702 ἄλλως
621 649 765 694 πίπτει
782 647 974 709 τοῦνοιια
993 648 1101 695 κατὰ
1119 648 1198 712 τὴν
1218 649 1440 707 πρότασιν.

212 721 276 764 37
432 710 496 759 Τὰ
527 711 566 758 δ’
593 712 807 773 ὑπάρχειν
833 714 933 761 τόδε
967 719 1074 779 τῷδε
1101 718 1172 761 καὶ
1201 714 1250 761 τὸ
1282 714 1581 778 ἀληθεύεσθαι
1608 712 1708 760 τόδε

293 777 402 826 κατά
445 782 576 825 τοῦδε
615 785 895 840 τοσαυταχῶς
934 782 1119 863 ληπτέον
1156 780 1328 841 ὁσαχῶς
1376 783 1420 827 αἱ
1458 781 1710 862 κατηγορίαι

272 845 540 910 διῄρηνται,
578 847 651 891 καὶ
680 846 839 902 ταύτας
871 844 904 907 ἢ
929 852 991 906 πῇ
1018 845 1048 908 ἢ
1080 846 1246 902 ἁπλοῖς,
1278 848 1335 892 ἔτι
1365 845 1506 901 ἁπλᾶς
1538 843 1569 906 ἢ
1597 857 1711 903 συμ-

291 912 600 971 πεπλεγμένας·
636 910 796 970 ὁμοίως
831 914 877 957 δὲ
910 914 981 956 καὶ
1004 911 1053 956 τὸ
1076 910 1136 974 μὴ
1161 910 1382 971 ὑπάρχειν.
1437 910 1712 956 ἐπισκεπτέον

244 996 278 1024 10
293 979 339 1024 δὲ
359 981 497 1023 ταῦτα
516 979 587 1025 καὶ
609 978 847 1034 διοριστέον
868 978 1048 1035 βέλτιον.

212 1051 277 1095 38
431 1040 496 1086 T6
530 1039 568 1086 δ’
597 1041 1024 1105 ἐπαναδιπλούμενον
1056 1041 1100 1087 ἐν
1125 1046 1218 1097 ταῖς
1243 1037 1482 1099 προτάσεσι
1511 1038 1622 1100 πρὸς
1649 1055 1710 1104 τῳ

291 1106 450 1171 πρώτῳ
481 1104 598 1170 ἄκρῳ
632 1107 796 1161 θετέον,
826 1106 885 1153 οὐ
913 1106 1028 1166 πρὸς
1041 1125 1100 1171 τῳ
1119 1108 1248 1171 μέσῳ.
1271 1107 1378 1166 λέγω
1401 1105 1439 1151 δ’
1459 1103 1556 1152 οἷον
1582 1108 1619 1151 εἰ
1638 1086 1710 1166 γέ-

291 1190 410 1219 νοιτο
433 1171 770 1233 συλλογισμὸς
752 1171 818 1218 ότι
848 1177 926 1235 τῆς
935 1172 1238 1254 δικαιοσύνης
1266 1173 1378 1218 ἐστὶν
1407 1171 1616 1234 ἐπιστήιιη
1648 1168 1713 1217 ὅτι

293 1237 475 1299 ἀγαθόν,
505 1237 555 1284 τὸ
584 1237 649 1284 ὅτι
681 1237 894 1299 οἷγαθόνἸ
871 1259 900 1301 η
922 1259 951 1298 η
972 1238 1141 1301 ἀγαθόν
1162 1237 1275 1297 πρὸς
1294 1242 1354 1283 τῶ
1367 1237 1527 1305 πρώτῳ
1547 1237 1711 1283 θετέον.

244 1305 399 1351 ιεέστω
410 1303 509 1371 γὰρ
539 1303 590 1350 τὰ
623 1309 659 1350 Α
691 1304 900 1368 ἐπιστηιιη
933 1303 999 1351 ὅτι
1030 1304 1226 1365 άγαθόν,
1256 1284 1334 1363 ἐφ’
1350 1305 1384 1348 ὠ
1402 1305 1448 1348 δε
1469 1285 1508 1348 ss‘
1525 1302 1709 1363 άγαθόν,

292 1369 361 1431 ἐφ’
391 1389 426 1432 ῳ
453 1371 499 1416 δε
530 1374 575 1415 Γ
596 1370 869 1432 δικαιοσυνη.
912 1369 963 1415 τὸ
992 1369 1050 1432 δη
1070 1375 1106 1415 Α
1129 1369 1292 1432 αληθες
1311 1373 1396 1415 τοῦ
1416 1372 1452 1414 Β
1470 1372 1712 1431 κατηγορῆ-

293 1447 389 1482 σαι·
411 1440 496 1481 τοῦ
514 1454 596 1496 γαρ
623 1435 799 1496 ἀγαθοῦ
827 1437 939 1482 ἐστὶν
956 1434 1212 1498 ἐπιστήιιη”
1185 1454 1251 1481 οτι
1273 1434 1457 1495 άγαθόν.
1509 1433 1633 1480 ἄλλα
1640 1435 1713 1480 καὶ

291 1499 484 1548 τόΒτοῦ
500 1506 558 1547 Γ·
579 1500 699 1564 ἡγὰρ
719 1500 1013 1565 δικαιοσύνη
996 1500 1100 1560 ὅπερ
1125 1501 1309 1562 άγαθόν.
1335 1498 1451 1546 οὕτω
1462 1519 1540 1560 μεν
1553 1493 1638 1546 οὖν
1647 1501 1714 1561 γί-

291 1586 407 1614 νεται
438 1566 661 1625 ανάλυσις.
706 1569 743 1614 εἰ
762 1570 807 1614 δε
829 1566 942 1648 πρὸς
967 1573 1026 1614 τῶ
1049 1572 1085 1613 Β
1106 1568 1248 1629 τεθείη
1263 1565 1314 1612 τὸ
1334 1564 1400 1612 ὅτι
1421 1565 1603 1627 αγαθόν,
1626 1564 1712 1612 οὐκ

243 1634 433 1682 ωέσται
466 1633 518 1679 τὸ
553 1652 630 1692 μεν
660 1652 743 1694 γαρ
771 1638 807 1679 Α
832 1653 939 1679 κατα
976 1639 1058 1679 τοῦ
1087 1638 1124 1680 B
1154 1632 1316 1695 αληθες
1345 1633 1483 1686 ἔσται,
1514 1631 1565 1678 τὸ
1599 1633 1645 1677 δε
1678 1635 1713 1676 Β

291 1718 402 1753 κατα
433 1704 515 1745 τοῦ
550 1703 595 1745 Γ
619 1698 704 1745 οὐκ
734 1698 937 1761 αληθες”
915 1714 1051 1745 εσται·
1085 1697 1137 1745 τὸ
1160 1698 1242 1760 γὰρ
1265 1696 1486 1759 άγαθὸν“
1461 1716 1525 1744 οτι
1545 1695 1714 1759 αγαθὸν

291 1771 552 1847 κατηγορεῖν
554 1769 631 1828 τῆς
644 1765 929 1827 δικαιοσύνης
939 1769 975 1819 τί·
978 1769 1107 1821 εὖδος
1119 1767 1190 1810 καὶ
1207 1764 1266 1810 013
1279 1763 1471 1811 συνετόν.
1497 1761 1656 1823 ὁμοίως
1668 1764 1715 1809 δὲ

291 1833 366 1878 καὶ
387 1833 427 1878 εἰ
446 1830 497 1877 τὸ
523 1829 719 1912 ὑγιεινὸν
738 1830 971 1914 δειχθείη
951 1851 1018 1877 οτι
1043 1833 1155 1877 ἔστιν
1177 1828 1448 1892 ἐπιστητὸν
1423 1823 1453 1889 ἦ
1476 1828 1658 1890 άγαθόν,
1685 1826 1716 1892 ἢ

291 1891 617 1958 τραγέλαφος
587 1917 617 1957 ῃ
646 1896 706 1959 μὴ
741 1896 817 1953 ὄν,
848 1896 878 1959 ἢ
898 1897 924 1944 6
945 1896 1182 1957 ανθρώπος
1201 1895 1407 1957 φθαρτὸν
1428 1898 1457 1955 ᾐ
1476 1894 1714 1976 αἰσθητόν

243 1984 278 2012 25
294 1964 339 2010 ἐν
366 1962 502 2008 ἅπασι
533 1961 614 2023 γὰρ
646 1969 736 2019 τοῖς
768 1964 1227 2026 ἐπικατηγορουμένοις
1255 1961 1367 2019 πρὸς
1396 1980 1455 2026 τῳ
1484 1980 1603 2026 ακρῳ
1634 1958 1716 2023 τὴν

293 2030 638 2110 ἐπαναδίπλωσιν
666 2030 828 2075 θετέον.

303 2095 324 2147 ’,
431 2092 527 2154 Οὐχ
553 2092 582 2155 ἡ
607 2091 719 2156 αὕτη
746 2096 792 2140 δε
815 2094 940 2149 θέσις
965 2097 1049 2138 τῶν
1082 2090 1209 2150 ὅρων,
1240 2089 1345 2137 ὅταν
1374 2089 1523 2147 ἁπλῶς
1545 2108 1585 2136 τι
1605 2094 1715 2137 συλ-

292 2163 482 2220 λογισθῇ
515 2161 588 2205 καὶ
621 2158 726 2206 ὅταν
753 2159 853 2206 τόδε
886 2178 925 2205 τι
963 2156 992 2222 ἢ
1018 2162 1081 2217 πῇ
1110 2155 1142 2219 ἢ
1172 2161 1277 2213 πώς,
1302 2157 1410 2217 λέγω
1432 2155 1469 2202 δ’
1491 2154 1586 2203 οἷον
1599 2154 1716 2203 ὅταν

291 2224 488 2308 τάγαθὸν
521 2224 748 2288 ἐπιστητὸν
779 2229 935 2285 δειχθῇ
963 2226 1035 2270 καὶ
1067 2221 1172 2269 ὅταν
1191 2220 1463 2305 ἐπιστητὸν“
1437 2240 1502 2269 οτι
1522 2221 1714 2284 αγαθόν·

243 2288 386 2339 πάλλ’
424 2293 462 2338 εἰ
503 2311 580 2351 μεν
618 2290 764 2348 ἁπλῶς
798 2289 1028 2353 ἐπιστητὸν
1056 2291 1285 2345 δέδεικται,
1322 2290 1455 2348 μέσον
1485 2289 1636 2335 θετέον
1664 2287 1715 2335 τὸ

293 2357 378 2415 ὅν,-
389 2359 426 2404 ez
457 2356 495 2404 δ’
513 2356 578 2404 ὅτι
598 2357 794 2439 άγαῗθόν,
826 2356 878 2403 τὸ
899 2359 937 2402 τὶ
959 2355 1021 2403 3v.
1054 2356 1159 2402 εστω
1178 2354 1258 2417 ’γὰρ
1278 2354 1327 2401 τὸ
1348 2349 1424 2414 μὲν
1446 2359 1482 2400 Α
1500 2354 1714 2418 ἐπιστήμη

292 2421 359 2495 οτι
389 2425 429 2470 τὶ
457 2422 522 2480 ὅν,
553 2423 621 2485 ἐφ’
652 2444 686 2488 ῳ
719 2426 766 2470 δὲ
798 2427 837 2470 Β
867 2421 919 2470 ὅν
948 2442 1001 2481 τι,
1031 2419 1082 2468 τὸ
1113 2420 1151 2468 δ’
1181 2419 1247 2482 ἐφ’
1267 2415 1304 2486 ᾦ
1327 2419 1566 2483 Γάγαθόν.
1601 2419 1712 2484 αλη-

381 2538 420 2570 41
442 2537 574 2575 κλίσεις
588 2537 682 2571 ABu.
708 2554 754 2562 -
775 2534 897 2570 οἷον..
911 2505 1104 2569 ..ἐναντίων
1127 2545 1182 2567 om
1199 2545 1241 2567 m.
1266 2553 1308 2559 —
1333 2532 1512 2567 τάναντία
1529 2545 1563 2565 π.

381 2579 468 2614 49³3
485 2593 598 2624 prou
618 2592 724 2614 omn.
749 2599 794 2607 —
821 2576 939 2624 4ἢτό
960 2579 1107 2634 ὁρωνπ.
1134 2596 1177 2603 -·
1200 2576 1302 2621 8ἔτι]
1325 2575 1416 2621 ἔτιη
1433 2590 1466 2610 n.
1480 2595 1523 2602 —
1551 2572 1642 2610 126¹
1654 2572 1714 2610 ὅτι

293 2624 329 2659 εἰ
345 2626 465 2658 ABdu.
503 2645 543 2652 —
580 2623 735 2680 14ἢοπι
755 2626 852 2668 p-rC
885 2645 926 2651 —-
960 2627 1003 2658 20
1027 2622 1127 2658 ἔσται
1144 2634 1198 2655 om
1221 2623 1256 2656 C.
1287 2641 1331 2647 —-
1362 2624 1404 2655 93
1423 2621 1519 2656 ἔστιν
1536 2633 1641 2653 οπιπ.
1666 2638 1711 2646 —-

292 2669 336 2702 24
346 2664 384 2714 ᾗ]
401 2664 617 2715 δοξαστὸνῇ
634 2683 713 2703 corr
729 2670 795 2711 Bel,
819 2667 868 2714 μὴ
889 2682 933 2704 ον
949 2664 976 2715 ᾖ
999 2681 1033 2701 n.
1048 2687 1087 2693 -
1113 2664 1199 2702 dom
1219 2669 1270 2709 ns.
1282 2667 1381 2700 —28
1391 2666 1491 2701 καὶ..
1504 2666 1576 2711 .πῇ
1594 2677 1631 2697 rc
1649 2677 1710 2698 su-

292 2724 355 2792 gra
373 2725 410 2745 vs
428 2726 530 2792 π.Β-
551 2705 601 2749 29
612 2712 654 2751 τὸ
675 2697 821 2760 ἄγαθδν
848 2715 907 2749 Cn
930 2733 976 2739 —
1009 2711 1081 2756 ὅτι]
1105 2725 1140 2748 τι
1163 2710 1219 2746 ὅτι
1238 2712 1418 2754 ARcsum.
1442 2730 1486 2738 —
1509 2712 1553 2745 32
1575 2708 1610 2745 τὶ
1628 2716 1711 2754 post

316 2769 351 2791 τι
366 2769 444 2791 corr
