1820 3100
463 198 657 235 Scholia
681 198 724 234 in
745 198 926 246 Annlyt.
951 202 1122 245 ponor.
1472 201 1525 240 61

173 295 241 343 οὐχ
262 293 383 338 οὕτως
408 297 502 341 φασί
525 309 623 339 τινες
645 296 688 334 τὸ
716 299 801 341 ,,δεῖ
826 296 868 333 δὲ
890 296 1206 345 μεταλαμβάνειν”
1228 295 1279 339 ὥς
1294 296 1340 334 σὺ
1361 298 1526 343 (Prodr.)

81 353 195 398 λέγεις
221 351 419 389 συνάπτων
443 351 538 399 πρὸς
562 353 610 389 τὰ
632 352 711 390 ἅνω
740 353 791 396 οἷς
812 353 980 398 λυτικόν,
1011 351 1089 390 ἄλλ’
1117 350 1216 390 οὕτω
1235 353 1352 400 φασὶν
1373 353 1425 396 οἷς
1447 352 1524 391 άπὸ

81 408 191 455 ἄλλης
224 409 349 457 ἀρχῆς.
397 408 581 455 ἐνδέχεται
614 410 656 446 δὲ
687 407 755 446 τὸν
786 408 1060 452 ἀποδεικτικῶς
1083 409 1280 456 ὀφείλοντα
1317 413 1526 456 συλλογίζε-

80 468 173 502 σθαι
189 466 484 512 μεταλαμβάνειν
501 465 591 507 τούς
605 464 737 512 λόγους
754 465 840 512 ἤτοι
857 465 948 508 τοὺς
966 466 1142 514 ὁρισμούς
1155 469 1207 509 εἰς
1225 465 1267 503 τὸ
1296 468 1525 515 σαφέστερον

80 519 200 568 ὄνομα
215 521 402 571 (ᾄνόματα
421 524 539 568 cod.)‚
559 521 624 558 ἐάν
643 521 789 570 ὁρισμοὶ
807 518 898 559 οἶσιν
915 521 1074 568 ἆσαφεῖς
1093 525 1200 568 ἴσως,
1225 521 1290 560 ἐὰν
1310 523 1351 560 δὲ
1372 523 1422 560 τὰ
1439 521 1526 561 ὀνό-

78 591 179 624 ματα
195 576 337 625 αἷσαφῆ,
358 580 576 625 σαφέστεροι
593 578 633 615 δὲ
652 580 687 615 οἱ
708 579 865 628 ὁρισμοί,
889 581 948 616 δεῖ
971 577 1088 616 αὐτὸν
1104 582 1181 617 τῶν
1197 579 1390 627 ὀνομάτων
1405 594 1524 629 παρα-

78 633 282 681 λαμβάνειν
297 635 386 676 tofis·
400 634 586 681 ὁρισμούς.
632 637 753 683 Marg.

166 691 308 736 γένεσιν
332 691 507 736 ὀνομάζει
531 691 601 737 τὴν
626 692 724 729 κατά
750 691 886 740 χρόνον
912 693 988 728 τῶν
1015 693 1149 729 αἰτίων
1171 694 1279 738 τάξιν
1296 693 1346 735 αἱς
1362 693 1456 741 πρὸς
1477 693 1521 730 τὸ
1538 694 1616 730 941)

77 746 259 783 αἰτιατόν.
305 747 356 788 ω“ς
377 747 438 784 ἐπὶ
454 750 529 783 τοῖν
543 747 742 795 γινομένων
763 749 834 796 γὰρ
858 747 926 785 τὸν
947 747 1058 795 λόγον
1074 749 1300 795 ποιούμενος
1318 750 1383 787 διὰ
1409 752 1522 787 τοῦτο
1538 742 1582 775 23

76 804 140 840 καὶ
165 804 304 850 γένεσιν
325 803 396 850 τήν
421 804 604 850 τοιαύτην
629 805 736 849 τάξιν
759 804 963 851 ὠνόμασεν.
1019 806 1134 851 φησὶν
1159 803 1228 842 οὖν
1251 805 1310 843 ὅτι
1338 805 1527 843 οἷνάπαλιν

77 855 174 906 αὕτη
202 859 240 896 ἐν
266 864 346 901 τοῖς
367 864 524 903 τελικοῒς
547 859 752 909 εὑρίσκεται
779 862 845 898 καὶ
870 866 949 903 τοῖς
974 866 1185 907 ποιητικοῖς
1209 864 1353 909 ἔχουσα.
1400 865 1522 911 Mal-g.

77 916 138 952 ἐπὶ
167 915 239 963 γὰρ
264 918 340 952 τῶν
370 919 577 963 ποιητικῶν
602 918 766 966 προτέρα
793 919 868 954 τῶν
893 920 1023 954 αἰτιῶν
1046 917 1070 965 ἦ
1092 918 1232 964 γένεσις
1259 921 1405 967 καὶτῆς
1424 920 1524 966 γενέ-

77 984 170 1014 σεως
185 973 261 1008 τῶν
282 974 470 1018 αἰτιατῶν,
495 973 554 1009 ἐπὶ
577 974 618 1010 δὲ
635 975 711 1010 τῶν
732 976 884 1010 τελικῶν
900 975 1048 1022 ὑστέρα.
1093 977 1223 1024 ξτοιίτ.
1286 980 1297 987 “

168 1028 354 1073 ἐνδέχεται
379 1029 420 1065 δὲ
449 1028 510 1065 ἐπὶ
528 1031 604 1066 τῶν
624 1032 756 1067 αἰτίων
778 1028 819 1067 τὸ
843 1029 935 1067 αὐτὸ
956 1032 1020 1067 καὶ
1040 1030 1084 1067 ἓν
1102 1032 1276 1068 αἰτιατὸν
1287 1031 1353 1069 διὰ
1372 1031 1443 1069 δύο
1461 1032 1521 1068 αἰ-
1537 1033 1581 1067 94
1594 1033 1616 1067 b

75 1085 165 1121 τιῶν
189 1086 501 1132 συμπερανθῆναι
527 1086 706 1128 πολλάκις
727 1088 790 1123 καὶ
812 1086 878 1123 τὸν
902 1087 1022 1125 αύτὸν
1043 1089 1107 1124 καὶ
1124 1088 1191 1125 ἕνα
1210 1089 1324 1134 μέσον
1344 1087 1436 1136 ’ὅρον
1457 1090 1522 1127 καὶ
1537 1080 1582 1114 27

76 1139 184 1177 ἕνεκά
213 1155 315 1182 τινος
341 1140 450 1186 εἶναι,
477 1142 646 1178 τουτέστι
675 1142 822 1179 τελικὸν
844 1145 969 1180 αἴτιον
998 1145 1063 1180 καὶ
1091 1144 1132 1188 ἐξ
1161 1141 1325 1191 ἀνάγκης
1341 1143 1367 1191 ἢ
1390 1145 1521 1182 ύλικόν

76 1198 213 1234 αἴτιον.
259 1199 430 1232 Riccard.
478 1198 620 1233 Similia
643 1200 769 1234 Prodr.

165 1254 271 1290 καθά
296 1267 370 1290 που
393 1250 638 1300 Ἐμπεδοκλῆς
661 1256 776 1301 φησὶν
802 1256 869 1301 (cf.
890 1256 1036 1291 Aristot.
1059 1255 1238 1301 4371130)
1261 1259 1362 1304 ,,πύρ
1391 1256 1426 1293 δ’
1452 1256 1520 1301 ἔξω
1537 1258 1615 1293 9412

75 1311 315 1356 διαθρῶσκον
334 1311 575 1358 (δισθρέσκον
595 1313 717 1357 Ricc.)
732 1310 822 1348 ὅσον
839 1311 1078 1358 ταναώτερον
1097 1306 1164 1357 ηἐν
1182 1312 1388 1357 λάμπεσκεν
1406 1313 1520 1359 (λάμ-
1537 1305 1582 1338 3⁰

75 1379 186 1403 πεκεν
208 1369 330 1411 codd.)
347 1366 444 1403 κατὰ
470 1368 584 1418 βηλὸν
605 1368 786 1415 ἀτειρέσιν
803 1366 1032 1405 άκτίνεσσιν”
1049 1366 1266 1414 (άκήνεσσιν
1284 1370 1401 1414 Πίσα,
1417 1370 1522 1406 οἰκτι-

75 1422 216 1460 νέεσσιν
234 1425 392 1468 Prodr.)‚
408 1424 522 1472 βηλὸν
540 1424 608 1471 μὲν
623 1424 673 1467 αἶς
695 1423 757 1471 (ὃς
775 1427 874 1470 οοᾶ.)
892 1427 956 1461 καὶ
965 1424 1134 1472 ’Όμηρος
1151 1425 1438 1473 προσαγορεύων
1454 1426 1522 1463 τὸν

76 1478 255 1528 ούρανόν,
284 1477 521 1528 ταναιύτερον
544 1481 585 1518 δὲ
610 1481 651 1518 τὸ
677 1482 901 1529 λεπτότερον
931 1480 1143 1528 ὀνομάζων,
1169 1479 1269 1518 οὕτω
1298 1481 1366 1527 μὲν
1387 1478 1458 1519 ούν
1482 1482 1522 1520 ἐκ

74 1538 142 1582 τῆς
167 1535 295 1582 ύλικῆς
325 1538 448 1578 αἰτίας
470 1536 512 1574 τὸ
541 1538 607 1574 διά
628 1539 682 1582 τί,
715 1537 755 1575 ἐκ
778 1539 845 1576 τοῦ
862 1540 1078 1586 λαμπτῆρος
1096 1538 1139 1575 τὸ
1157 1540 1239 1584 φῶς
1262 1537 1521 1585 ἀποδώσομεν.

73 1594 176 1628 Ricc.
198 1597 234 1628 et
254 1593 363 1628 simil.
386 1595 512 1629 Prodr.

98 1687 100 1689 ,
163 1650 278 1696 τριῶν
301 1647 422 1686 ὄντων
454 1649 492 1695 ἐξ
515 1646 568 1687 οὖν
592 1649 640 1687 τά
669 1650 848 1697 γινόμενα
869 1651 1030 1697 γίνεται,
1066 1650 1214 1697 φύσεως
1240 1652 1412 1694 διανοίας
1447 1649 1521 1688 αύ-
1537 1661 1580 1696 95
1596 1674 1617 1695 a

73 1704 257 1752 τομάτου,
289 1708 334 1753 τῇ
360 1706 427 1751 μὲν
459 1707 570 1752 φύσει
596 1705 656 1743 άεὶ
684 1705 728 1744 τὸ
760 1706 904 1744 τελικὸν
932 1710 1251 1754 συναναφαίνεται
1274 1710 1419 1755 αἴτιον,
1454 1709 1520 1755 ,,ἐν
1537 1708 1559 1740 3

73 1761 115 1799 δὲ
132 1765 212 1803 τοῖς
235 1787 245 1798 .
259 1787 267 1795 .
279 1787 288 1796 .
300 1762 321 1778 ”
345 1763 516 1798 Riccard.

163 1819 284 1854 ταῦτα
302 1817 344 1854 δέ
365 1817 440 1854 ἐστι
462 1815 510 1853 τὰ
535 1815 611 1854 άπὸ
634 1818 903 1866 προαιρέσεως,
934 1819 1095 1865 μάλιστα
1119 1818 1161 1856 δὲ
1188 1819 1229 1856 ἐν
1251 1820 1411 1861 ἐκείναις
1437 1823 1520 1862 ταῖς
1536 1828 1613 1865 95³

72 1873 219 1920 τέχναις
232 1873 330 1909 ἔστιν
345 1875 439 1910 ἰδεῖν
456 1873 499 1910 τὸ
519 1872 628 1911 ἕνεκά
642 1888 710 1911 του
727 1875 933 1921 γινόμενον,
957 1873 1042 1915 ὅσαι
1064 1877 1276 1922 στοχασμοῦ
1292 1877 1519 1923 μετέχουσιν.
1537 1874 1558 1908 6

74 1930 148 1967 εἷεν
170 1932 203 1966 δ’
226 1927 274 1965 ἂν
299 1925 412 1966 αὗται
436 1930 583 1978 ἰατρική
607 1944 646 1967 τε
667 1932 730 1967 καὶ
755 1931 997 1979 κυβερνητικὴ
1023 1933 1088 1968 καὶ
1117 1934 1157 1969 εἴ
1171 1946 1226 1975 τις
1248 1931 1351 1979 ἄλλη.
1399 1934 1464 1970 καὶ
1481 1933 1521 1969 ἐν

73 1984 179 2028 ’ὅσαις
198 1985 350 2034 ἐγχωρεῖ
363 1987 542 2032 γενέσθαι
559 1988 625 2023 καὶ
641 1982 715 2024 οἶδε
732 1988 794 2023 καὶ
814 1986 932 2029 ἄλλως
948 1986 974 2033 ἢ
998 1988 1193 2034 ἐπιτυχίαν
1215 1990 1280 2025 καὶ
1300 1988 1522 2036 άποτυχίαν.

74 2045 110 2080 εἰ
118 2046 209 2090 (leg.
225 2042 367 2089 ἐὰν)μὴ
385 2042 460 2090 ἄρα
475 2041 550 2079 άπὸ
570 2044 683 2089 τύχης
698 2044 737 2080 ἐν
746 2045 904 2087 ταύταις
922 2044 948 2091 ἧ
962 2044 1102 2090 γένεσις
1119 2040 1157 2092 ᾔ,
1180 2047 1250 2081 τοῦ
1267 2041 1313 2082 ού
1330 2045 1438 2083 ἕνεκα
1453 2047 1518 2083 καὶ

71 2102 141 2136 τοῦ
153 2099 305 2146 ἀγαθοῦ
314 2099 488 2146 δηλονότι
497 2100 634 2141 τέλους.
656 2103 861 2147 τηνικαῦτα
870 2100 941 2149 γὰρ
950 2102 1095 2138 τελικὸν
1103 2104 1227 2138 αἴτιον
1236 2100 1281 2138 ού
1291 2102 1446 2148 λέγεται,
1471 2129 1480 2139 .
1492 2130 1501 2139 .
1513 2130 1523 2140 .

73 2154 150 2193 άπὸ
166 2155 279 2202 τύχης
301 2155 342 2192 δὲ
358 2155 469 2192 οὐδὲν
488 2156 632 2192 τελικὸν
648 2159 774 2194 αἴτιον
791 2159 947 2204 γίνεταν
982 2158 1025 2195 τὸ
1051 2159 1122 2207 γὰρ
1145 2154 1193 2196 οὔ
1211 2159 1320 2196 ἕνεκα
1341 2159 1450 2205 λόγος
1462 2186 1472 2203 ,
1496 2159 1521 2206 ἦ

72 2212 165 2259 τύχη
187 2212 228 2248 δὲ
245 2210 444 2258 άλογίστως
465 2213 530 2249 καὶ
546 2216 713 2258 ματαίως
725 2218 837 2251 ποιεῖ.
884 2215 938 2250 ld.

164 2266 285 2313 ,,ὧ’στε
303 2271 339 2305 εἰ
352 2268 392 2305 τὸ
410 2269 512 2310 τέλος
527 2267 720 2314 τάγαθὸν”
742 2270 827 2307 τινὰ
852 2272 929 2307 τῶν
953 2268 1195 2319 ἀντιγράφων
1218 2269 1338 2313 οὕτως
1367 2270 1440 2317 ἔχει
1457 2271 1520 2307 καὶ
1537 2277 1582 2311 95
1593 2288 1615 2311 a

73 2326 135 2362 δεῖ
155 2325 378 2362 διαστέλλειν
402 2327 455 2367 εἰς
485 2324 528 2361 τὸ
562 2326 728 2370 ἀγαθόν,
761 2327 847 2363 τινὰ
871 2325 990 2371 ,,ὧ’στε
1011 2327 1054 2363 τὸ
1078 2327 1182 2368 τέλος
1204 2327 1413 2373 τάγαθόν,”
1435 2327 1520 2363 τινὰ
1536 2323 1559 2357 7

72 2377 150 2428 „⁰39
179 2381 221 2418 δὲ
251 2381 294 2418 τὸ
327 2382 431 2424 τέλος
463 2382 669 2428 τάγαθόν.”
714 2384 786 2420 εἰσὶ
817 2383 858 2419 δὲ
887 2382 1013 2420 πάντα
1042 2385 1109 2429 τῆς
1132 2384 1287 2425 ἐννοίας.
1333 2384 1410 2420 ἔστι
1433 2384 1474 2420 δὲ
1497 2383 1521 2430 ἦ

74 2437 201 2474 ἔννοια
222 2437 397 2485 τοιαύτη,
429 2437 490 2475 ὅτι
513 2438 551 2475 ἐν
576 2438 631 2480 οἷς
654 2440 730 2475 τῶν
751 2440 957 2486 γενομένων
989 2438 1139 2485 άγαθὸν
1173 2440 1211 2484 ἐξ
1249 2438 1414 2485 ἀνάγκης
1445 2440 1523 2476 ἐστὶ

74 2493 117 2531 τὸ
147 2495 252 2536 τέλος
281 2491 306 2540 ἢ
336 2495 400 2530 καὶ
430 2495 483 2537 ὥς
514 2495 576 2532 ἐπὶ
606 2494 649 2532 τὸ
674 2496 784 2541 πολύ,
813 2495 921 2533 ἕνεκά
944 2510 1012 2533 του
1037 2494 1084 2532 τά
1109 2498 1203 2542 πρὸς
1228 2494 1321 2532 αύτὸ
1345 2495 1522 2541 γινόμενα

74 2551 232 2596 γίνεται,
275 2550 327 2592 ὥς
359 2551 429 2597 τὴν
459 2551 575 2598 τύχην
604 2552 669 2587 καὶ
697 2549 740 2588 τὸ
779 2549 994 2598 αὐτόματον
1029 2552 1068 2588 ἐν
1099 2552 1248 2593 τούτοις
1289 2549 1315 2598 ἦ
1350 2552 1523 2598 μηδόλως

75 2605 170 2653 ἔχειν
192 2607 318 2655 χώραν
340 2605 367 2653 ἢ
390 2607 450 2653 ἐφ’
472 2606 495 2644 ὅ
507 2623 543 2644 τι
566 2608 698 2657 βραχύ.
746 2610 868 2656 Mal-g.
971 2649 975 2655 ,

166 2662 227 2700 ἐπὶ
257 2664 297 2700 δὲ
325 2665 403 2700 τῶν
434 2665 566 2702 αἰτίων
587 2665 740 2702 ἐκείνων
761 2662 821 2711 ἐφ’
846 2659 899 2701 ὦν
921 2665 972 2711 μὴ
999 2662 1078 2709 ἅμα
1104 2662 1152 2700 τὰ
1175 2661 1327 2700 αἰτιατᾶ
1351 2667 1431 2706 τοῖς
1454 2666 1516 2701 αι’-
1536 2666 1580 2701 95
1595 2677 1616 2700 ει

77 2719 172 2761 τίοις
198 2719 406 2768 ὑπάρχουσι
437 2718 522 2768 μηδ’
557 2721 746 2768 ὁμόγονα,
778 2719 872 2759 ἀλλὰ
899 2718 1155 2768 προλαμβάνει
1188 2722 1258 2758 τοῦ
1293 2722 1469 2759 αἰτιατοῦ
1493 2721 1517 2769 ἡ
1535 2713 1581 2746 24
