1832 3112
630 198 888 249 Analyttcn‘
911 201 1084 246 prlora.
1536 198 1613 240 521

156 304 230 344 bus
256 302 460 344 concessis
472 300 574 354 xquid
590 302 719 355 possit
732 300 864 354 colligi
883 301 1094 354 diligenter
1112 299 1386 348 observamus,
1402 299 1500 339 satis
1521 311 1615 339 cau-

153 371 238 410 tum
267 367 382 407 nobis
411 367 503 415 erit,
530 379 583 406 ne
609 366 703 417 quid
731 369 898 418 cogatur
925 365 1040 404 nobis
1069 363 1212 404 invitis.
1251 363 1392 414 Qualis
1420 368 1554 403 autem
1575 364 1616 403 in

153 443 390 483 unaquaque
415 431 545 484 figura
571 429 643 469 fiat
677 429 879 469 conclusio
909 427 1059 478 (τοῦτο
1086 441 1143 467 vs.
1168 428 1240 480 31)
1267 440 1340 468 nos
1368 441 1446 467 non
1473 428 1615 479 fugiet,

154 508 277 548 quum
319 495 418 535 artis
457 494 607 546 logicae
634 494 755 546 periti
782 494 977 543 sciamus,
1019 494 1220 545 quomodo
1255 492 1532 533 sustinendum
1562 493 1616 532 sit

153 560 260 611 quod
286 559 400 599 nobis
429 559 597 610 placeat.

99 625 251 663 66235
285 624 348 664 Ne
372 621 643 676 perspiciatur
669 619 766 671 quid
795 619 985 672 colligere
1011 620 1179 661 velimus
1208 622 1299 674 ipsi,
1334 620 1507 673 primum
1535 620 1617 659 sin-

152 687 246 739 gula
273 691 319 726 ut
345 697 538 726 concessa
564 689 659 724 sunt
684 696 763 723 non
790 685 926 723 statim
956 685 1231 726 concludenda
1254 691 1360 735 sunt,
1389 685 1461 724 sed
1489 685 1618 724 latere

152 751 279 792 debet
306 750 402 803 quid
432 753 620 801 cogatur,
658 747 786 787 donec
824 749 958 788 omnia
994 750 1090 789 data
1129 750 1211 789 siut
1238 750 1382 800 quibus
1412 762 1513 801 opus
1543 749 1618 789 sit:

155 815 303 856 deinde
338 827 416 854 non
451 813 644 865 deinceps
682 813 921 865 interrogari
959 813 1109 853 debent
1145 826 1250 864 quae
1284 814 1390 854 inter
1417 827 1463 854 se
1489 814 1618 853 vicina

154 884 249 920 sunt
275 882 318 918 et
344 878 529 930 contigua
557 877 726 929 (quippe
754 888 805 915 ex
833 877 976 928 quibus
1004 889 1108 927 quae
1147 877 1218 916 fiat
1257 877 1462 918 conclusio
1490 878 1618 916 mani-

153 943 307 983 festum
336 943 423 990 sit),
467 942 540 981 sed
578 941 756 994 petenda
791 945 884 980 sunt
923 941 1116 993 deinceps
1154 954 1258 992 qnae
1290 955 1408 994 quam
1443 941 1618 981 maxime

153 1007 260 1047 inter
286 1019 332 1046 se
359 1006 520 1045 distant.
585 1005 704 1044 Hunc
737 1017 873 1044 verum
914 1018 1008 1044 esse
1043 1005 1164 1044 huius
1202 1005 1280 1045 loci
1308 1019 1470 1046 sensum
1499 1017 1618 1044 nemo

152 1071 230 1111 erit
264 1071 331 1121 qui
359 1074 502 1122 neget}
538 1081 606 1108 res
635 1069 740 1108 enim
767 1069 856 1120 ipsa
883 1069 1069 1120 loquitur.
1135 1069 1248 1109 Idem
1287 1077 1350 1110 est
1384 1070 1494 1122 quod
1522 1069 1620 1108 dicit

152 1136 193 1175 in
220 1134 324 1186 Top.
353 1135 526 1173 156a23
554 1131 764 1186 χρήσιμον
792 1130 838 1173 δὲ
865 1130 938 1173 καὶ
964 1133 1014 1174 τὸ
1042 1132 1100 1187 μὴ
1129 1135 1286 1188 συνεχῆ
1313 1132 1366 1175 τὰ
1400 1133 1617 1185 ἀξιώματα

151 1197 390 1252 λαμβάνειν
428 1193 472 1247 ἐξ
499 1186 562 1237 ὧν
590 1195 634 1237 οἱ
659 1197 951 1250 συλλογισμοί,
989 1195 1081 1238 ἀλλ’
1118 1194 1296 1248 ἐναλλὰξ
1321 1198 1371 1240 τὸ
1398 1198 1507 1252 πρὸς
1535 1196 1617 1238 ἕτε-

156 1276 236 1316 ρον
265 1259 571 1316 συμπέρασμα·
607 1259 847 1314 τιθεμένων
884 1260 967 1315 γὰρ
1003 1263 1092 1303 τῶν
1128 1261 1303 1307 οἰκείων,
1326 1263 1428 1316 παρ’
1456 1263 1617 1316 ἄλληλα

155 1329 321 1381 μᾶλλον
347 1326 397 1368 τὸ
426 1325 761 1379 συμβησόμενον
797 1325 840 1377 ἐξ
867 1327 1014 1368 αὐτῶν
1040 1326 1274 1381 προφανές.
1343 1329 1496 1368 Omnes
1525 1327 1616 1368 edd.

151 1406 213 1433 vs.
234 1396 286 1433 37
317 1397 577 1432 servaverunt
603 1391 816 1431 lectionem
853 1390 907 1433 τὰ
941 1391 1062 1444 μέσα,
1104 1406 1178 1434 nos
1217 1394 1445 1445 recepimus
1482 1393 1620 1444 α”μεσα

153 1469 207 1498 ex
244 1457 406 1510 optimis
445 1455 666 1495 codicibus.
744 1455 968 1498 Scribentis
1007 1458 1147 1497 vitium
1184 1458 1226 1497 in
1273 1457 1400 1497 altera
1444 1457 1620 1496 lectione

156 1522 293 1569 (valde
333 1521 464 1560 simile
501 1524 566 1558 est
600 1520 788 1558 mendum
826 1521 935 1572 quod
968 1522 1058 1561 b25
1092 1523 1134 1560 in
1170 1520 1258 1560 cod.
1291 1520 1335 1559 B
1368 1521 1543 1560 occurrit
1579 1527 1622 1561 et

153 1586 268 1637 'quod
296 1590 359 1626 est
388 1586 513 1623 34a9
540 1583 582 1623 in
610 1583 727 1622 codd.
754 1583 862 1628 Bd.)
899 1585 1050 1624 omisso
1076 1589 1246 1624 accentu
1284 1590 1326 1623 et
1352 1584 1495 1637 spiritu
1524 1585 1620 1624 satis

156 1649 249 1689 leve
287 1652 394 1697 erat,
442 1646 607 1697 scripsit
647 1646 752 1685 enim
790 1647 1134 1699 μαλισταταμεσα
1170 1661 1246 1701 pro
1285 1649 1621 1700 μαλιστααμεσα,

155 1714 198 1753 in
225 1724 346 1752 sensu
374 1722 560 1762 magnum
589 1709 804 1749 discrimen
833 1715 910 1752 est.
948 1711 1182 1751 Lectionem
1211 1713 1414 1763 vulgarem
1443 1712 1516 1751 lul.
1545 1713 1620 1751 Pa-

156 1777 242 1817 cius
282 1775 400 1815 vertit
438 1773 684 1821 „Praeterea
720 1773 756 1812 si
794 1775 882 1826 quis
910 1787 989 1815 non
1016 1776 1200 1827 proxima
1226 1781 1360 1829 roget,
1399 1776 1474 1815 sed
1500 1788 1618 1827 quam

155 1839 330 1894 plurima
355 1837 531 1887 media”,
571 1836 677 1887 quod
706 1838 880 1890 explicat
907 1839 970 1878 his
999 1839 1153 1878 verbis:
1194 1852 1342 1891 „quam
1371 1839 1518 1878 multas
1546 1853 1620 1892 po-

155 1904 254 1945 terit
290 1902 586 1955 propositiones
622 1901 836 1942 interiiciat
873 1903 1213 1955 propositionibus
1248 1908 1388 1942 natura
1425 1904 1619 1955 proximis

154 1972 276 2020 atque
303 1967 358 2006 ita
386 1979 455 2006 eas
484 1963 686 2016 separet''.
742 1965 833 2005 Hoc
861 1968 896 2006 si
919 1967 997 2006 sibi
1017 1967 1213 2007 voluisset
1224 1967 1478 2017 Aristoteles,
1506 1963 1620 2007 ce'rte

155 2032 371 2073 dicendum
401 2034 490 2070 erat
515 2026 607 2069 ἀλλ’
635 2026 703 2068 ὅτι
727 2030 903 2071 πλεῖστα
928 2028 1058 2084 μέσαι
1098 2044 1228 2082 neque
1263 2031 1368 2070 enim
1396 2031 1495 2070 ferri
1522 2043 1617 2084 pos-

157 2100 222 2137 set
250 2094 439 2135 articulus
469 2099 563 2134 ante
590 2091 712 2145 μέσα,
739 2108 870 2148 neque
898 2109 974 2136 vox
1001 2094 1196 2148 μάλιστα,
1225 2108 1346 2146 quum
1374 2107 1452 2135 non
1477 2095 1617 2145 iunga-

155 2164 224 2201 tur
251 2159 431 2212 μάλιστα
457 2154 598 2211 ἐρωτᾷ
632 2159 892 2211 (plerumque
926 2161 1184 2213 interroget),
1224 2158 1296 2198 sed
1335 2153 1400 2198 ὅτι
1435 2156 1616 2210 μάλιστα

155 2223 277 2278 μέσα,
306 2223 438 2263 media
465 2222 568 2274 quae
596 2222 677 2261 sint
704 2235 820 2273 quam
847 2226 1019 2264 maxime
1047 2224 1246 2272 continua,
1265 2222 1348 2269 (cf.
1376 2224 1483 2263 enim
1512 2236 1616 2274 quae

159 2290 260 2329 dicit
285 2289 436 2327 408b5
474 2285 512 2327 εἰ
547 2284 631 2339 γὰρ
667 2284 741 2326 καὶ
768 2281 834 2327 ὅτι
859 2289 1040 2341 μάλιστα
1067 2287 1115 2329 τὸ
1141 2290 1372 2329 λυπεῖσθαι
1398 2285 1426 2339 ἢ
1454 2286 1619 2340 χαίρειν

157 2352 185 2408 ἢ
225 2352 494 2394 διανοεῖσθαι
531 2350 719 2404 κινήσεις
758 2350 855 2400 εἰσί)
897 2355 1002 2406 quod
1031 2354 1259 2393 Aristotelis
1298 2353 1522 2392 sententiae
1559 2353 1617 2391 ita

156 2420 403 2464 adversatur,
432 2421 477 2455 ut
504 2416 705 2456 conciliari
732 2429 822 2456 cum
850 2431 897 2457 ea
926 2418 1086 2457 omnino
1115 2420 1308 2469 nequeat;
1337 2416 1483 2455 deinde
1508 2412 1616 2469 μέσα

156 2485 207 2524 ab
243 2482 463 2523 Aristotele
501 2486 694 2520 vocantur
730 2483 787 2530 (v.
817 2494 875 2522 vs.
909 2484 981 2529 38)
1017 2494 1086 2531 ea,
1133 2494 1302 2533 quorum
1341 2486 1454 2521 certa
1489 2481 1616 2521 series

155 2548 349 2587 maiorem
386 2546 603 2585 terminum
641 2558 731 2584 cum
771 2547 926 2586 minore
962 2547 1179 2596 connectit,
1217 2559 1295 2586 non
1324 2558 1372 2585 ea
1400 2558 1504 2597 quae
1530 2549 1616 2584 tur-

155 2612 252 2652 bata
277 2611 353 2650 hac
380 2611 484 2649 serie
511 2608 687 2648 medium
716 2609 862 2659 locum,
903 2624 1022 2662 quem
1060 2623 1258 2663 occupare
1298 2622 1378 2650 non
1405 2611 1616 2659 deberent,

155 2679 308 2722 tenent,
336 2687 388 2714 ne
416 2673 634 2726 perspiciat
660 2673 911 2714 adversarius
940 2688 1019 2726 quo
1048 2675 1188 2714 ordine
1215 2667 1319 2714 sumi
1348 2673 1534 2722 debeant,
1572 2676 1616 2711 ut

151 2739 237 2779 ‘fiat
263 2738 518 2792 syllogismus
546 2750 663 2789 quem
692 2738 888 2781 volumus.
952 2739 1232 2792 Expediuntur
1265 2739 1368 2778 haec
1396 2738 1526 2778 omnia
1551 2750 1617 2776 re-

159 2806 275 2855 cepta
313 2802 487 2844 lectione
521 2802 668 2853 ἄμεσα.
750 2802 867 2854 „Non
906 2805 1128 2856 interroget
1166 2815 1267 2856 quae
1306 2802 1411 2844 inter
1455 2814 1500 2843 se
1538 2801 1616 2841 sint
