1826 3112
316 229 397 268 22⁰
833 233 1239 267 ANAA‘I'TIKSAEN

319 326 471 375 ουδενὶ
496 329 632 393 ζῷον,
662 326 770 375 οὐδὲ
787 325 918 385 λίθος
939 326 1086 375 οὐδενὶ
1105 327 1340 414 ἀνθρώπω.
1375 327 1450 375 ἐὰν
1467 321 1555 375 οὖν
1577 331 1738 392 ληφθῇ

316 392 370 440 τό
401 398 438 440 Α
468 396 592 440 παντὶ
626 399 687 458 τῷ
715 398 752 439 Β
782 396 854 440 καὶ
883 392 934 441 τὸ
970 398 1007 441 Β
1032 396 1158 440 παντὶ
1183 399 1243 459 τῷ
1265 399 1317 450 Γ,
1336 392 1385 440 τὸ
1407 398 1445 440 A
1462 396 1588 441 παντὶ
1610 399 1670 460 τῷ
1699 399 1745 442 Γ

317 458 520 518 ὑπάρξει,
566 441 667 539 ὥστ’
712 459 759 515 ἐξ
798 460 962 521 αμφοῖν
1001 464 1180 515 ’ψευδῶν
1213 441 1384 523 ἄληθες
1425 459 1476 506 vd
1513 463 1738 520 συμπέρα-

269 539 304 568 86
320 537 428 585 σμα·
463 530 548 581 πᾶς
573 525 655 586 γὰρ
686 524 921 584 ἄνθρωπος
953 529 1077 608 ζῷον.
1112 525 1319 609 ωσαύτως
1350 527 1395 572 δὲ
1421 528 1494 572 καὶ
1515 525 1565 572 τὰ
1584 541 1738 588 στερη-

318 591 454 639 τικόν.
492 592 581 637 ἔστι
610 591 693 653 γὰρ
722 596 785 656 τῷ
814 597 859 638 Γ
884 611 987 655 μητε
1019 612 1071 638 το
1103 598 1140 639 Α
1159 591 1372 672 ὑπάρχειν
1394 594 1543 654 μηδενὶ
1563 592 1668 655 μήτε
1688 590 1739 638 τό

318 655 449 714 Β,τό
476 658 621 716 μέντοι
652 663 688 704 Α
720 662 780 723 τῷ
798 663 835 704 Β
860 660 998 712 παντί,
1029 656 1124 705 οἷον
1150 657 1224 705 ἐὰν
1241 663 1329 704 τοῖν
1358 657 1508 704 αὑτῶν
1526 657 1640 717 ὅρων
1658 662 1739 720 λη·-

319 723 524 804 (ξθέντων
540 725 676 783 μέσον
687 728 797 784 τεθῇ
816 723 843 770 ὁ
865 724 1121 784 ἄνθρωπος·
1146 726 1260 789 λίθῳ
1280 722 1363 785 γὰρ
1383 723 1483 771 οὔτε
1506 728 1618 805 ζῷον
1634 722 1738 770 οὔτε

319 786 555 872 ανθρωπος
573 789 720 837 ου’δενὶ
734 789 929 851 ὑπάρχει,
943 789 1167 872 av169952192
1190 793 1236 836 ὁὶ
1254 792 1377 836 παντὶ
1394 794 1516 871 ζῷον.
1543 788 1645 835 ὥστ’
1663 788 1739 836 ἐὰν

269 848 356 920 ιοῷ
387 874 465 915 μεν
489 854 697 916 ὑπάρχει,
728 856 839 916 λάβη
867 858 1018 918 μηδενὶ
1047 854 1281 915 ὑπάρχειν,
1308 849 1343 919 ᾦ
1375 858 1420 900 δὲ
1449 853 1508 916 μὴ
1540 854 1739 914 ὑπάρχει,

317 923 445 967 παντὶ
471 920 702 1005 ὑπαρχειν,
734 923 780 968 ἐκ
809 926 987 976 ψευδῶν
1016 920 1181 980 ιῖιιφοῖν
1212 920 1375 982 ἄληθες
1401 921 1517 966 ἔσται.
1544 918 1595 965 τὸ
1625 931 1741 979 συμ-

213 1005 248 1037 p.
259 987 530 1045 54πέρασμα.
594 987 759 1046 ὁμοίως
793 990 840 1032 δὲ
880 987 1155 1045 δειχθήσεται
1190 989 1260 1029 καὶ
1291 983 1364 1030 ἐὰν
1396 985 1466 1030 ἐπί
1497 1003 1538 1030 τι
1564 984 1739 1047 ψευδης

318 1052 495 1109 ἑκατέρα
524 1056 694 1112 ληφθῇ.
731 1049 806 1096 ἐὰν
833 1050 872 1096 6’
899 1049 928 1113 ἡ
953 1050 1072 1108 ἑτέρα
1092 1053 1202 1108 τεθῇ
1219 1049 1401 1111 ψευδής,
1427 1054 1508 1112 τῆς
1523 1051 1602 1110 μὲν
1619 1050 1739 1109 πρώ-

317 1134 396 1179 της
415 1114 521 1178 ὅλης
537 1119 739 1172 ψευδοῦς
754 1114 908 1178 οὔσης,
932 1113 1026 1162 οἷον
1043 1119 1121 1178 τῆς
1135 1119 1232 1170 ΑΒ,
1261 1114 1346 1161 οὐκ
1364 1117 1477 1161 ἔσται
1498 1115 1550 1162 τὸ
1571 1117 1739 1175 συμπέ-

318 1194 464 1242 ρασμα
494 1181 671 1244 ἀληθές,
698 1186 776 1244 τῆς
795 1184 841 1228 δὲ
869 1186 952 1227 ΒΓ
977 1183 1105 1228 ἔσται.
1161 1182 1270 1242 λέγω
1300 1180 1339 1227 6'
1361 1179 1470 1243 ὅλην
1490 1186 1636 1244 ψευδῆ
1657 1180 1740 1244 τὴν

285 1263 304 1292 5
321 1249 531 1299 ἐναντίαν
562 1245 657 1294 οἶον
691 1250 729 1294 εἰ
746 1249 895 1309 μηδενὶ
922 1246 1123 1307 ὑπάρχον
1143 1249 1269 1293 παντὶ
1292 1245 1526 1310 εἴληπται
1505 1247 1536 1310 η“
1558 1250 1595 1294 εἰ
1613 1249 1740 1294 παντὶ

321 1316 473 1377 μηδενὶ
503 1312 725 1373 ὑπάρχειν.
757 1315 863 1360 ἔστω
895 1333 976 1373 γαρ
1005 1312 1055 1359 τὰ
1085 1319 1118 1359 A
1135 1318 1195 1378 τῷ
1219 1318 1255 1359 Β
1275 1316 1424 1374 μηδενὶ
1444 1312 1663 1373 ὑπάρχον,
1689 1311 1740 1360 τὸ

321 1381 370 1427 δὲ
412 1384 450 1426 Β
487 1384 550 1444 τῷ
593 1384 638 1425 Γ
671 1381 809 1425 παντί.
867 1376 920 1425 ἂν
951 1378 1008 1441 δη
1041 1377 1123 1440 τὴν
1155 1397 1232 1438 μεν
1268 1383 1353 1424 ΒΓ
1387 1380 1597 1437 πρότασιν
1622 1378 1741 1439 λαβω

323 1444 488 1508 αληθῆ,
515 1443 598 1508 τήν
629 1447 676 1491 δε
709 1444 760 1491 τὸ
787 1449 863 1490 ΑΒ
887 1449 1032 1507 ψευόῆ
1055 1443 1183 1507 ὅλην,
1212 1446 1283 1490 καὶ
1307 1447 1432 1490 παντὶ
1451 1443 1661 1505 ὑπαρχειν
1679 1449 1742 1527 τῷ

325 1516 361 1559 Β
375 1511 427 1558 τὸ
448 1517 498 1567 Α,
521 1510 609 1558 οἷόὕ
600 1530 741 1558 νατον
761 1510 814 1557 τὸ
836 1524 881 1556 σι
887 1512 1125 1593 μπέρασμα
1145 1509 1309 1572 αληθες
1327 1508 1388 1557 εἶν
1390 1529 1455 1556 αι·
1491 1510 1635 1557 οὐὸενὶ
1658 1492 1741 1572 γὰρ

274 1595 308 1623 1⁰
324 1576 489 1641 ὑπῆρχε
520 1582 605 1624 τῶν
637 1582 689 1632 Γ,
724 1579 839 1634 εἴπερ
869 1571 905 1642 ᾦ
934 1575 986 1622 16
1020 1581 1069 1631 Β,
1101 1579 1253 1639 μηδενὶ
1281 1575 1332 1622 τὸ
1350 1582 1399 1628 Α,
1423 1576 1472 1623 τὸ
1491 1579 1536 1623 ὁε
1557 1581 1594 1623 Β
1615 1578 1741 1623 παντὶ

319 1648 381 1709 τῷ
413 1648 465 1690 Γ.
499 1642 662 1703 ὁμοίως
689 1642 727 1702 6'
756 1662 813 1688 ov
803 1641 854 1688 '6'
882 1645 919 1689 εἰ
944 1641 995 1688 τὸ
1028 1648 1064 1689 Α
1097 1647 1157 1724 τῷ
1191 1647 1224 1688 Β
1251 1645 1374 1688 παντι
1394 1641 1579 1703 ὑπαρχει
1599 1645 1671 1688 καὶ
1689 1641 1739 1689 τὸ

320 1714 361 1757 Β
381 1714 445 1792 τῷ
465 1714 509 1755 Γ
521 1711 672 1762 παντι,
701 1709 880 1771 ἐλήφθη
902 1707 939 1755 6’
962 1707 991 1770 ἡ
1009 1710 1085 1767 μὲν
1105 1707 1155 1754 τὸ
1175 1713 1260 1755 ΒΓ
1280 1707 1453 1771 αληθὴς
1472 1709 1693 1767 προτασις,
1711 1707 1740 1772 ἡ

321 1778 369 1823 δε
395 1774 448 1822 τὸ
478 1780 554 1822 ΑΒ
579 1774 748 1836 ψευδὴς
778 1773 882 1836 όλη,
920 1777 993 1820 καὶ
1022 1777 1206 1840 μηδενὶ
1190 1769 1225 1821 οἷ
1252 1773 1303 1820 τὸ
1324 1779 1382 1829 Β,
1414 1773 1466 1821 τὸ
1484 1779 1534 1829 A,
1554 1794 1606 1821 το
1627 1788 1741 1834 συμ-

321 1842 521 1910 πέρασμα
556 1845 725 1898 ’ψεῦδος
761 1842 897 1887 ἔσται·
940 1843 1065 1887 παντὶ
1100 1840 1200 1902 γὰρ
1197 1825 1400 1900 ὑπάρξει
1441 1845 1504 1905 τῷ
1545 1845 1590 1887 Γ
1608 1839 1659 1886 τὸ
1689 1845 1741 1898 A,

273 1925 307 1953 ιε
322 1910 439 1965 εἴπερ
471 1910 506 1973 93
537 1907 591 1954 τὸ
622 1911 673 1962 Β,
702 1909 826 1953 παντὶ
853 1905 903 1952 τὸ
922 1906 1053 1961 Α,τό
1081 1909 1128 1954 δὲ
1158 1911 1196 1953 Β
1225 1910 1352 1953 παντὶ
1379 1911 1439 1971 τῷ
1466 1887 1516 1952 Γ.
1551 1905 1742 1967 φανερὸν

322 1967 406 2021 οὖν
423 1971 489 2020 ὅτι
506 1978 585 2035 τῆς
605 1973 777 2035 πρώτης
796 1971 901 2034 ὅλης
918 1975 1188 2031 λαμβανομέν
1192 1992 1242 2034 ης
1265 1978 1353 2026 ψευ
1355 1976 1477 2028 δους,
1495 1972 1567 2018 ἐαν
1589 1991 1632 2019 τε
1660 1991 1741 2018 κα-

321 2058 562 2101 ταφατικης
587 2039 715 2085 ἐάντε
728 2053 990 2100 στερητικης
1004 2043 1084 2101 τῆς
1103 2039 1142 2084 6’
1162 2040 1305 2097 ἑτέρας
1322 2037 1537 2100 αληθοῦς,
1550 2057 1607 2084 ου
1627 2040 1695 2099 γίν
1697 2057 1740 2084 ε·-

320 2124 391 2152 ται.
433 2105 596 2168 αληθὲς
633 2103 683 2150 τὸ
720 2106 1024 2164 συμπέρασμα.
1088 2103 1148 2167 μὴ
1186 2103 1294 2166 ὅλης
1334 2106 1379 2150 δὲ
1417 2106 1742 2166 λαμβανομένης

322 2174 522 2228 ψευδοῦς
552 2172 679 2218 ἔσται.
716 2173 755 2217 εἰ
785 2169 867 2231 γὰρ
900 2170 950 2216 τὸ
983 2176 1019 2217 Α
1054 2175 1114 2236 τῷ
1148 2172 1224 2230 μὲν
1256 2174 1300 2216 Γ
1322 2173 1447 2216 παντὶ
1478 2169 1661 2230 ὑπάρχει
1681 2175 1742 2236 τῷ

272 2256 308 2284 2⁰
323 2240 370 2285 δὲ
401 2242 438 2284 Β
464 2238 559 2292 τινί,
589 2236 641 2283 τὸ
673 2239 720 2283 δὲ
754 2241 788 2283 Β
808 2238 934 2282 παντὶ
952 2242 1012 2301 τῷ
1034 2241 1086 2292 Γ,
1107 2242 1200 2282 οἱον
1218 2240 1333 2301 ζῷον
1352 2235 1502 2301 κύκνῳ
1521 2256 1598 2295 μεν
1614 2238 1741 2283 παντὶ

321 2309 470 2369 λευκῷ
502 2306 548 2350 δὲ
575 2305 680 2358 τινί,
709 2302 760 2349 τὸ
780 2305 826 2348 ὁε
847 2302 1005 2349 λευκὸν
1029 2305 1153 2349 παντὶ
1178 2303 1338 2367 κύκνῳ,
1364 2301 1437 2349 ἐὰν
1458 2307 1615 2364 ληφθῇ
1632 2301 1683 2347 τὸ
1703 2306 1741 2348 Α

321 2372 450 2418 παντὶ
479 2374 540 2435 τῷ
569 2374 607 2416 Β
635 2371 708 2416 καὶ
726 2368 776 2416 τὸ
794 2373 831 2416 Β
848 2371 975 2416 παντὶ
994 2373 1058 2435 τῷ
1077 2373 1130 2427 Γ,
1147 2368 1196 2416 τὸ
1214 2374 1251 2416 Α
1266 2370 1393 2415 παντὶ
1416 2373 1479 2434 τῷ
1500 2373 1546 2414 1
1559 2366 1741 2429 ὑπάρξει

412 2546 491 2582 36”
474 2558 563 2581 εστω
586 2547 624 2580 C.
648 2565 692 2571 —
716 2546 759 2580 39
780 2542 872 2581 ὥστε
889 2559 935 2580 αν
951 2558 994 2581 u.
1010 2566 1053 2572 —
1078 2544 1143 2580 ἐὰν
1160 2557 1225 2588 μεν
1246 2539 1276 2591 ᾦ
1295 2545 1332 2579 C.
1360 2563 1405 2570 —
1434 2545 1479 2577 40
1497 2543 1606 2589 λαβῃ]
1629 2543 1741 2578 παντὶ

266 2612 269 2614 >
323 2591 416 2638 λάβῃ
439 2594 521 2634 Cnu,
543 2589 655 2624 παντὶ
671 2590 837 2634 λάβωμεν
852 2603 896 2624 m.
919 2610 956 2616 -
967 2589 1031 2645 μὴ
1048 2589 1195 2635 ὑπάρχῃ
1214 2602 1254 2632 pr
1272 2591 1311 2623 A.
1330 2607 1372 2616 —-
1399 2590 1438 2622 41
1461 2587 1514 2632 ἐκ]
1537 2589 1629 2632 τεθῇ
1648 2587 1686 2621 ἐκ
1704 2601 1738 2621 π.

413 2635 501 2671 54υὸ
512 2618 642 2670 οἷον*
617 2648 639 2673 η
659 2647 692 2668 τι.
717 2654 761 2661 -
785 2636 883 2668 6et8
899 2634 1066 2678 ὑπάρχον
1086 2648 1119 2669 n.
1147 2655 1182 2661 —
1211 2632 1363 2669 Ίέιὶνπ.
1380 2653 1418 2660 -
1443 2634 1467 2667 8
1484 2633 1525 2668 τὸ
1548 2646 1601 2667 om
1625 2634 1740 2665 Remu

326 2688 361 2714 et
375 2684 459 2725 prs.
484 2700 529 2707 —
565 2682 604 2714 12
622 2679 732 2714 παντὶ
752 2692 804 2712 om
825 2683 921 2714 Anm.
946 2699 992 2707 -
1023 2682 1151 2725 ληφθῇ
1171 2681 1246 2718 Ru,
1269 2680 1429 2735 ληφθείη
1446 2689 1488 2710 m.
1512 2697 1554 2704 —-
1585 2675 1624 2710 τὸ
1640 2689 1700 2710 om
1717 2689 1740 2709 ιι

323 2733 361 2758 et
381 2729 462 2768 prs.
487 2745 530 2752 —
561 2721 696 2768 ἄληθες
713 2737 759 2779 pr
772 2726 811 2759 Β.
836 2742 875 2750 -
915 2727 953 2758 13
971 2724 1011 2759 τὸ
1032 2738 1085 2758 om
1105 2737 1193 2758 ιιπιιι.
1218 2741 1264 2750 -
1294 2720 1346 2757 ὧν
1365 2725 1438 2756 ΑΒ.
1464 2740 1504 2748 -
1537 2734 1594 2754 sec
1609 2720 1667 2766 τὰ]
1689 2721 1739 2767 τῷ

325 2781 406 2804 corr
429 2772 469 2804 Β.
493 2788 539 2796 -
561 2772 604 2804 21
627 2767 703 2813 ἐὰν]
723 2767 788 2805 ἐὰν
809 2763 877 2805 οὖν
892 2772 944 2813 ns.
968 2789 1010 2796 -
1033 2772 1079 2804 22
1098 2782 1120 2814 γ
1136 2767 1254 2805 καὶτὸ
1274 2769 1310 2803 G.
1323 2786 1366 2794 —
1389 2767 1432 2803 τὸ
1452 2780 1496 2802 α.
1509 2778 1642 2811 .γοιιι
1660 2755 1725 2809 As.
