1780 3100
219 215 299 254 41⁰
746 219 997 264 Annlytica
1028 219 1190 263 priora.

273 325 372 365 quae
411 317 719 364 consequantur,
758 315 791 352 si
827 327 961 353 revera
997 316 1085 355 fieri
1112 329 1300 368 ponamus
1329 317 1432 369 quod
1461 319 1548 358 fieri
1577 329 1694 370 posse

268 388 538 416 sumserimus.

218 441 300 478 34⁸
317 442 364 477 13
389 438 436 478 τὸ
463 434 647 478 δυνατὸν
674 439 801 477 locum
829 440 949 478 habet
975 453 1050 479 non
1078 442 1203 480 solum
1230 441 1269 481 in
1297 442 1347 480 iis
1375 455 1474 493 quae
1498 455 1693 493 generan-

268 507 346 550 tur,
384 504 455 540 sed
493 503 612 540 etiam
639 503 676 539 in
704 503 750 539 iis
780 516 878 552 quae
907 504 1126 542 subsistunt
1153 509 1194 543 et
1220 517 1333 554 quae,
1375 510 1419 544 ut
1447 506 1573 545 oratio
1601 517 1693 543 vera

271 566 332 603 vei
370 565 471 602 falsa
508 566 580 611 sit,
621 564 819 611 efficiunt,
856 566 893 602 h.
925 579 959 605 e.
997 567 1034 603 in
1073 567 1213 616 quibus
1242 567 1386 616 aliquid
1416 569 1467 606 de
1493 569 1621 618 aliqua
1647 581 1693 606 re

268 628 330 666 vel
360 632 468 665 recte
494 627 555 665 vei
582 627 685 664 saiso
713 628 976 677 praedicatur.

216 692 299 729 34a
314 692 363 727 14
388 687 459 729 καὶ
485 688 646 740 ὁσαχῶς
672 690 806 737 ἄλλως
825 721 834 729 .
856 720 866 730 .
891 719 901 730 .
937 690 1041 728 Nihil
1076 691 1176 727 enim
1205 691 1346 730 attinet
1373 704 1448 742 quo
1478 704 1593 730 sensu
1622 704 1691 729 nc-

267 754 434 804 cipiatur
470 752 519 791 τὸ
557 751 754 792 δυνατόν.
826 754 975 791 Eadem
1016 753 1134 802 igitur
1172 759 1399 804 argumenta
1437 755 1619 794 valebunt
1654 754 1692 792 in

268 816 460 855 omnibus.

215 881 359 918 34a1¹1
387 876 440 917 οὐ
477 876 558 928 γάρ
594 874 705 916 ἐστιν
724 908 733 916 .
756 906 764 915 .
789 906 797 915 .
825 876 1007 926 Respicit
1045 876 1094 913 ad
1130 876 1168 914 h.
1198 876 1223 914 Ι.
1252 878 1339 916 401)
1352 880 1427 926 35,
1455 881 1572 917 ’1338
1600 873 1694 924 ἑνὸς

266 939 344 992 μὲν
391 935 470 979 οὖν
504 936 699 990 κειμένου
738 937 942 977 δέδεικται
983 935 1046 976 ὅτι
1084 936 1278 977 οὐδέποτ’
1311 938 1472 991 ἀνάγκη
1507 954 1546 979 τι
1585 935 1694 980 εἶναι

267 1001 411 1053 ἕτερον
441 999 564 1076 (λέγω
594 1001 631 1041 δ’
661 999 779 1048 ἑνός,
816 999 879 1040 ὅτι
917 1002 1011 1040 οὔτε
1038 999 1144 1050 ὅρου
1172 998 1265 1047 ἑνὸς
1291 1003 1386 1041 οὔτε
1414 1002 1571 1051 θέσεως
1597 1007 1694 1054 μιᾶς

265 1064 472 1116 τεθείσης)
500 1061 546 1104 ἐκ
567 1064 645 1105 δύο
667 1063 712 1104 δὲ
738 1063 899 1104 θέσεων
924 1063 1103 1113 πρώτων
1129 1062 1199 1103 καὶ
1225 1062 1450 1130 ἐλαχίστων
1475 1064 1692 1124 ἐνδέχεται,

202 1127 204 1129 ’
267 1129 382 1179 ε’ίπερ
409 1126 480 1168 καὶ
509 1128 852 1179 συλλογίσασθαι.
891 1129 1037 1166 94824
1072 1125 1120 1166 τό
1158 1140 1202 1166 τε
1236 1117 1318 1178 γὰρ
1355 1123 1407 1170 οὗ
1444 1131 1565 1176 ὄντος
1598 1127 1693 1168 τοδὶ

266 1191 429 1244 ἀνάγκη
457 1187 565 1231 εἶναι
592 1195 689 1241 μιᾶς
717 1189 794 1241 μὲν
820 1190 1059 1241 προτάσεως
1086 1190 1318 1241 ληφθείσης
1340 1193 1418 1233 οὐκ
1443 1192 1539 1242 ἔστι,
1567 1192 1693 1233 δυοῖν

267 1254 313 1296 δὲ
338 1255 623 1306 τούλάχιστον.
654 1255 715 1293 Cf.
744 1256 917 1293 Herbart
945 1254 1044 1302 Alig.
1075 1253 1301 1304 Metaphys.
1331 1255 1369 1306 ᾗ.
1401 1258 1488 1296 178.

212 1321 358 1359 34822
385 1316 523 1369 ὥσπερ
561 1312 642 1356 οὖν
677 1316 712 1356 εί
747 1317 1018 1367 explicandum
1058 1317 1211 1354 videtur
1248 1330 1319 1366 per
1347 1319 1520 1369 eilipsin,
1560 1315 1694 1365 οὕτως

267 1377 346 1422 οὗν
386 1380 465 1433 ἔχει
501 1378 637 1430 ὥσπερ
674 1380 713 1419 εἴ
734 1393 795 1426 τις
822 1377 916 1429 θείη
938 1407 946 1417 .
968 1406 978 1418 .
1001 1406 1009 1415 .
1048 1379 1144 1416 Nam
1183 1375 1319 1428 ὥσπερ
1355 1381 1392 1418 in
1426 1381 1486 1418 his
1512 1393 1588 1419 nou
1614 1386 1692 1419 tam

267 1446 600 1497 comparationem
637 1445 782 1481 indicat
819 1455 935 1492 quam
973 1442 1196 1491 exemplum
1234 1442 1366 1480 afferri
1403 1443 1623 1492 significat,
1651 1447 1694 1481 ut

264 1508 495 1547 vertendum
546 1507 598 1544 sit
645 1506 840 1554 „exempli
879 1503 1043 1553 gratia”.
1125 1503 1210 1540 Ana
1250 1505 1352 1541 ratio
1387 1510 1447 1542 est
1484 1507 1691 1544 verborum

267 1568 406 1620 ὥσπερ
445 1563 525 1608 οὖν
562 1567 597 1607 εἰ.
625 1569 846 1606 l290b25:
886 1566 1059 1615 sequitur
1095 1566 1198 1602 enim
1227 1578 1281 1604 vs.
1310 1569 1360 1603 37
1387 1565 1463 1605 τὸν
1490 1565 1620 1605 αὐτὸν
1647 1565 1692 1605 δὲ

265 1632 438 1684 τρόπον,
466 1633 570 1682 quod
598 1630 812 1679 respondet
838 1628 1090 1677 praecedenti
1119 1625 1267 1677 ὥσπερ.
1312 1628 1400 1666 Uno
1427 1634 1565 1667 tenore
1593 1630 1692 1667 scri-

242 1694 393 1736 'benda
427 1694 612 1731 videntur
649 1688 901 1739 ὡσπερανεί,
929 1688 1216 1739 καθαπερανεί
1252 1694 1292 1727 et
1327 1703 1426 1739 quae
1457 1691 1519 1728 hi·
1549 1691 1692 1728 similia

264 1761 380 1806 sunt,
418 1757 451 1794 si
488 1755 690 1793 dissimilia
717 1754 984 1796 conferuntur,
1022 1765 1123 1802 quae
1149 1753 1250 1790 inter
1288 1764 1332 1789 se
1368 1764 1443 1789 non
1472 1758 1690 1802 congruunt

264 1821 340 1861 nisi
374 1821 413 1858 in
449 1831 524 1856 una
561 1830 605 1855 re
641 1817 751 1855 cilius
779 1815 823 1852 fit
852 1815 1104 1864 comparatio.
1163 1814 1332 1852 Vertere
1360 1815 1531 1852 solemus
1562 1828 1692 1865 „quo-

263 1883 486 1927 dammodo,
508 1881 655 1931 quusi”.
684 1878 751 1916 Sic
778 1878 947 1915 682³ss
974 1874 1022 1914 τὸ
1045 1876 1310 1926 καλούμενον
1329 1874 1504 1926 κέντρον
1532 1874 1694 1928 ὡσπερ-

267 1943 358 1986 ανεὶ
392 1942 603 1983 σύνθετον
637 1940 706 1981 καὶ
746 1939 842 1990 ἔχον
876 1938 1058 1988 γλώττης
1092 1937 1163 1978 καὶ
1198 1939 1346 1990 χειλῶν
1381 1938 1468 1990 ἅμα
1495 1940 1691 1990 δύναμιν.

265 2010 322 2050 Ib.
342 2016 408 2046 rs.
437 2009 488 2044 20
532 2004 585 2044 δι’
623 1997 675 2044 οὗ
702 1999 928 2050 καθαπερεὶ
967 1999 1037 2039 διὰ
1071 1999 1183 2052 ῥίζης
1219 1999 1375 2053 δέχεται
1408 2000 1487 2053 τὴν
1511 2004 1690 2056 τροφήν.

265 2072 439 2110 687320
476 2064 559 2107 ἔστι
597 2066 678 2119 γὰρ
717 2062 892 2114 ὡσπερεὶ
929 2064 1118 2114 ὄργανον
1150 2063 1232 2112 πρὸ
1271 2062 1479 2115 ὀργάνων.
1519 2067 1692 2105 430b13

267 2131 548 2183 οἷονεὶμήκη,
576 2132 645 2169 sed
674 2134 784 2169 recte
812 2129 1007 2165 13:34a30
1032 2121 1126 2168 οἷον
1153 2126 1191 2166 εἴ
1214 2140 1321 2174 τινες
1342 2157 1350 2165 .
1375 2156 1384 2165 .
1405 2158 1413 2166 .
1436 2129 1566 2177 Quare
1593 2130 1692 2167 scri-

265 2198 436 2238 bendum
457 2195 625 2232 arbitror
651 2193 822 2231 666a21
844 2188 889 2229 ἐν
908 2187 989 2240 γὰρ
1016 2191 1105 2236 τοῖς
1132 2188 1331 2240 ἐμβρύοις
1359 2189 1514 2237 εὐθέως
1540 2189 1569 2242 ἦ
1591 2205 1692 2242 καρ-

266 2258 337 2300 δία
365 2256 557 2309 φαίνεται
583 2253 812 2304 κινουμένη
839 2253 925 2292 τῶν
951 2252 1114 2303 μορίων
1140 2252 1372 2303 καθαπερεὶ
1405 2253 1524 2304 ζῷον.
1550 2257 1692 2293 65932

265 2324 414 2375 χρῆται
439 2324 515 2370 (τῷ
536 2321 735 2371 μυκτῆρι)
755 2310 1039 2365 καθαπερανεὶ
1066 2315 1179 2367 χειρί.
1208 2319 1286 2355 409
1303 2319 1385 2354 ὴ27
1407 2315 1592 2355 τίθενται
1611 2315 1692 2366 γὰρ

266 2384 485 2437 γνωρίζειν
506 2387 563 2434 τῷ
584 2382 715 2434 ὁμοίῳ
736 2380 784 2420 τὸ
811 2379 959 2431 ὅμοιον
986 2378 1215 2438 ὡσπερανεὶ
1239 2377 1316 2430 την
1341 2376 1482 2430 ψυχὴν
1508 2377 1559 2418 τὰ
1585 2379 1691 2429 προέ-

266 2461 403 2501 γματα
420 2445 617 2492 τιθέντες.
648 2447 749 2483 1074
763 2448 784 2484 b
798 2447 848 2482 18
868 2441 946 2495 ἔχει
966 2441 1194 2493 ὡσπερανεὶ
1213 2441 1236 2482 ὁ
1254 2441 1488 2482 καθεύδων.
1516 2443 1629 2480 4631)
1642 2444 1692 2480 16

267 2510 381 2552 ὅσων
408 2506 638 2560 ὡσπερανεὶ
663 2508 788 2554 λάλος
815 2506 840 2559 ή
867 2506 993 2558 φύσις
1011 2505 1092 2546 ἐστὶ
1117 2503 1188 2545 καὶ
1208 2504 1493 2556 μελαγχολική.
1522 2508 1691 2543 710a31

267 2571 552 2625 καθαπερανεὶ
586 2571 737 2612 πλοίου
775 2569 923 2622 πρώρα
950 2568 1202 2622 λεμβὼδους.
1238 2571 1412 2606 192322
1437 2569 1552 2607 τοῦτ’
1581 2566 1693 2608 ἔστιν

267 2638 296 2690 ἦ
322 2637 400 2690 ὕλη
429 2634 659 2686 ὡσπερανεὶ
685 2636 797 2688 θῆλυ
825 2632 1002 2684 ἄρῤενος
1027 2631 1097 2672 καὶ
1125 2631 1296 2684 αἰσχρὸν
1322 2633 1468 2670 κάλοῦ.
1514 2631 1570 2669 De
1591 2631 1689 2670 coel.

267 2702 346 2740 297
358 2704 439 2740 2113
468 2696 699 2750 ὡσπερανεὶ
724 2695 984 2751 γιγνομένης.
1013 2698 1253 2747 Quamquam
1271 2696 1380 2733 7231»
1394 2697 1443 2733 31
1460 2694 1530 2739 (cf.
1552 2695 1689 2740 20³4)

270 2764 520 2804 retinendum
556 2763 773 2816 putaverim
809 2758 946 2813 ὥσπερ
979 2758 1060 2802 κᾶν
1096 2757 1132 2798 εἰ
1164 2756 1246 2798 ἀπὸ
1273 2757 1359 2797 τῶν
1386 2755 1690 2808 ὗποδημοίτωντ
