1884 3100
627 233 957 270 ΠΡΟΤΕΡΩΝ
981 236 1019 267 Α.
1470 229 1547 267 181

98 335 260 400 γίνεται
289 333 346 399 δὴ
371 333 504 382 πάλιν
538 331 612 381 διὰ
638 337 724 381 τοῦ
749 329 934 393 πρώτου
959 330 1180 395 σχήματος
1199 325 1227 376 6
1248 324 1598 389 σὺλλογισμόςω

100 402 167 452 ὅτι
198 401 250 451 τὰ
282 407 320 450 Β
348 406 414 468 τῷ
439 405 487 448 Γ
507 401 719 462 ἐνδέχεται
751 399 903 462 μηδενὶ
938 396 1167 460 ὑπάρχειν.
1218 414 1309 457 αμα
1340 396 1388 442 δὲ
1407 397 1548 458 δῆλον

102 490 171 519 οτι
192 469 293 518 0136'
323 450 515 531 ὑπάρχει
535 467 588 516 τὸ
613 472 651 515 Β
675 466 825 515 οὐδενὶ
846 469 996 512 τῶνΓ.
1013 469 1180 513 κείσθω
1198 463 1283 527 γὰρ
1304 461 1544 547 ὑπάρχειν·

100 537 276 586 οὐκοῦν
305 538 343 584 εἰ
371 535 423 583 τὸ
456 541 494 583 Α
524 540 590 601 τῷ
615 539 654 581 Β
683 534 838 616 μηδενὶ
871 533 1097 594 ἐνδέχεται,
1131 531 1181 580 τὸ
1211 533 1258 579 δὲ
1288 535 1327 577 Β
1356 528 1546 591 ὑπάρχει

98 607 181 653 τινὶ
203 609 292 652 τῶν
312 607 364 660 Γ,
385 601 437 650 τὸ
459 607 498 649 A
516 607 606 649 τῶν
626 603 756 648 Γτινὶ
777 598 866 647 οῦκ
885 601 1117 662 ἐνδέχεται·
1142 597 1255 647 ἄλλα
1280 599 1410 646 παντὶ
1429 596 1543 646 ὑπέ-

96 689 213 719 κειτο
233 671 496 731 ἐνδέχεσθαι.
536 667 615 716 τὸν
643 666 782 716 αὐτὸν
813 669 860 714 δὲ
892 669 1064 728 τρόπον
1096 666 1373 730 δειχθήσεται
1402 666 1478 712 καὶ
1507 665 1596 712 εἰπε

96 737 210 800 πρὸς
227 742 288 804 τῷ
303 741 349 784 Γ
360 738 508 800 τεθείη
520 755 573 783 το
597 734 866 799 στερητικόν.
904 735 1075 782 πάλιν”
1051 747 1158 782 εστω
1176 733 1229 782 τὸ
1251 730 1548 818 κατηγορικὸν

98 804 349 868 ἀναγκαῖον,
381 805 572 864 θάτερον
599 802 638 850 6'
667 803 963 866 ἐνδεχόμενον,
995 804 1072 849 καὶ
1099 800 1152 850 τό
1174 807 1212 849 Α
1232 805 1294 867 τῷ
1309 803 1389 861 μὲν
1412 804 1451 846 Β
1474 800 1544 846 ἐν-

97 875 293 953 δεχέσθω
323 873 488 935 μηδενί,
518 876 579 918 τῶ
607 872 654 917 δε
684 875 729 917 Γ
749 872 876 917 παντὶ
900 869 1134 932 ὑπαρχέτω
1152 867 1246 925 ἐξ’
1216 867 1424 931 ανάγκης.
1459 864 1544 914 οῧ-

98 959 184 998 τως
203 933 289 987 οὖν
312 940 495 1001 ἐχόντων
514 943 603 985 τοῖν
626 935 743 997 ὅρων
765 957 824 984 οι
813 936 914 995 ’δεὶς
933 939 1051 985 ἔσται
1073 950 1129 984 σι
1125 935 1397 999 λλογισμός·
1425 948 1544 995 συμ-

97 1010 237 1070 βαίνει
266 1005 351 1069 γάρ
382 1005 435 1052 τὸ
467 1010 504 1052 Β
521 1010 582 1072 τῷ
621 1009 667 1051 Γ
691 1004 737 1061 ἐξ
763 1003 958 1068 α’νάγκης
978 1003 1038 1067 μὴ
1062 1003 1289 1065 ὑπάρχειν.
1333 1004 1440 1050 ἔστω
1443 999 1596 1084 γὰρεο

97 1073 150 1121 τὸ
179 1076 258 1135 μὲν
291 1078 330 1120 Α
367 1073 550 1129 λευκόν,
591 1070 660 1132 ἐφ’
702 1065 738 1138 ᾦ
775 1073 823 1118 δὲ
862 1070 915 1118 τὸ
948 1076 987 1119 Β
1024 1070 1288 1129 ανθρωπος,
1319 1069 1388 1132 ἐφ’
1423 1089 1460 1132 ῳ
1497 1069 1545 1116 δὲ

97 1140 148 1189 τὸ
169 1145 216 1188 Γ
241 1139 507 1197 κύκνος.τό
538 1137 594 1201 δὴ
622 1143 702 1185 λει
693 1137 785 1185 κὸν
812 1138 965 1205 κύκνῳ
993 1157 1074 1199 μεν
1101 1138 1147 1194 ἐξ
1174 1158 1230 1185 αι
1231 1138 1369 1200 αγκης
1396 1135 1545 1196 ὑπάρ-

98 1228 175 1272 χει,
214 1207 436 1272 ἀνθρώπῳ
477 1207 516 1254 6'
552 1207 766 1267 ἐνδέχεται
803 1208 981 1289 μηδενί·
1015 1206 1090 1251 καὶ
1122 1204 1362 1264 ἄνθρωπος
1392 1222 1450 1250 ον
1441 1203 1546 1250 ’δενὶ

97 1275 247 1342 κύκνῳ
278 1273 378 1331 «ᾆξ’
349 1294 403 1321 αι
406 1293 554 1338 αγνης
605 1271 674 1320 ὅτι
710 1275 791 1334 μὲν
823 1292 909 1321 ουν
935 1277 1020 1320 τοῦ
1046 1273 1300 1333 ἐνδέχεσθαι
1329 1268 1417 1318 οὐκ
1457 1271 1546 1317 ἔστι

98 1324 421 1405 συλλογισμός,
453 1339 763 1403 φανερόν·τό
798 1339 880 1403 γὰρ
916 1339 962 1397 ἐξ
998 1338 1193 1403 άνάγκης
1221 1338 1308 1387 οὐκ
1335 1331 1395 1402 ἦν
1422 1338 1544 1404 {1262-
1561 1354 1596 1382 35

99 1410 301 1473 χόμενον.
333 1407 445 1455 cmo}
476 1407 564 1472 μὴν
592 1427 651 1455 ου
641 1406 700 1455 ’δὲ
720 1413 806 1455 τοῦ
828 1407 1093 1471 ἀναγκαίου·
1127 1407 1180 1455 τὸ
1200 1405 1284 1470 γὰρ
1307 1405 1547 1468 ἀναγκαῖον

100 1476 135 1542 ἢ
164 1476 211 1533 ἐξ
240 1476 503 1538 ἀμφοτέρων
534 1474 781 1537 άναγκαίων
814 1473 845 1539 ἢ
876 1477 922 1523 ἑκ
948 1495 1027 1539 της
1055 1479 1360 1538 στερητικῆς)
1334 1474 1544 1534 συνέβαι-

99 1563 186 1592 νεν.
218 1546 276 1592 ἔτι
304 1545 352 1590 δε
380 1545 453 1590 καὶ
484 1544 660 1605 ἐγχωρεῖ
684 1561 854 1590 τουτων
884 1544 1094 1604 κειιιένων
1119 1542 1171 1589 τὸ
1201 1547 1240 1589 Β
1257 1546 1319 1615 τῷ
1338 1539 1544 1600 Γὺπάρ-

100 1629 212 1674 χειν·
241 1609 375 1659 οὐδὲν
402 1609 486 1672 γάρ
513 1609 675 1657 κωλύει
710 1608 761 1657 τὸ
790 1629 870 1671 μεν
901 1615 947 1657 Γ
970 1608 1066 1658 ὑπὸ
1095 1609 1146 1657 τὸ
1181 1614 1219 1657 Β
1248 1607 1383 1666 εἶναι,
1417 1607 1468 1655 τὸ
1497 1610 1544 1654 δὲ

99 1683 138 1726 Α
185 1683 247 1745 τῷ
293 1697 371 1739 μεν
410 1682 448 1724 Β
497 1679 623 1725 παντὶ
671 1678 951 1738 ἐνδέχεσθαι,
1001 1681 1064 1744 τῷ
1102 1680 1150 1725 δε
1190 1682 1237 1724 Γ
1267 1676 1314 1733 ἐξ
1350 1675 1546 1739 άνάγκης
1561 1694 1596 1721 40

97 1727 324 1808 ὑπάρχειν
356 1743 452 1792 οἷον
475 1748 512 1792 εἰ
539 1744 591 1791 τὸ
626 1764 703 1805 μεν
740 1749 785 1790 Γ
810 1747 876 1808 ειη
908 1745 1160 1807 ἐγρηγορός,
1187 1744 1238 1791 τὸ
1268 1746 1316 1791 δὲ
1346 1748 1384 1790 Β
1417 1747 1545 1827 ζῷον,

99 1812 151 1861 τὸ
182 1812 222 1861 6'
253 1811 322 1875 ἐφ’
350 1833 386 1879 ῳ
422 1817 459 1859 Α
489 1813 674 1876 κίνησις.
715 1816 780 1877 1:93
820 1831 898 1873 μεν
933 1810 1016 1873 γὰρ
1050 1811 1306 1874 ἐγρηγορότι
1341 1810 1387 1867 ἐξ
1412 1809 1546 1872 61:67-

99 1900 184 1945 κης
220 1882 416 1943 κίνησις,
458 1879 554 1945 ζῴῳ
596 1881 642 1926 δὲ
681 1881 808 1926 παντὶ
839 1879 1068 1940 ἐνδέχεται·
1107 1882 1182 1926 καὶ
1212 1883 1302 1926 πᾶν
1333 1877 1385 1925 τὸ
1414 1878 1590 1940 ἑγρη-Ι)

97 1947 231 2011 γορὸς
253 1952 391 2030 ζῷον.
430 1945 627 2008 φανερὰν
653 1939 740 1994 οὖν
770 1944 838 1993 ὅτι
865 1946 971 1994 οὕὸὲ
1000 1950 1087 1993 τοῦ
1122 1946 1182 2010 μὴ
1219 1945 1451 2007 ὑπάρχειν,
1485 1947 1547 1992 εἴ-

99 2031 180 2078 περ
215 2013 359 2072 οὕτως
379 2014 563 2099 ἔχοντων
585 2013 757 2077 ιῖνάγκη
780 2012 1005 2075 ὑπάρχειν.
1045 2011 1153 2061 οὐδε
1176 2012 1231 2077 δη
1253 2018 1344 2060 τῶν
1362 2012 1546 2060 ἀντικει-

99 2084 242 2145 μένων
260 2081 574 2143 καταφάσεων,
605 2079 707 2128 ωστ’
726 2079 876 2140 οὐδεὶς
898 2083 1015 2128 ἔσται
1042 2080 1354 2143 συλλογισμός.
1385 2079 1549 2141 ὃιιοίως

24 2187 29 2191 N
99 2152 147 2198 δὲ
184 2150 461 2211 δειχθήσεται
499 2150 573 2196 καὶ
617 2147 836 2195 ἀνάπαλιν
874 2150 1077 2212 τεθείσης
1114 2168 1194 2212 της
1230 2152 1547 2211 καταφατικῆς.
1563 2169 1583 2196 5

100 2217 176 2266 ἐὰν
216 2216 256 2264 6'
301 2215 645 2279 ὃμοιοσχήιιονες
676 2209 784 2263 ωσιν
815 2217 861 2262 αἱ
889 2216 1146 2275 προτάσεις,
1179 2220 1442 2279 στερητικῶν
1468 2232 1550 2275 μεν

102 2283 256 2333 οὑσων
296 2283 361 2331 ιῖεὶ
397 2285 558 2346 γίνεται
592 2282 891 2345 συλλογισμὸς
926 2282 1312 2364 άντιστραφείσης
1323 2287 1402 2345 τῆς
1435 2279 1548 2328 κατὰ

83 2351 152 2400 ’τὸ
187 2352 439 2413 ἐνδέχεσθαι
470 2350 738 2411 προτάσεως,
770 2350 976 2410 καθαπερ
1013 2352 1058 2398 ἐν
1095 2358 1187 2408 τοῖς
1224 2347 1449 2411 πρότεροι.
1486 2349 1549 2394 εἰ-

103 2419 270 2483 λήφθω
300 2417 385 2481 γὰρ
415 2417 466 2465 τὸ
498 2423 536 2465 Α
564 2422 628 2483 τῷ
667 2436 744 2502 μεν
774 2422 811 2464 Β
839 2417 885 2474 ἐξ
915 2417 1108 2481 ἀνάγκης
1136 2417 1197 2482 μὴ
1226 2417 1452 2478 ὑπάρχειν,
1485 2419 1551 2480 τῷ

104 2489 152 2535 δὲ
171 2488 479 2548 Γένδέχεσθαι
498 2484 559 2550 μὴ
582 2466 813 2547 ὑπάρχειν.
835 2483 1213 2549 άντιστραφεισῶν
1231 2488 1316 2532 οὐν
1330 2488 1421 2531 τῶν
1433 2498 1551 2545 προ·
1567 2505 1602 2533 10

195 2691 355 2727 §bosom
379 2693 416 2726 C.
438 2712 481 2717 —
506 2688 648 2726 22ὑπά
653 2690 730 2737 ρξει
752 2691 812 2724 Cn.
837 2709 883 2716 —
905 2690 1048 2735 τῷγιι.
1074 2685 1354 2733 -ὑπᾶρχονῙ-
1379 2707 1424 2714 -
1447 2686 1552 2723 26τό

108 2736 175 2783 μὲν
189 2750 270 2772 κατ.
282 2751 316 2773 n.
325 2757 371 2764 —-
393 2735 496 2782 276⁹]
517 2736 557 2772 δε
576 2733 790 2781 στερητικὸν
807 2735 930 2792 καιπ.ιν
927 2754 968 2761 -
997 2736 1040 2769 30
1056 2734 1132 2768 τῶν
1151 2735 1186 2767 d.
1199 2755 1238 2760 -
1266 2735 1307 2767 31
1319 2734 1372 2766 alt
1391 2731 1435 2767 τὸ
1456 2739 1491 2766 et
1506 2735 1551 2767 32

109 2795 152 2828 pr
164 2780 207 2819 τὸ
226 2795 280 2816 om
298 2785 332 2817 d.
355 2803 400 2810 —
422 2784 465 2818 41
486 2782 697 2830 ἐγρήγορσις
713 2795 747 2815 ιι.
773 2802 816 2808 -
841 2783 885 2815 42
903 2775 935 2827 ᾦ
950 2780 992 2815 τὸ
1011 2793 1036 2814 α
1058 2782 1120 2813 Cn.

199 2827 293 2864 38b4
311 2828 462 2875 φάσεων
489 2830 620 2865 codices
648 2835 795 2874 excepto
815 2838 849 2860 π.
875 2844 922 2852 -·
953 2827 973 2862 6
998 2822 1250 2871 ὁμοσχήμονες
1269 2835 1313 2870 n,
1347 2835 1390 2868 pr
1407 2823 1484 2857 AB.
