1826 3112
299 210 379 249 2ffl
812 211 1214 246 ΑΝΑΛΤΤΙΚΩΝ

252 308 396 365 mavi,
422 308 495 354 καὶ
526 305 631 355 ὅταν
656 305 798 364 οὕτως
815 307 991 368 ἔχωσιν,
1024 306 1083 354 οὐ
1101 308 1229 354 παντὶ
1248 312 1308 373 τῷ
1338 310 1375 353 Β
1394 305 1443 354 τὸ
1469 310 1519 363 Α,
1540 305 1614 353 ἐὰν
1632 311 1713 389 λη-

301 377 403 435 φθῇ
443 372 495 420 τὸ
527 375 603 433 μὲν
630 377 666 419 Β
697 371 786 418 ὅλω
811 378 872 438 τῷ
901 377 946 418 Γ
969 372 1200 434 ὑπάρχειν,
1236 373 1286 420 τὸ
1315 375 1361 419 δε
1394 377 1431 419 Α
1468 373 1639 434 μηδενί,
1682 371 1713 435 ἡ

301 457 378 499 μεν
406 438 630 501 στερητικὴ
660 439 728 484 ἐπί
755 458 795 485 τι
814 419 1006 501 ψευδής,
1029 438 1058 502 ἡ
1081 439 1117 485 6’
1136 439 1254 498 ἑτέρα
1276 437 1357 501 ὅλη
1375 437 1547 501 ἀληθὴς
1570 440 1643 483 καὶ
1666 436 1716 484 τὸ

301 505 602 564 συμπέρασμα.
653 504 782 551 πάλιν
824 505 910 551 ἐπεὶ
949 505 1155 551 δέδεικται
1187 503 1255 551 ὅτι
1285 509 1368 551 τοῦ
1398 506 1473 565 μεν
1504 508 1540 549 A
1567 504 1717 565 μηδενὶ

300 569 575 629 ὑπάρχοντος
602 574 666 633 τῷ
699 574 749 626 Ι,
779 574 862 617 τοῦ
888 571 933 615 δὲ
960 575 997 615 Β
1025 572 1119 626 τινί,
1148 572 1319 632 ἐγχωρεῖ
1347 569 1396 616 τὸ
1426 574 1462 616 Α
1486 571 1566 616 τινὶ
1592 574 1655 633 τῷ
1680 572 1718 615 Β

253 634 363 697 εεμὴ
395 634 620 694 ὑπάρχειν,
651 634 845 695 φανερὸν
871 633 936 681 ὅτι
970 638 1043 682 καὶ
1068 641 1148 698 τῆς
1177 639 1254 696 μὲν
1282 640 1367 683 ΑΓ
1380 634 1487 697 ὅλης
1514 635 1718 697 ἀληθοῦς

303 699 456 771 οὔσης,
486 705 567 762 τῆς
595 701 641 745 δὲ
672 705 758 746 ΒΓ
779 702 848 747 ἐπί
865 720 906 746 τι
924 705 1138 758 ψευδοῦς,
1173 703 1344 762 ἐγχωρεῖ
1361 700 1410 746 τὸ
1430 702 1718 760 συμπέρασμα

303 762 410 812 εἶναι
439 764 615 827 ἀληθές.
663 764 737 811 ἐὰν
764 784 846 826 γαρ
873 769 1030 828 ληφθῇ
1047 765 1096 812 τὸ
1118 785 1195 825 μεν
1221 771 1258 811 A
1276 768 1424 828 μηδενὶ
1446 770 1506 811 τῶ
1528 769 1577 821 Γ,
1600 765 1649 811 τὸ
1670 766 1717 812 δὲ

303 834 342 877 Β
368 831 508 887 παντί,
533 828 563 892 ἡ
581 848 658 890 μεν
675 835 760 876 ΑΓ
774 829 855 893 ὅλη
880 830 1066 910 ἀληθής,
1086 830 1114 892 ἡ
1133 834 1178 877 δὲ
1204 836 1287 877 ΒΓ
1309 832 1378 877 ἐπί
1396 849 1437 877 τι
1456 812 1602 892 ψευδή
1605 849 1640 886 ς.

441 894 641 955 Φανερόν
661 898 708 943 δὲ
724 898 797 942 καὶ
817 898 885 942 ἐπὶ
905 914 995 942 των
1017 897 1061 942 ἐν
1080 897 1195 955 μέρει
1207 893 1558 956 συλλογισμῶν”’
1532 914 1597 941 οτι
1608 894 1718 941 πάν-

255 978 387 1017 εοτως
416 961 533 1006 εσται
561 959 634 1006 δια
665 965 843 1017 ψευδῶν
871 959 1047 1023 άληθές.
1091 963 1133 1007 οἱ
1161 981 1244 1023 γαρ
1274 961 1400 1008 αὐτοὶ
1421 959 1519 1022 ὅροι
1541 961 1720 1023 ληπτέοι

303 1024 430 1073 καὶ“
404 1044 508 1073 οταν
531 1025 738 1073 καθόλου
766 1019 875 1073 ωσιν
897 1028 941 1072 αἱ
960 1027 1203 1087 προτάσεις,
1231 1029 1274 1074 οἱ
1305 1029 1381 1087 μὲν
1411 1028 1456 1074 ἐν
1473 1033 1563 1083 τοῖς
1586 1044 1719 1088 κατη-

303 1097 497 1153 γορικοῖς
524 1093 813 1154 κατηγορικοί,
847 1093 889 1138 οὶ
916 1091 956 1139 δ’
987 1094 1033 1138 ἐν
1061 1100 1153 1150 τοῖς
1180 1099 1441 1156 στερητικοῖς
1465 1093 1717 1154 στερητικοί.

305 1156 439 1204 οὐδὲν
467 1155 549 1218 γὰρ
578 1159 774 1218 διαφέρει
793 1159 943 1220 μηδενὶ
964 1156 1238 1219 υπάρχοντος
1259 1161 1384 1205 παντὶ
1406 1163 1551 1217 λαβεῖν
1575 1157 1719 1215 ὑπάρ-

303 1240 405 1282 χειν,
437 1224 511 1268 καὶ
540 1225 621 1268 τινὶ
653 1223 928 1284 υπάρχοντος
955 1224 1161 1270 καθόλου
1191 1229 1336 1284 λαβεῖν
1363 1222 1577 1282 ὑπάρχειν
1605 1221 1719 1282 πρὸς

255 1304 289 1332 8⁵
304 1287 384 1351 τὴν
413 1293 502 1334 τῶν
534 1286 649 1349 ὅρων
674 1289 856 1335 ἔκθεσιν.
904 1288 1064 1349 ὁμοίως
1093 1292 1139 1336 δὲ
1161 1292 1234 1336 καὶ
1254 1291 1320 1336 ἐπὶ
1337 1293 1426 1335 τῶν
1449 1292 1719 1349 στερητικῶν.

439 1353 640 1435 Φανερὸν
681 1348 766 1401 οὖν
803 1352 868 1400 ὅτι
899 1373 952 1400 αν
983 1356 1059 1414 μὲν
1090 1348 1118 1414 ἧ
1147 1354 1197 1401 τὸ
1227 1356 1515 1415 συμπέρασμα
1541 1357 1720 1410 ψεῦδος,

304 1417 486 1482 ανάγκη,
517 1419 563 1475 ἐξ
592 1438 655 1465 ων
685 1419 711 1466 6
740 1419 886 1480 λόγος,
913 1424 1072 1503 ψευδῆ,
1087 1426 1192 1466 εἰναι
1221 1419 1250 1483 ἢ
1273 1421 1414 1467 πάντα
1438 1418 1467 1482 ἢ
1485 1420 1586 1475 ε’νια,
1613 1417 1719 1465 ὅταν

301 1483 340 1530 δ’
357 1483 535 1546 ἀληθές,
556 1502 642 1530 ουκ
658 1484 824 1547 α’νάγκη
847 1484 1010 1547 ἄληθες
1033 1491 1139 1531 εἰναι
1160 1484 1260 1532 οὔτε
1281 1488 1321 1531 τὶ
1341 1485 1442 1532 οὔτε
1461 1485 1614 1541 πάντα,
1628 1483 1720 1530 ἄλλ’

301 1550 388 1596 εστι
406 1548 644 1612 μηδενὸς”
617 1568 744 1607 οντος
765 1549 965 1613 ἀληθοῦς
983 1555 1068 1596 τῶν
1091 1551 1134 1597 ἐν
1154 1570 1212 1597 τω
1235 1555 1514 1614 συλλογισμῷ
1532 1549 1582 1596 τὸ
1606 1561 1720 1610 συμ-

252 1615 500 1675 ιοπέρασμα
524 1614 684 1675 ὁμοίως
705 1613 811 1662 εἶναι
833 1615 1011 1678 ἀληθές,
1033 1615 1092 1662 οὔ
1113 1616 1201 1679 μὴν
1221 1616 1311 1672 ἐξ’
1284 1616 1486 1678 ανάγκης.
1520 1618 1656 1662 αἰτιον
1681 1613 1719 1661 δ’

260 1693 284 1726 b
304 1679 371 1727 ὅτι
393 1679 496 1727 ὅταν
525 1681 649 1728 δύο’
635 1683 707 1741 ε’χη
734 1700 849 1728 ουτω
864 1680 977 1741 πρὸς
996 1680 1162 1744 αλληλα
1180 1681 1288 1729 ω’στε
1308 1683 1501 1741 θατέρου
1522 1681 1650 1738 ὄντος
1675 1678 1720 1735 ἐξ

301 1745 492 1809 ἀνάγκης
508 1744 614 1793 εἶναι
631 1747 841 1806 θάτερον,
871 1746 1037 1794 τούτου
1057 1747 1117 1830 μη
1144 1746 1271 1804 ὄντος
1289 1749 1366 1808 μὲν
1395 1746 1499 1794 οὐδε
1531 1746 1720 1806 θάτερον

300 1812 431 1870 εσται,
450 1811 577 1870 ὄντος
595 1811 633 1859 δ’
655 1831 739 1859 ουκ
756 1812 924 1876 ἀνάγκη
936 1810 1252 1874 εἶναιθάτερον.
1275 1818 1359 1860 τοῦ
1378 1812 1416 1859 δ’
1436 1811 1579 1859 αυτοῦ
1593 1811 1721 1868 ὄντος

301 1877 447 1940 καὶμὴ
463 1877 602 1936 ὄντος,
616 1877 833 1925 άδύνατον
845 1878 926 1934 ἐξ
897 1897 1086 1950 αναγκης
1098 1885 1204 1926 ειναι
1215 1898 1266 1926 το
1282 1878 1403 1926 αυτό.
1433 1879 1540 1939 λέγω
1563 1877 1600 1924 δ’
1627 1875 1722 1924 οἷον

271 1948 384 1990 ⁵106
402 1943 485 1989 A''
458 1962 583 2000 οντος
598 1948 763 1991 λευκοῦ
780 1943 832 2029 ⁷⁷³⁶
854 1949 892 1990 Β
905 1942 1010 1990 εἰναι
1019 1964 1126 2005 μεγα
1146 1945 1404 2007 ἐξάνάγκης,
1417 1946 1488 1990 καὶ
1513 1943 1572 2005 μὴ
1596 1941 1723 1999 ὄντος

302 2013 472 2055 λευκοῦ
488 2014 574 2056 τοῦ
594 2014 632 2054 A
648 2008 699 2055 τὸ
716 2014 753 2055 Β
772 2008 880 2056 εἶναι
897 2011 1004 2070 μέγα
1017 2009 1101 2065 ἐξ’
1073 2011 1271 2073 ανάγκης.
1291 2008 1395 2057 ὅταν
1406 2008 1487 2070 γὰρ
1498 2007 1669 2055 τουδὶ”
1642 2026 1720 2054 ον-

301 2092 377 2132 τος
412 2078 577 2122 λευκοι
604 2079 688 2122 τοῦ
714 2079 752 2120 A
775 2077 869 2121 τοδὶ
897 2075 1062 2138 άνάγκη
1090 2077 1197 2137 μέγα
1226 2083 1333 2127 εἰναι
1362 2074 1412 2122 τὰ
1443 2079 1502 2132 Β,
1529 2073 1722 2135 μεγάλου

303 2142 351 2186 δε
381 2145 466 2186 τοῦ
492 2145 530 2186 Β
562 2138 688 2198 ὄντος
714 2139 765 2187 τὸ
796 2145 841 2186 Γ
863 2160 924 2203 μη
954 2141 1127 2198 λευκόν,
1157 2141 1336 2204 άνάγκη,
1356 2139 1462 2187 εἰτὸ
1486 2144 1523 2186 A
1545 2139 1722 2196 λευκόν,

302 2204 355 2252 τὸ
388 2209 434 2251 Γ
455 2205 516 2268 μὴ
544 2203 652 2252 εἶναι
680 2206 853 2252 λευκόν.
894 2207 966 2251 καὶ
1000 2205 1103 2252 ὅταν
1123 2206 1255 2253 δυό”
1229 2223 1364 2252 οντων
1385 2203 1623 2266 θατέρου”
1595 2223 1722 2262 οντος

256 2291 289 2318 10
305 2270 471 2356 ἀνάγκη
496 2271 685 2334 θάτερον
714 2269 844 2330 εἶναι,
860 2271 1044 2319 τούτου
1071 2270 1132 2335 μὴ
1162 2271 1288 2330 ὄντος
1317 2271 1485 2334 οἷνάγκη
1514 2270 1563 2317 τὸ
1592 2275 1629 2315 A
1661 2269 1722 2333 μὴ

393 2423 438 2455 20
453 2419 516 2455 ἐὰν
533 2434 600 2457 ουν
617 2422 747 2467 ληφθῇ
764 2423 840 2465 Cfn.
856 2441 898 2448 -
921 2423 964 2455 23
982 2420 1106 2466 πάλιν]
1124 2420 1271 2466 ἀληθές.
1289 2419 1401 2456 πάλιν
1422 2421 1491 2464 Cm,
1521 2420 1619 2456 ἔσται
1632 2418 1724 2464 άλη-

304 2466 381 2506 θές.
407 2466 560 2508 πάλινῙ.
586 2486 629 2493 -
651 2468 695 2500 24
711 2468 779 2500 τοῦ
794 2479 814 2509 γ
834 2468 874 2500 Β.
899 2487 942 2494 -
966 2467 1052 2511 τινὶ]
1075 2467 1186 2501 παντὶ
1205 2479 1282 2500 corr
1299 2468 1341 2499 A.
1366 2484 1410 2492 —
1433 2467 1476 2498 25
1495 2478 1515 2508 γ
1536 2478 1612 2498 cmr
1627 2467 1668 2498 A.
1679 2483 1723 2490 -

305 2513 348 2544 32
362 2511 610 2588 κατηγορικοί3
610 2518 643 2543 et
655 2512 857 2564 στερητικοί
871 2522 925 2543 om
936 2523 968 2543 n.
987 2531 1025 2536 —
1050 2513 1092 2546 34
1110 2512 1171 2546 καὶ
1185 2511 1222 2545 εἴ
1227 2523 1297 2544 τινι
1313 2509 1472 2554 υπῆρχεν
1487 2522 1522 2543 n.
1542 2529 1582 2535 —
1604 2507 1723 2553 ’ὑπάρ-

303 2567 379 2597 χειν
394 2566 451 2587 nm
466 2567 500 2587 n.
522 2572 569 2581 —
613 2552 723 2590 ὂέἀν
735 2568 768 2589 n.
787 2575 829 2582 -—
854 2555 987 2600 ψευδές
1000 2558 1039 2590 Β.
1061 2576 1099 2582 -
1126 2558 1170 2590 38
1187 2553 1309 2600 ἀληθῆ
1329 2562 1406 2587 ante
1424 2552 1517 2588 εἶναι
1537 2566 1614 2586 corr
1631 2565 1666 2585 π.
1682 2571 1722 2578 -

305 2601 347 2633 39
366 2600 418 2642 τῷ
437 2597 530 2645 λόγῳ
551 2596 591 2632 τὸ
609 2610 643 2631 n.

389 2643 480 2676 57b2
497 2641 631 2678 τούτου
649 2641 688 2677 δε
703 2641 752 2687 μὴ
765 2655 799 2676 π.
823 2662 866 2669 -
887 2643 954 2687 μὲν
971 2655 1025 2676 om
1042 2656 1075 2677 π.
1102 2664 1148 2671 —-
1168 2644 1262 2678 5et6
1274 2642 1366 2687 μέγα
1384 2654 1439 2675 om
1449 2643 1622 2697 'ABmfet
1641 2652 1722 2683 pru.

300 2705 346 2712 —
368 2687 389 2718 7
410 2689 541 2722 λευκοῦ
557 2686 637 2722 οἷον
654 2688 722 2722 τοῦ
742 2689 802 2722 Cn
828 2707 866 2714 —
901 2686 996 2724 εἶναι
1014 2687 1095 2724 οἷον
1112 2687 1154 2724 τὸ
1175 2689 1234 2723 Cn·
1258 2706 1302 2714 —
1325 2688 1347 2721 8
1367 2685 1418 2732 μὴ
1436 2680 1462 2733 ᾖ
1481 2684 1609 2722 λευκόν
1625 2687 1662 2720 C.
1682 2704 1723 2712 —

308 2731 350 2764 10
369 2727 507 2776 ἀνάγκη
523 2726 549 2777 ᾖ
564 2730 726 2778 θάτερον
739 2743 772 2765 n.
