1748 3112
658 197 906 244 Auulyticu
926 197 1096 242 prioru-
1544 196 1626 237 533

175 299 284 352 plum
312 298 546 338 inductIouis
573 297 680 350 quod
706 296 819 337 dedit
845 297 1046 337 1268b34
1067 307 1157 348 sqq.
1202 294 1370 347 Trdlbg.
1394 296 1523 336 Elem.
1541 297 1622 350 log.

175 377 215 417 p.
235 363 289 402 82
308 375 367 415 sq.
388 366 431 403 et
454 376 494 415 p.
518 363 595 402 102
617 375 678 415 sq.

119 429 273 469 681222
300 427 510 467 Posuimus
537 440 694 466 comma
719 430 811 466 ante
837 423 966 476 ἄλλοί,
995 437 1116 476 quum
1144 437 1246 476 quae
1271 428 1493 476 sequuntur
1512 430 1625 466 arcte

173 493 414 532 cohaereant
447 504 538 531 cum
574 492 623 530 iis
663 503 764 544 quse
791 495 1107 543 praecesserunt.
1172 489 1354 542 Namque
1390 492 1624 543 praeposuit

173 556 395 609 syllogismi
432 556 728 595 conclusionem
756 555 857 604 Ar,
895 554 1044 594 adiecit
1080 555 1393 608 propositionem
1434 555 1622 594 maiorem

173 622 305 662 verbis
331 622 419 660 πᾶν
444 617 527 671 γὰρ
552 618 603 659 τὸ
629 619 789 671 ἄχολον
813 617 1067 671 μακρόβιον,
1094 619 1173 659 ism
1201 619 1333 672 pergit
1359 619 1409 658 nd
1428 620 1622 660 minorem

173 686 312 725 dicens
338 681 446 724 ἀλλὰ
470 681 544 724 καὶ
570 713 582 726 .
606 713 616 724 .
644 711 655 723 .

203 832 207 834 ,
230 791 331 846 Gap.
357 789 425 831 24.
479 789 690 844 Exemplo
719 789 1055 840 demonstratur,
1083 802 1209 844 quum
1232 803 1314 844 per
1341 789 1388 830 id
1412 789 1525 845 quod
1547 792 1626 831 mi·

120 858 217 898 nori
239 857 417 897 termino
442 855 578 894 simile
605 859 691 905 est,
734 856 935 896 maiorem
974 854 1029 894 de
1065 854 1203 894 medio
1240 854 1491 908 praedicari
1522 869 1625 910 pro·

122 921 260 962 batur.

120 1007 275 1046 63b38
300 1003 581 1058 παράδειγμα.
636 1005 755 1045 Biese
780 1005 828 1046 11.
864 1006 956 1045 621.
1000 1004 1170 1057 Trdlbg.
1200 1004 1330 1046 Elem.
1362 1006 1440 1059 log.
1472 1019 1514 1059 p.
1533 1008 1627 1045 106.

172 1070 341 1111 Aristot.
371 1071 547 1111 1356123
574 1067 660 1110 ἔστι
695 1068 779 1122 γὰρ
815 1068 865 1111 τὸ
900 1067 979 1122 μὲν
1011 1068 1280 1123 παράδειγμα
1316 1065 1538 1125 ἐπαγωγή,
1576 1069 1626 1111 τὸ

173 1134 212 1176 δ’
239 1131 469 1188 ἐνθύμημα
495 1134 800 1187 συλλογισμός,
828 1135 882 1175 cf.
910 1137 1072 1177 nalo,

119 1202 273 1240 68b39
300 1199 368 1242 δεῖ
391 1197 438 1241 δὲ
463 1197 536 1241 καὶ
563 1229 573 1239 .
595 1229 607 1241 .
631 1200 776 1252 .quod
804 1200 978 1252 explicat
1003 1201 1242 1238 6927—10.

120 1267 243 1305 6902
270 1263 346 1306 ἐὰν
374 1259 679 1306 01311..1am
716 1277 795 1304 non
832 1264 1081 1304 demonstrat
1106 1263 1213 1315 quod
1241 1264 1448 1317 proposuit
1473 1264 1629 1305 osb-‘38

0 1505 169 1550 &¹5³5
198 1508 258 1546 ‚⁹⁷:⁸⁵³
285 1524 406 1562 imine
433 1522 672 1562 inductionis
701 1527 742 1561 et
768 1522 965 1573 exempli:
999 1534 1089 1560 num
1125 1534 1199 1573 per
1235 1522 1501 1561 inductionem
1529 1523 1626 1561 nihil

172 1588 366 1640 probatur
392 1587 444 1626 de
470 1586 642 1626 termino
669 1587 835 1635 minore,
862 1599 936 1637 per
959 1586 1185 1638 exemplum
1205 1586 1258 1625 de
1280 1586 1449 1636 minore,
1478 1587 1630 1639 quippe

174 1662 293 1702 quem
321 1651 477 1688 medius
505 1648 806 1698 complectatur,
835 1651 1115 1699 comprobatur
1142 1649 1248 1700 quod
1277 1650 1329 1689 de
1351 1650 1486 1690 medio
1505 1651 1625 1691 valet.

173 1714 309 1764 Quare
334 1713 455 1752 etium
482 1724 540 1752 vs.
570 1713 621 1749 13
648 1711 769 1749 verba
794 1709 902 1761 πρὸς
927 1709 976 1751 τὸ
1004 1712 1140 1763 ἄκρον
1166 1725 1245 1752 uon
1271 1714 1504 1766 accipienda
1531 1719 1626 1754 sunt

174 1778 227 1818 de
261 1778 413 1817 maiore
448 1776 620 1815 termino
660 1774 789 1826 (quod
826 1776 859 1814 si
905 1776 1124 1826 voluisset,
1170 1777 1384 1817 dicendum
1425 1782 1511 1818 erat
1545 1780 1626 1819 τοῦ

173 1843 313 1895 ἄκρου
338 1840 448 1892 πρὸς
472 1839 522 1880 τὸ
549 1836 724 1892 μέσον),
753 1839 825 1879 sed
853 1839 905 1879 de
931 1840 1096 1882 minore.

121 1909 268 1948 69:15
294 1904 353 1955 ὦς
378 1903 509 1958 μέρος
532 1902 643 1956 πρὸς
668 1901 809 1956 μέρος.
862 1904 1059 1956 Exemplo
1087 1904 1254 1955 utimur,
1298 1909 1343 1944 ut
1369 1906 1526 1959 singula
1554 1908 1626 1948 de-

173 1977 441 2013 monstremus
478 1983 553 2022 per
590 1969 755 2022 singula.
792 1991 846 1999 —
907 1968 1062 2021 ἄμφω,
1103 1970 1143 2009 h.
1172 1982 1207 2009 e.
1235 1969 1280 2009 Γ
1308 1974 1349 2009 et
1375 1973 1432 2010 A.
1494 1971 1625 2011 Locus

171 2042 312 2078 nostro
339 2036 563 2075 simillimus
592 2039 655 2073 est
682 2035 887 2073 13571127
913 2029 1003 2074 ἔστι
1042 2031 1089 2074 δὲ
1126 2034 1224 2075 οὔτε
1261 2032 1319 2082 ὥς
1354 2033 1485 2088 μέρος
1517 2035 1626 2089 πρὸς

176 2097 280 2142 ὅλον
297 2101 395 2141 οὔθ’
425 2097 483 2147 ὡς
510 2093 615 2139 ὅλον
640 2096 748 2150 πρὸς
773 2095 901 2150 μέρος
929 2096 1030 2139 οὔθ’
1058 2097 1116 2147 ὥς
1138 2094 1243 2140 ὅλον
1260 2098 1368 2150 πρὸς
1387 2095 1504 2150 ὅλον,
1533 2101 1624 2142 ἀλλ’

176 2165 234 2214 ὡς
260 2163 388 2218 μέρος
414 2163 523 2216 πρὸς
549 2163 698 2216 μέρος,
726 2157 882 2215 ὅμοιον
908 2163 1014 2215 πρὸς
1042 2159 1217 2216 ὅμοιον,
1258 2160 1364 2206 ὅταν
1391 2167 1522 2218 ἄμφω
1549 2164 1629 2219 μὲν

174 2226 205 2284 ᾗ
229 2228 315 2271 ὑπὸ
342 2228 390 2270 τὸ
419 2227 524 2270 αὐτὸ
550 2227 702 2281 γένος,
727 2228 1057 2282 γνωριμώτερον
1092 2227 1138 2270 δὲ
1164 2229 1351 2283 θάτερον
1378 2226 1408 2284 ’ᾖ
1434 2229 1626 2284 θατέρου

176 2294 445 2349 παράδειγμά
470 2292 611 2342 ἐστιν,
640 2294 696 2336 cf.
723 2295 828 2336 rhet.
856 2294 889 2333 ll
918 2308 953 2334 c.
981 2297 1048 2335 20.

235 2402 336 2456 Cap.
366 2401 431 2442 25.
485 2401 696 2442 Deductio
711 2403 794 2455 fit,
833 2414 956 2455 quum
983 2402 1117 2441 maior
1139 2403 1371 2456 propositio
1396 2404 1625 2456 manifesta

126 2473 207 2518 est,
244 2469 400 2515 minor,
429 2479 677 2521 quamquam
706 2479 790 2506 non
816 2467 1065 2519 manifesta,
1095 2472 1170 2506 aut
1198 2480 1331 2521 aeque
1357 2468 1451 2507 veri
1474 2469 1624 2508 similis

125 2539 252 2587 atque
279 2533 486 2572 conclusio
515 2537 589 2572 aut
618 2531 764 2584 magis,
790 2534 842 2571 29
866 2530 1019 2570 deinde
1046 2544 1170 2584 quum
1189 2534 1340 2586 paucis
1361 2532 1510 2573 mediis
1534 2538 1623 2572 ter-

110 2599 247 2638 *nis
276 2597 531 2650 interpositis
551 2595 759 2649 probatur
785 2596 1014 2650 propositio
1040 2596 1187 2636 minor.

336 2685 366 2723 it
392 2683 603 2732 deductio,
642 2687 686 2722 ut
724 2681 880 2722 facilius
921 2684 1112 2723 reddatur
1148 2684 1252 2735 qnod
1278 2682 1447 2723 difficile
1473 2687 1536 2723 est
1575 2682 1626 2721 ad

185 2789 194 2797 ἶ
220 2752 250 2806 ’ᾗ
273 2756 276 2758 ·
307 2749 530 2790 strandum
556 2760 606 2788 eo
633 2748 739 2800 quod
767 2749 944 2801 quaestio
972 2748 1179 2801 proposita
1205 2750 1410 2790 reducitur
1436 2748 1488 2789 ud
1508 2747 1623 2787 aliam
