1780 3100
164 212 247 251 336
711 211 1073 246 Hermeneutica.

223 320 378 360 μενα..
394 337 403 348 .
424 305 582 358 γίνεται
619 306 792 358 σκληρά.
831 309 1005 346 383330
1031 302 1111 346 ὅσα
1145 305 1191 347 δὲ
1218 304 1288 348 διὰ
1314 306 1440 355 ψύξιν
1467 306 1645 360 (πήγνυ-

220 373 519 418 ται)...ταῦτα
546 369 590 409 δὲ
616 371 760 410 ἄλυτα.
813 370 855 408 ln
886 370 1025 419 quibus
1053 369 1098 410 δὲ
1124 371 1164 409 ἰη
1192 370 1354 421 apodosi
1381 370 1551 421 positum
1579 384 1647 410 ex-

222 440 382 475 cusatur
419 435 706 484 quodammodo
743 434 868 472 altero
907 430 952 471 δὲ
987 435 1089 482 quod
1127 434 1358 484 praecessit.
1392 434 1570 471 649b29
1595 431 1647 472 τὰ

220 496 297 549 μὲν
316 494 453 546 θερμὰ
476 493 547 535 καὶ
564 494 676 546 ὑγρὰ
701 494 956 548 χωριζόμενα
984 494 1029 535 δὲ
1053 495 1263 547 πήγνυται
1289 493 1358 535 καὶ
1384 493 1526 546 ψυχρὰ
1553 494 1647 547 φαί-

217 574 345 607 νεται,
387 553 480 598 οἷον
507 558 553 598 τὸ
582 553 706 608 αἷμα,
742 558 793 598 τὰ
828 556 873 598 δὲ
901 556 1039 608 θερμὰ
1066 558 1137 598 καὶ
1164 558 1296 610 πάχος
1323 556 1484 608 ἔχοντα,
1513 557 1647 598 καθοί-

215 635 292 672 περ
321 621 348 674 ἦ
368 622 482 674 χολή,
505 622 764 673 χωριζόμενα
785 621 822 661 δ’
845 619 890 662 ἐκ
916 624 988 674 τῆς
1017 622 1184 672 φύσεως
1211 622 1296 660 τῶν
1323 619 1504 672 ἐχόντων
1523 621 1647 661 τούν-

218 685 364 726 αντίον
386 687 543 736 πάσχει.
596 688 769 724 455b20
795 681 935 737 ἐπειδὴ
956 684 1130 736 λέγομεν
1152 683 1228 736 τὴν
1255 683 1386 734 φύσιν
1413 683 1534 724 ἕνεκά
1567 697 1645 724 του

217 751 368 798 ποιεῖν,
396 753 523 789 τοῦτο
553 747 591 788 δ’
620 748 789 799 ἀγαθόν
815 762 868 794 τι,
894 745 972 799 τὴν
1001 749 1037 788 δ’
1067 748 1312 788 ἄπαπαυσιν
1337 746 1463 787 παντὶ
1489 748 1547 801 τῷ
1575 759 1647 786 πε-

217 812 373 865 φυκότι
396 814 618 861 κινεῖσθαι,
639 810 695 863 μὴ
721 811 944 863 δυναμένῳ
965 811 1001 851 δ’
1024 811 1088 851 ἀεὶ
1115 809 1186 850 καὶ
1213 811 1396 860 συνεχῶς
1423 812 1645 860 κινεῖσθαι,

219 874 316 926 μεθ’
353 874 511 927 ἡδονῆς
549 874 785 925 ἀναγκαῖον
813 870 920 913 εἶναι
951 873 1019 913 καὶ
1046 872 1269 924 ὠφέλιμον,
1298 877 1355 924 τῷ
1383 872 1417 912 δ’
1443 871 1563 925 ὕπνῳ
1592 872 1646 912 δι’

218 937 353 989 αὐτὴν
379 936 457 989 τὴν
484 938 688 989 ἀλήθειαν
720 936 1013 985 προσάπτουσι
1039 935 1116 988 τὴν
1140 935 1384 988 μεταφορὰν
1409 935 1565 986 ταύτην
1591 935 1648 982 ὡς

215 1000 450 1041 ἀναπαύσει
489 1002 579 1040 ὄντι
616 1001 674 1045 (ἰη
711 1002 851 1050 quibus
887 1001 1177 1051 perspicuitatis
1205 1001 1329 1050 gratia
1356 1012 1507 1038 comma
1535 999 1646 1037 adie-

213 1066 336 1103 cimus
367 1068 457 1102 ante
485 1064 601 1101 verba
628 1062 722 1113 μεθ’
749 1060 943 1114 ἡδονῆς).
981 1064 1159 1101 948h39
1186 1058 1342 1110 ἔξωθεν
1370 1056 1449 1101 οὖν
1475 1059 1641 1112 γινομέ-

213 1139 304 1167 νων
339 1126 425 1165 τῶν
460 1138 503 1165 τε
537 1125 622 1165 ὑπὸ
648 1128 723 1178 τῆς
749 1125 932 1176 ἀγωνίας
958 1125 1108 1177 φόβων
1133 1124 1205 1166 καὶ
1230 1125 1315 1165 τῶν
1342 1124 1547 1164 τοιούτων
1562 1153 1574 1164 .
1596 1153 1607 1164 .
1631 1153 1644 1165 .

212 1188 589 1240 ἐκθερμαινόμενοι
625 1187 670 1229 δὲ
708 1188 751 1228 οἱ
784 1188 879 1238 περὶ
915 1186 993 1241 τὴν
1029 1188 1194 1229 κοιλίαν
1220 1188 1343 1229 τόποι
1369 1186 1440 1228 καὶ
1466 1187 1544 1239 τὴν
1570 1185 1645 1226 κύ-

212 1261 304 1293 στιν
332 1252 589 1292 διαλύονται.
644 1253 793 1291 Eodem
822 1254 939 1291 modo
968 1255 1136 1291 occurrit
1165 1250 1216 1303 δὴ
1244 1253 1284 1291 in
1321 1252 1483 1303 apodosi
1511 1251 1643 1297 23b9,

214 1318 265 1355 de
293 1317 391 1356 coel.
432 1317 629 1364 2762115,
668 1321 709 1354 et
736 1310 816 1355 οὖν
841 1318 926 1355 26b
942 1319 1003 1364 18,
1032 1317 1178 1354 766a4
1206 1311 1293 1354 ἐπεὶ
1321 1312 1366 1353 δὲ
1393 1312 1440 1353 τὸ
1468 1310 1545 1365 μὲν
1572 1310 1644 1352 δύ-

211 1392 335 1419 ναται
362 1375 409 1418 τὸ
439 1377 476 1418 δ’
505 1377 707 1417 ἀδυνατεῖ
731 1376 918 1429 ἐκκρῖναι
945 1378 992 1418 τὸ
1019 1377 1255 1429 περίττωμα
1281 1375 1475 1427 καθαρόν
1497 1405 1506 1414 .
1527 1404 1537 1414 .
1560 1404 1569 1413 .
1587 1378 1645 1425 τῷ

211 1441 288 1493 μὲν
324 1437 403 1482 οὖν
440 1440 469 1494 ἦ
504 1440 679 1491 ὑστέρα,
715 1446 773 1493 τῷ
802 1441 838 1482 δ’
868 1441 892 1481 ὁ
919 1440 1108 1491 περίνεός
1135 1438 1258 1481 ἐστιν.
1289 1442 1461 1479 361320
1488 1437 1574 1478 ἐπεὶ
1601 1436 1645 1478 δὲ

210 1507 404 1545 πλεῖστον
431 1502 509 1555 μὲν
534 1504 777 1556 καταβαίνει
803 1504 918 1554 ὕδωρ
948 1503 994 1544 ἐν
1020 1504 1184 1550 τούτοις
1211 1505 1299 1550 τοῖς
1325 1502 1469 1549 τόποις
1491 1531 1500 1541 .
1521 1531 1531 1541 .
1550 1531 1558 1540 .
1579 1500 1644 1540 εὐ-

162 1586 165 1588 ·
209 1568 345 1620 λόγως
380 1566 434 1607 ἂν
473 1562 554 1607 οὖν
593 1566 792 1608 ἐντεῦθεν
818 1567 1005 1619 γίγνοιτο
1032 1567 1083 1608 τὰ
1109 1569 1280 1608 πλεῖστα
1307 1564 1378 1606 καὶ
1404 1563 1643 1615 κυριώτατα

211 1632 297 1672 τῶν
323 1630 589 1681 πνευμάτων.
650 1632 802 1670 Eadem
839 1631 924 1669 fere
952 1632 1010 1668 vis
1039 1636 1100 1669 est
1127 1631 1341 1681 particulae
1367 1623 1448 1667 οὖν
1475 1628 1623 1665 7491st
1633 1642 1643 1665 x

212 1696 362 1734 indicat
381 1694 484 1732 euim
507 1694 582 1730 iam
611 1694 742 1731 redire
769 1693 984 1730 orationem
1013 1693 1118 1728 unde
1146 1692 1333 1739 degressa
1360 1691 1423 1728 sit.
1467 1689 1645 1738 Namque

209 1769 329 1806 quum
363 1757 506 1792 dixerit
530 1753 686 1804 γίνεται
716 1752 761 1792 δὲ
792 1756 925 1792 ταῦτα
954 1750 1023 1798 (τὰ
1050 1749 1277 1803 ὑπηνέμια)
1306 1754 1395 1798 τοῖς
1423 1750 1479 1803 μὴ
1506 1762 1645 1802 πτητι-

207 1819 300 1864 κοῖς
321 1814 425 1868 μηδὲ
446 1815 696 1867 γαμψώνυξι
717 1817 803 1855 τῶν
823 1814 1026 1865 ὀρνίθων,
1054 1812 1159 1855 ἀλλὰ
1185 1817 1273 1862 τοῖς
1299 1815 1575 1866 πολυγόνοις.
1589 1843 1644 1863 ..,

207 1882 297 1927 τοῖς
317 1878 362 1919 δὲ
384 1878 656 1930 γαμψώνυξιν
682 1880 939 1930 exspectabas
964 1884 1009 1917 ut
1036 1880 1199 1917 adderet
1227 1877 1280 1918 οὐ
1307 1877 1464 1929 γίνεται
1490 1879 1643 1916 ταῦται

206 1944 288 1982 imo
324 1943 500 1991 longiore
538 1943 712 1980 oratione
749 1942 955 1979 interiecta
988 1942 1117 1991 pergit
1152 1938 1240 1980 ἐπεὶ
1274 1936 1354 1980 οὖν
1389 1939 1460 1981 καὶ
1496 1939 1525 1992 ἦ
1560 1939 1645 1978 τῶν

209 2005 373 2055 πτερῶν
412 2002 540 2054 φύσις
577 2001 647 2042 καὶ
675 2002 703 2054 ἦ
729 2005 808 2042 τοῦ
836 2001 1070 2053 σπέρματος
1088 2001 1254 2053 γίνεται
1281 2001 1325 2043 ἐκ
1351 2002 1642 2054 περιττώσεως,

205 2067 258 2108 οὐ
282 2067 460 2107 δύναται
479 2065 507 2118 ἦ
527 2065 655 2116 φύσις
683 2063 747 2105 ἐπ’
775 2064 993 2117 ἀμφότερα
1020 2067 1256 2117 πολυχοεῐν.
1302 2068 1452 2116 Quibus
1481 2065 1641 2117 quidem

212 2131 405 2181 exemplis
442 2131 542 2168 bene
578 2129 832 2167 consideratis
866 2142 941 2167 non
975 2135 1086 2168 recte
1121 2129 1268 2167 fecisse
1305 2129 1505 2168 videbitur
1532 2128 1644 2177 Bkk„

210 2193 277 2244 qui
307 2194 506 2231 1:3552210
535 2190 572 2231 δ’
602 2205 624 2230 e
651 2196 841 2230 contextu
880 2192 1110 2231 eiiciendum
1141 2192 1303 2241 putavit,
1335 2203 1456 2240 quum
1486 2202 1643 2228 sensum

211 2256 371 2295 turbare
399 2255 607 2294 videretur.
636 2250 721 2294 ἐπεὶ
751 2252 797 2293 δὲ
824 2253 1012 2304 φανερόν
1039 2251 1151 2293 ἐστιν
1180 2249 1244 2293 ὅτι
1267 2283 1275 2292 .
1295 2283 1305 2293 .
1327 2282 1336 2292 .
1353 2251 1486 2305 δῆλον
1512 2250 1550 2292 δ’
1579 2249 1644 2291 ὅτι

208 2331 310 2369 quae
350 2330 419 2356 sex
457 2318 635 2356 versibus
663 2318 906 2367 interpositis
937 2318 1126 2368 apodosin
1153 2317 1364 2368 incipiunt:
1393 2328 1512 2366 quum
1540 2315 1643 2352 enim

208 2380 363 2431 longius
393 2384 500 2418 esset
539 2380 648 2431 prius
687 2381 874 2418 orationis
911 2382 1151 2426 membrum,
1191 2379 1335 2417 factum
1374 2382 1435 2416 est
1461 2381 1506 2416 ut
1534 2377 1641 2415 ince-

203 2447 271 2493 pta
309 2443 550 2480 constructio
597 2443 774 2493 neglecta
812 2443 877 2482 sit.
933 2444 973 2481 ln
1007 2442 1173 2480 similem
1207 2453 1381 2480 errorem
1419 2439 1642 2478 Bekkerum

207 2505 402 2555 particula
442 2502 488 2543 δὲ
523 2505 677 2543 videtur
713 2505 912 2543 induxisse
949 2506 1141 2542 722219:
1181 2502 1475 2554 scripsit.enim
1500 2498 1538 2540 >el
1564 2497 1643 2549 μὲν

207 2567 302 2616 γάρ,
332 2565 402 2606 ἄπ’
432 2565 604 2607 ἐκείνων
623 2595 634 2606 .
656 2595 664 2605 .
687 2597 710 2616 .,
733 2581 851 2618 quum
874 2568 1121 2606 scribendum
1150 2567 1200 2605 sit
1226 2564 1357 2603 deleto
1385 2566 1580 2602 commate
1607 2561 1643 2601 εἰ

205 2628 282 2680 μὲν
321 2628 402 2680 γὰρ
443 2629 515 2670 ἄπ’
555 2628 726 2670 ἐκείνων
760 2629 917 2682 μόνον,
947 2627 1108 2670 ἐοίκασι
1135 2626 1181 2668 δὲ
1207 2628 1368 2679 μᾶλλον
1394 2628 1529 2666 ταῦτα
1554 2626 1642 2672 τοῖς

200 2694 382 2743 γονεῦσι
418 2692 470 2733 τὰ
509 2692 816 2746 ἄνομοιομερῆι
863 2706 953 2733 nam
990 2693 1118 2732 verbis
1155 2689 1191 2730 εἰ
1225 2687 1302 2742 μὲν
1402 2689 1642 2740 respondent

201 2767 258 2795 vs.
281 2757 334 2794 23
362 2754 397 2794 εἰ
424 2755 462 2795 δ’
489 2755 574 2797 α’πὸ
600 2757 687 2797 τῶν
711 2755 1032 2808 ἄνομοιομερῶν
1058 2754 1193 2807 μόνον
1219 2758 1261 2794 et
1285 2765 1340 2793 vs,
1362 2755 1414 2792 27
1442 2749 1479 2791 εἰ
1505 2750 1540 2791 δ’
1567 2749 1640 2790 ἀπ’
