1826 3112
314 203 392 242 260
818 204 1218 238 ΑΝΑΛΤΤΙΚΩΝ

267 322 301 349 10
314 299 528 363 γονέναι
507 300 538 364 η’
551 298 670 347 εἶναι.
687 298 919 361 ἐνθύμημα
937 301 1013 360 μεν
1034 318 1120 346 ουν
1140 301 1227 346 ἐστὶ
1242 297 1537 361 συλλογισμὸς
1554 298 1599 354 ἐξ
1617 299 1730 346 εἰκό-

315 383 402 413 των
431 364 463 429 ἢ
499 367 709 428 σηιιείων,
747 365 1002 426 λαμβάνεται
1030 367 1076 411 δὲ
1105 364 1157 411 τὸ
1191 372 1367 427 σημεῖον
1395 383 1577 425 τριχως,
1623 363 1730 410 ὁσα-

315 437 401 493 χώς
431 434 503 477 καὶ
531 431 582 478 τὸ
605 432 753 514 μέσον
755 432 800 478 ἐν
821 437 912 488 τοῖς
930 431 1166 494 σχήμασιν·
1203 429 1232 492 ἢ
1251 430 1332 492 γὰρ
1354 450 1412 487 ως
1434 432 1478 477 ἐν
1495 435 1554 476 τῶ
1576 429 1733 493 πρώτῳ

316 496 347 560 ἢ
367 516 426 553 ως
444 498 487 543 ἐν
506 501 566 542 τῶ
587 498 704 579 μέσῳ
724 494 753 559 ἢ
773 495 835 554 ὥς
855 498 899 544 ἐν
915 502 976 562 τῷ
996 499 1135 562 τρίτῳ,
1159 502 1252 542 οἱον
1271 495 1322 542 τὸ
1343 499 1419 556 μὲν
1443 495 1575 551 δεῖξαι
1591 495 1734 541 κύου-

317 574 401 608 σαν
439 561 511 608 διὰ
548 561 599 608 τὸ
630 563 781 623 γάλα’
769 563 874 622 ἔχειν
912 564 958 609 ἐκ
996 568 1079 608 τοῦ
1112 562 1294 622 πρώτου
1328 562 1567 624 σχήματος·
1603 562 1735 620 μέσον

270 648 303 676 15
318 626 427 707 γὰρ
436 625 488 672 τὸ
526 628 637 695 γάλα
678 629 794 688 ἔχειν.
844 627 911 689 ἐφ’
939 623 976 673 05
1005 627 1055 674 τὸ
1085 633 1123 674 Α
1149 628 1286 682 κύειν,
1318 627 1368 673 τὸ
1403 632 1440 673 Β
1473 627 1582 687 γάλα
1615 628 1733 686 ἔχειν,

317 690 430 755 γυνὴ
461 691 528 751 ἐφ’
558 696 592 756 ῴ
621 697 671 739 Γ.
709 692 759 739 τὸ
785 692 822 739 6'
840 692 905 740 ὅτι
920 695 968 743 οἱ
989 695 1124 754 σοφοὶ
1151 697 1397 749 σπουδαῖοι,
1420 689 1636 748 Πιττακὸς
1653 690 1735 760 γὰρ

317 761 583 814 σπουδαῖος,
612 756 686 804 διὰ
720 763 804 804 τοῦ
820 759 1012 819 ἐσχάτου.
1057 758 1123 819 ἐφ’
1149 754 1184 803 οἷ
1205 764 1241 804 Α
1258 757 1307 804 τὸ
1334 763 1589 813 σπουδαῖον,
1611 756 1677 816 ἐφ’
1698 759 1733 820 ῷ

319 827 357 869 Β
386 824 429 869 οἱ
460 825 607 883 σοφοί,
640 822 706 884 ἐφ’
735 818 771 888 ᾠ
802 828 847 870 Γ
879 825 1107 880 Πιττακός.
1154 804 1317 885 ἀληθὲς
1343 822 1397 884 δή
1431 825 1503 868 καὶ
1534 821 1584 868 τὸ
1606 827 1643 867 A
1663 802 1736 867 κάὶ

319 887 371 935 τὸ
385 892 514 935 Βτοῦ
528 893 895 951 Γκατηγορῆσαι·
914 888 1029 950 πλην
1040 888 1090 934 τὸ
1113 890 1188 948 μὲν
1209 887 1268 934 οὔ
1286 889 1461 949 λέγουσι
1482 887 1553 933 διὰ
1563 906 1613 933 το
1598 885 1736 933 εἰδέ-

270 972 414 1009 2οναι,
445 952 496 999 τὸ
525 956 572 1000 δὲ
601 954 908 1012 λαμβάνουσιν.
960 952 1010 999 τὸ
1039 955 1085 1000 δὲ
1115 953 1251 1009 κιέιν,
1279 951 1345 999 ὅτι
1376 953 1513 1013 ωχρά,
1548 951 1621 999 διὰ
1652 955 1737 997 τοῦ

319 1020 459 1079 μέσου
482 1019 698 1080 σχήιιατος
710 1020 915 1078 βούλεται
938 1025 1065 1065 εἰναι·
1095 1019 1183 1065 ἐπεὶ
1213 1017 1296 1100 γάρ
1317 1020 1456 1065 ἕπεται
1475 1024 1567 1075 ταῖς
1594 1016 1736 1063 κυού-

321 1096 420 1141 σαις
449 1083 500 1129 τὸ
535 1083 699 1165 ωχρόν,
729 1083 973 1130 ακολουθεῖ
988 1085 1033 1130 δὲ
1051 1086 1123 1129 καὶ
1142 1102 1303 1143 ταυτῃ,
1334 1088 1548 1151 δεδεῖχθαι
1573 1085 1736 1129 οἴονται,

321 1148 387 1196 ὅτι
418 1149 528 1195 κύει.
569 1147 621 1195 τὸ
652 1147 795 1232 ωχρόν
819 1149 895 1215 ἐφ’
922 1168 979 1196 ου
1005 1148 1056 1195 τὸ
1080 1154 1129 1204 Α,
1161 1148 1211 1195 τὸ
1241 1149 1364 1195 κύειν
1389 1149 1455 1210 ἐφ’
1473 1151 1530 1195 οὑ
1555 1153 1603 1203 Β,
1623 1146 1735 1210 γυνὴ

322 1214 390 1275 ἐφ’
417 1233 475 1261 ov
499 1218 550 1259 Γ.
582 1213 658 1260 ἐὰν
682 1217 758 1274 μὲν
777 1216 863 1261 οὐν
884 1213 913 1277 ἡ
933 1216 1009 1274 μία
1030 1218 1166 1274 λεχθῇ
1186 1214 1406 1272 πρότασις,
1429 1220 1607 1276 σημεῖον
1623 1215 1735 1274 γίνε-

274 1301 308 1328 25
321 1298 391 1327 ται
423 1279 581 1340 μόνον,
614 1278 687 1326 ἐὰν
718 1282 765 1326 δὲ
798 1282 870 1326 καὶ
903 1279 932 1343 ἡ
959 1281 1078 1339 ἑτέρα
1104 1284 1398 1342 προσληφθῇ,
1433 1278 1736 1340 συλλογισμός,

322 1344 419 1392 οἷον
447 1343 514 1391 ὅτι
544 1344 762 1402 Πιττακὸς
779 1347 1047 1405 ἐλευθέριος·
1083 1347 1125 1391 οὶ
1150 1345 1231 1405 γὰρ
1250 1346 1468 1405 φιλότιμοι
1485 1346 1736 1403 ἐλευθέριοι,

325 1410 547 1468 Πιττακὸς
573 1413 619 1457 δὲ
639 1412 876 1471 φιλότιμος.
910 1410 940 1474 ἢ
959 1408 1128 1458 πάλιν
1110 1408 1177 1457 ότι
1196 1413 1238 1457 οὶ
1259 1414 1394 1471 σοφοὶ
1414 1411 1592 1478 αγαθοί·
1627 1413 1736 1455 Πιτ-

322 1475 453 1533 τακὸς
468 1476 550 1538 γάρ
572 1475 766 1537 αγαθός,
798 1475 908 1522 ἀλλὰ
932 1479 1005 1523 καὶ
1025 1476 1183 1536 σοφός.
1214 1474 1332 1522 οὕτω
1353 1479 1429 1536 μὲν
1449 1478 1534 1523 ούν
1550 1478 1738 1537 γίνονται

323 1544 621 1602 συλλογισμοί,
652 1541 769 1623 πλὴν
798 1541 823 1587 ὁ
856 1560 932 1602 μεν
962 1540 1033 1588 διά
1059 1546 1143 1588 τοῦ
1173 1542 1349 1600 πρώτου
1376 1542 1594 1604 σχήματος
1628 1540 1738 1587 ἅλυ-

274 1627 308 1655 so
321 1626 413 1664 τος,-
432 1605 487 1654 &v
506 1601 725 1670 “6²23693
696 1627 726 1667 ῃ
749 1608 982 1674 (καθόλου
1002 1606 1083 1668 γάρ
1102 1608 1254 1668 ἐστιν),
1275 1606 1300 1653 ὁ
1320 1609 1366 1653 δὲ
1381 1606 1451 1653 διὰ
1462 1626 1543 1654 του
1525 1607 1738 1667 ἐσχάτου

320 1673 527 1733 λύσιμος,
563 1671 646 1719 κᾶν
678 1672 841 1735 ἀληθὲς
868 1675 898 1734 ᾐ
926 1672 976 1719 τὸ
1008 1674 1319 1732 συμπέρασμα,
1359 1671 1430 1718 διὰ
1459 1672 1510 1719 τὸ
1542 1671 1601 1734 μὴ
1631 1678 1738 1718 εἰναι

321 1740 526 1786 καθόλου
554 1740 661 1801 μηδὲ
688 1737 801 1798 πρὸς
831 1737 880 1784 τὸ
905 1742 1080 1799 πρᾶγμα
1109 1737 1189 1784 τὸν
1213 1738 1532 1798 συλλογισμόν·
1570 1756 1628 1783 ου
1655 1735 1739 1798 γάρ

323 1807 361 1852 εἰ
392 1804 612 1861 Πιττακὸς
636 1808 890 1861 σπουδαῖος,
913 1803 985 1850 διὰ
1010 1809 1143 1850 τοῦτο
1169 1805 1243 1849 καὶ
1267 1803 1374 1861 τούς
1393 1803 1556 1860 α’λλους
1572 1802 1738 1865 ανάγκη

324 1870 510 1932 σοφούς.
543 1868 568 1916 ὁ
600 1871 645 1916 δὲ
679 1869 751 1916 διὰ
778 1875 863 1916 τοῦ
887 1871 1027 1930 μέσου
1051 1870 1266 1932 σχήματος
1287 1869 1352 1915 dez
1374 1872 1446 1915 καὶ.
1468 1870 1637 1925 πάντως
1656 1868 1740 1915 λύ-

274 1957 308 1985 85
324 1948 469 1995 σιμος
512 1935 722 1982 ου’δέποτε
758 1934 843 2015 γάρ
874 1937 1031 1996 γίνεται
1064 1934 1356 1995 συλλογισμὸς
1387 1934 1527 1991 οὕτως
1556 1936 1740 1994 ἐχόντων

322 2006 409 2047 τῶν
440 1999 576 2059 ὅρων·
618 1999 677 2046 ου’
716 1999 798 2082 γὰρ
829 2002 867 2046 εἰ
892 1999 925 2062 ἡ
953 2000 1128 2046 κύουσα
1154 1999 1287 2065 οῗχρά,
1326 1999 1442 2060 ωχρα
1476 2001 1521 2046 δὲ
1546 2002 1618 2045 καὶ
1645 1997 1738 2061 ἥδε,

324 2066 449 2113 κύειν
465 2064 631 2127 ἀνάγκη
648 2065 823 2128 ταύτην.
845 2064 1009 2127 αληθὲς
1019 2067 1096 2125 μὲν
1114 2066 1198 2111 οὐν
1217 2063 1296 2111 ἐν
1277 2063 1436 2111 άπασιν
1457 2064 1637 2126 υπάρξει
1648 2069 1740 2120 τοῖς

324 2133 532 2213 σημείοις,
551 2130 768 2191 διαφοράς
787 2130 826 2177 6'
850 2132 997 2191 ἔχουσι
1011 2129 1088 2187 τὰς
1109 2131 1342 2192 εἰρημένας.

286 2215 309 2248 b
446 2194 514 2242 ”H
528 2195 583 2259 δὴ
605 2194 723 2243 οὕτω
741 2197 978 2257 διαιρετέον
998 2195 1049 2243 τὸ
1070 2202 1260 2259 σημεῖον,
1276 2195 1445 2243 τούτων
1465 2196 1511 2242 δὲ
1535 2193 1587 2241 τὸ
1608 2195 1740 2255 μέσον

418 2376 459 2408 10
470 2385 535 2414 μεν
551 2367 632 2429 ουν]
651 2372 690 2407 δὲ
708 2376 767 2407 Cn
779 2392 822 2400 -
845 2373 894 2418 ἐξ]
919 2371 1146 2429 ἀτελῆςέξτιπ,
1165 2373 1254 2416 prC.
1268 2390 1312 2398 —
1327 2374 1363 2406 ll
1383 2367 1467 2416 η’]ἢ
1487 2360 1548 2404 καῖ
1569 2366 1634 2412 C,
1617 2383 1638 2412 η
1634 2367 1739 2403 “.ἒκη

326 2417 852 2473 -15α]ατὸεῑβ]βτό0.
878 2412 1466 2472 -16ἐφ’ᾦ]δὲέφ’ᾦτὸο.-
1495 2397 1740 2468 1795222010.

328 2482 364 2488 -
394 2457 477 2507 ᾧτό
497 2463 519 2507 β
540 2463 707 2495 Accdum.
732 2481 777 2487 —
804 2464 844 2496 18
863 2457 892 2509 ᾦ
912 2460 953 2497 τὸ
971 2476 991 2504 γ
1012 2464 1047 2495 C.
1068 2481 1107 2488 —
1130 2463 1174 2495 23
1189 2462 1268 2496 κύει
1288 2460 1308 2504 ἡ
1325 2459 1428 2503 γυνή.
1447 2458 1487 2494 τὸ
1510 2460 1546 2492 C.
1557 2478 1601 2485 -—
1624 2459 1675 2491 alt
1695 2455 1735 2492 τό

328 2517 446 2540 omm.
473 2526 512 2531 —-
538 2505 668 2540 tertt6
689 2519 790 2539 omn.
817 2526 856 2532 -
868 2497 920 2550 β]
944 2506 1023 2550 τὸγ
1045 2509 1080 2540 C.
1104 2525 1147 2532 —-
1171 2507 1265 2549 947]
1285 2503 1414 2561 τὸγΟ.
1439 2524 1482 2529 -
1515 2503 1633 2547 ἡμία]
1654 2502 1740 2555 ἡμῖν

327 2563 369 2594 pr
387 2552 423 2584 G.
446 2570 490 2576 —
513 2552 657 2594 λεχθείη
680 2552 717 2585 G.
741 2568 785 2575 -
815 2552 858 2583 25
879 2551 918 2585 δὲ
934 2551 994 2585 καὶ
1013 2562 1139 2584 corrn.
1165 2569 1206 2574 —
1237 2551 1280 2583 26
1297 2546 1401 2593 ὃέι]
1387 2547 1442 2584 ότι
1460 2548 1479 2582 ὁ
1502 2550 1539 2581 C.
1563 2568 1604 2573 -
1641 2545 1740 2582 ἐλεύ-

328 2597 441 2639 θερος
458 2602 493 2627 et
508 2564 695 2651 ἐλεύθεροι
713 2596 745 2628 d.
770 2615 811 2620 —
836 2597 879 2629 ‘29
895 2595 990 2637 πλὴν
1010 2608 1087 2628 corr
1100 2597 1134 2637 f,
1160 2593 1268 2628 πάλιν
1291 2595 1328 2627 C.
1352 2613 1392 2618 —
1425 2595 1464 2627 31
1490 2590 1630 2636 ἀληθὴς
1648 2603 1687 2634 pr
1705 2601 1738 2624 n.

329 2656 372 2666 -
386 2641 429 2673 33
448 2635 588 2684 ἀνάγκη
608 2648 686 2672 ante
706 2639 767 2674 διὰ
784 2640 819 2674 G.
832 2657 876 2666 —
890 2642 932 2674 34
945 2638 1083 2684 ἀνάγκη
1104 2637 1198 2674 εἶναι
1211 2637 1350 2683 σοφούς
1363 2638 1397 2672 d.
1407 2657 1447 2663 —
1459 2638 1503 2671 38
1516 2643 1594 2680 post
1613 2635 1739 2679 σημεί-

330 2695 398 2723 ⁰¹9
419 2685 515 2761 238?
527 2684 787 2772 ἕξῗᾼιὲθέἓὲ,
798 2684 848 2764 vsbl
862 2685 920 2773 ιξὴ
926 2729 964 2771 C,
990 2724 1013 2771 ἢ
1029 2727 1064 2763 εἰ
1079 2724 1124 2772 δὴ
1145 2727 1178 2760 d.
