1760 3112
266 214 318 252 50
656 211 1115 255 ScholiainAnalyt.
1139 215 1308 255 poster.

180 310 256 344 721)
360 305 444 344 ἀντὶ
465 309 532 343 τοῦ
556 309 671 344 εἰπεῖν
694 311 721 342 A
746 305 824 342 εἶπε
849 309 901 351 Γ,
924 307 986 342 ἵνα
1009 305 1071 343 διὰ
1093 307 1159 352 τῆς
1183 305 1393 354 ἑτερότητος
1415 307 1481 342 τοῦ
1504 306 1682 350 στοιχείου

213 354 256 388 39
273 363 415 410 δηλώσῃ
439 361 498 399 ὅτι
517 363 559 399 τὸ
584 363 649 408 μὲν
674 366 701 397 Α
725 363 904 407 εἴληπται.
949 362 1058 398 Laur.

180 423 223 456 73
239 433 258 454 a
361 419 542 455 δέδεικται
564 418 605 454 δὲ
627 415 686 453 ὅτι
708 417 747 452 ἐν
783 416 939 464 δευτέρῳ
959 418 1022 453 καὶ
1045 418 1154 463 τρίτῳ
1178 414 1333 461 σχήματι
1355 412 1380 461 ἢ
1405 413 1448 451 οὕ
1467 416 1604 460 γίνεται
1624 414 1684 451 κύ·

235 466 256 499 6
272 478 343 522 κλῳ
366 475 479 518 δεῖξις
499 472 524 519 ἢ
547 470 592 508 οὐ
617 473 684 507 τοῦ
708 471 914 517 ληφθέντος
933 473 1072 518 γίνεται
1095 469 1341 516 συλλογισμός.
1377 471 1486 505 Laut.

174 533 218 566 73
237 544 257 564 a
274 532 315 565 37
362 529 404 566 τὸ
429 530 469 565 δὲ
494 526 667 571 „afficte”
692 525 775 563 ἀντὶ
796 530 863 563 τοῦ
886 528 981 563 τισὶν
1003 526 1258 572 ὑποκειμένοις
1279 523 1444 570 ληπτέον.
1491 526 1543 560 ld.

181 588 259 621 74a
363 583 606 629 ,,άνώνυμον”
635 580 752 628 ἤγουν
783 579 965 629 ἀόριστον.
1022 581 1194 629 άόριστον
1228 581 1268 618 δὲ
1297 579 1407 617 τοῦτό
1432 594 1526 626 φημι
1558 578 1607 620 ῶς
1637 577 1686 623 μὴ

236 632 258 664 8
274 639 478 685 δυνάμενον
501 638 560 674 ἐπὶ
582 640 708 673 ποσῶν
729 638 854 683 μόνων
875 641 1101 684 θεωρεῖσθαι
1131 638 1194 673 καὶ
1225 634 1282 682 ἐφ’
1307 633 1359 671 ῶν
1391 637 1539 681 εἴπομεν
1567 635 1688 675 εἰδῶν,

273 693 366 731 ἀλλὰ
389 695 451 730 καὶ
476 693 535 729 ἐπὶ
556 694 675 729 ποιῶν
697 694 758 728 καὶ
778 692 925 735 οὐσιῶν,
948 693 1011 728 καὶ
1033 692 1278 739 λαμβάνοντες
1289 693 1399 727 τοῦτο
1422 691 1464 726 τὸ
1483 688 1609 726 κοινὸν
1625 688 1689 724 καὶ

274 751 452 795 λέγοντες·
475 748 540 784 ἐὰν
561 749 718 794 τέσσαρα
739 748 828 784 τάδε
851 745 916 792 (τά
939 747 979 783 δὲ
1003 748 1088 791 ms.)
1112 745 1292 792 ἀνάλογον
1311 746 1425 791 ἔχωσι,
1448 745 1511 781 καὶ
1538 742 1690 786 ἐναλλὰξ

276 803 456 850 άνάλογον
487 803 642 847 ἕξουσιν,
665 805 808 839 οἴονται
837 801 903 847 μὲν
925 801 1090 838 καθόλου
1114 803 1243 846 δεῖξαι,
1269 799 1312 837 οὖ
1336 801 1544 838 δεικνύουσι
1567 798 1606 836 δὲ
1627 797 1690 834 διὰ

275 861 316 897 τὸ
342 859 438 896 εἶναι
459 858 501 894 τὸ
528 858 654 894 κοινὸν
676 860 787 894 τοῦτο
813 854 995 903 ἀόριστον.
1040 858 1090 891 ld.

183 917 226 950 74
241 928 261 949 n
365 913 414 957 ῶς
436 913 478 950 τὸ
500 916 677 960 τρίγωνον
700 910 755 957 ἐφ’
789 908 834 948 οὗ
859 913 1024 947 καθόλου
1048 912 1232 946 δείκνυται
1261 911 1324 946 καὶ
1358 909 1511 957 πρώτως
1533 909 1574 944 τὸ
1599 908 1691 953 ἔχειν

238 961 342 1013 916«,-
371 973 467 1017 τρεῖς
497 970 632 1013 γωνίας
656 968 760 1002 δυσὶν
792 964 926 1013 ὀρθαῖς
958 968 1056 1010 ἴσας,
1089 965 1169 1010 εἠσε
1188 965 1310 1010 (ἐάσει
1337 979 1372 1000 v.
1391 965 1534 1008 εἴασεῖ)
1566 963 1607 999 δέ
1636 975 1692 1003 τις

275 1027 335 1062 ἐπὶ
356 1026 424 1060 τοῦ
446 1022 612 1059 καθόλου
635 1022 771 1057 τούτου
794 1020 974 1068 τριγώνου
996 1020 1066 1066 τὴν
1090 1018 1279 1063 ἀπόδειξιν
1300 1022 1470 1066 ποιῆσαι,
1507 1017 1692 1061 αποδείξει

275 1082 316 1118 δὲ
339 1082 449 1116 τοῦτο
472 1077 514 1114 τὸ
537 1078 663 1117 πάθος
685 1076 862 1123 υπάρχειν
886 1075 1056 1124 (ὑπάρχει
1078 1077 1162 1120 ms.)
1196 1075 1234 1111 ἐν
1259 1075 1359 1123 μέρει
1381 1076 1454 1112 τινὶ
1476 1076 1544 1110 τοῦ
1566 1072 1692 1121 τριγώ-

275 1150 354 1181 νου,
377 1135 493 1180 ἤγουν
518 1133 557 1168 ἐν
575 1134 628 1180 τῷ
654 1130 874 1168 ἰσοσκελεῖ”
852 1148 871 1176 η
897 1133 935 1167 ἐν
957 1134 1009 1178 τῷ
1034 1131 1245 1178 ἱσοπλευρῳ.
1291 1133 1343 1166 ld.
1371 1132 1585 1174 cf.Phi10p.

182 1191 262 1225 742
366 1204 434 1227 ουκ
466 1189 541 1224 ἔστι
571 1168 612 1223 δέ
642 1189 808 1223 καθόλου
842 1186 866 1232 ἡ
900 1168 1086 1229 ἀπόδειξις
1114 1199 1261 1230 τουτου,
1294 1185 1410 1231 ἤγουν
1432 1199 1498 1221 του
1528 1184 1578 1230 μὴ
1602 1195 1693 1228 συμ-

220 1235 261 1268 15
277 1247 436 1287 πίπτειν,
459 1243 555 1279 διότι
580 1244 692 1278 τοῦτο
715 1241 757 1277 τὸ
782 1242 831 1287 μὴ
857 1244 1074 1287 συμπίπτειν
1092 1243 1282 1288 συμβαίνει
1305 1239 1446 1283 αὐταῖς,
1469 1240 1519 1286 μὴ
1543 1237 1600 1276 ὅτι
1624 1238 1693 1273 (ὁδὶ

277 1304 365 1344 ἴσαι,
389 1299 505 1346 ἤγουν
529 1297 572 1334 οὐ
598 1298 694 1333 διότι
716 1296 830 1342 μόνον
854 1298 893 1332 αἱ
917 1297 1018 1337 έντός
1040 1298 1169 1341 γωνίαι
1192 1298 1297 1332 δυσὶν
1322 1294 1456 1343 ὀρθαῖς
1484 1297 1561 1331 ἴσαι
1590 1294 1693 1335 εἰσίν,

277 1355 352 1393 ἄλλ’
375 1353 399 1400 ἢ
424 1354 595 1391 ὁπωσοῦν
619 1355 714 1395 ἰ’,σαι
739 1350 828 1387 <moi
854 1352 916 1387 καὶ
940 1352 998 1388 διὰ
1023 1351 1046 1397 ἦ
1071 1352 1172 1394 ἐκτὸς
1194 1353 1307 1396 γωνία
1330 1353 1389 1397 ἴση
1414 1352 1487 1387 ἐστὶ
1510 1351 1556 1397 τῇ
1579 1348 1692 1389 ἐντός.

278 1426 322 1449 ου
346 1423 533 1458 προσφυες
556 1407 598 1444 δέ
621 1407 696 1444 ἐστι
719 1406 760 1443 τὸ
784 1407 1018 1454 παράδειγμα
1040 1410 1162 1443 τοῦτο.
1209 1408 1262 1441 Id.

185 1471 228 1505 74
244 1481 263 1503 a
366 1464 415 1512 ,,ἢ
447 1467 514 1513 μιᾷ
548 1461 755 1506 άποδείξει”
790 1461 904 1507 ἤγουν
938 1465 983 1510 τῇ
1006 1460 1062 1498 ἐπ’
1092 1461 1245 1504 εὐθείας
1267 1462 1387 1506 δείξει,
1410 1459 1461 1506 ,,ἢ
1483 1460 1544 1496 καὶ
1569 1454 1695 1504 ἓτέρᾳ”

218 1515 302 1548 26”
278 1535 393 1569 ηγουν
415 1523 462 1567 τῇ
487 1521 537 1559 εἰς
561 1517 748 1555 αδυνατον
771 1515 963 1564 άπαγωγῇ.
1010 1519 1065 1552 Id.

186 1582 230 1615 75
245 1592 264 1613 a
368 1576 434 1612 ἐαν
466 1574 559 1621 λάβῃ
591 1573 826 1618 ἐνδεχόμενον
855 1571 965 1616 μέσον
997 1571 1047 1617 μὴ
1082 1571 1187 1612 εἰδώς
1211 1585 1268 1607 οτι
1292 1569 1526 1615 ένδεχόμενός
1548 1570 1623 1605 ἐστι

222 1626 264 1659 15
279 1630 304 1678 ἢ
327 1629 397 1667 κᾶν
420 1629 576 1675 γινώσκῃ
601 1627 659 1664 ὅτι
683 1628 704 1663 6
727 1627 884 1672 ληφθεὶς
907 1625 1140 1671 ἐνδεχόμενός
1163 1627 1272 1670 ἐστιν,
1302 1623 1390 1661 ου’δὲ
1412 1622 1505 1666 ὅλως
1534 1623 1696 1670 οἰήσεται

280 1685 339 1724 ὅτι
361 1686 561 1722 ἐπίσταται.
608 1685 659 1717 ld.

186 1745 230 1778 75
247 1755 265 1776 a
379 1740 545 1777 τουτέστι
568 1737 615 1773 δι’
635 1737 807 1783 ἐμμέσων,
830 1735 909 1771 οἷον
934 1733 992 1771 ὅτι
1013 1734 1036 1779 ἡ
1061 1734 1191 1779 σελήνη
1214 1734 1320 1770 σκιὰν
1337 1734 1381 1770 οὐ
1404 1733 1576 1775 ποιεῖ,τὸ
1592 1731 1697 1769 σκιὰν

226 1789 264 1822 17
282 1810 326 1832 ου
350 1808 485 1832 ποιουν
509 1794 675 1835 ἐκλείπει,
697 1790 721 1837 ἡ
751 1789 881 1835 σελήνη
904 1788 975 1836 ἄρα
1006 1790 1171 1826 ἐκλείπει.
1217 1790 1257 1825 αἱ
1287 1788 1479 1836 προτάσεις
1502 1783 1612 1824 αὗται
1635 1787 1696 1832 ἔμ-

282 1852 385 1898 μεσοί
407 1851 493 1887 εἰσι·
519 1850 706 1885 δείκνυται
726 1846 796 1894 γὰρ
819 1846 841 1891 ἡ
867 1846 1035 1887 ἐλάττων,
1059 1859 1117 1881 οτι
1141 1859 1163 1890 η
1188 1845 1317 1890 σελήνη
1341 1844 1448 1880 σκιαν
1468 1843 1512 1880 οὗ
1527 1847 1653 1880 ποιεῖ.

283 1906 418 1952 ὁμοίως
441 1905 504 1941 καὶ
526 1904 551 1948 ἢ
574 1905 717 1948 μείζων,
741 1899 798 1938 ὅτι
820 1900 860 1936 τὸ
887 1900 993 1936 σκιὰν
1016 1897 1063 1935 οὗ
1083 1913 1218 1935 ποιουν
1243 1899 1406 1936 ἐκλείπει.
1446 1901 1498 1935 ld.

189 1964 233 1998 75
249 1975 269 1996 a
372 1960 492 1996 ἰστέον
516 1958 599 1994 δε“
578 1973 637 1994 οτι
660 1958 782 2004 ετερον
803 1955 844 1992 τὸ
870 1953 1071 1999 άναγκαῖον
1089 1955 1153 1990 καὶ
1175 1954 1298 2001 ἕτερον
1317 1954 1359 1990 τὸ
1383 1954 1420 1997 ἐξ
1441 1953 1620 1998 ἀνάγκης·
1654 1951 1694 1988 τὸ

223 2008 267 2041 25
283 2016 353 2063 γὰρ
378 2015 416 2058 ἐξ
440 2012 598 2059 ἀνάγκης
620 2010 924 2056 καθολικώτερον.
970 2010 1023 2044 ld.

190 2076 234 2110 75
249 2087 270 2108 a
373 2070 392 2106 6
416 2067 655 2117 Ἀριστοτέλης
678 2068 842 2103 ἐνταῦθα
863 2063 954 2109 λέγει
975 2077 1083 2099 κοινα
1113 2062 1208 2099 εἶναι
1236 2077 1283 2099 τα
1305 2062 1412 2100 κοινὰ
1436 2061 1628 2107 ἀξιώματα
1650 2061 1699 2102 ώς

224 2120 306 2153 42³*
284 2140 305 2162 ο
330 2124 434 2161 εἶπον
457 2124 615 2168 αξίωμα,
650 2119 725 2157 ἀλλ’
749 2134 818 2156 ουν
846 2118 988 2167 προϊών
1010 2119 1102 2164 λέγει
1123 2118 1182 2154 ὅτι
1205 2118 1369 2166 διαφορά
1391 2121 1446 2160 τίς
1476 2119 1552 2154 ἐστι
1572 2117 1637 2153 καὶ
1659 2117 1698 2153 ἐν

284 2180 447 2222 τούτοις·
478 2180 499 2215 6
531 2192 597 2224 μεν
627 2177 697 2223 γὰρ
725 2174 926 2222 γεωμέτρης
957 2175 1132 2222 λαμβάνει
1155 2171 1176 2209 ὃ
1210 2173 1314 2210 εἷπον
1346 2171 1489 2219 άξίωμα
1512 2173 1572 2209 ἐπὶ
1593 2185 1698 2219 μεγε-

284 2237 368 2272 θῶν
463 2231 483 2270 6
509 2233 549 2270 δὲ
572 2231 813 2279 ἀριθμητικὸς
834 2231 895 2266 ἐπὶ
919 2229 1098 2277 ἀριθμῶν.
1143 2231 1195 2263 Id.

192 2294 268 2328 75b
375 2287 435 2326 ὅτι
456 2288 584 2325 πολλοὶ
606 2288 794 2331 πολλαχῶς
824 2286 907 2332 περὶ
929 2287 996 2321 τοῦ
1017 2285 1309 2332 τετραγωνισμοῦ
1331 2284 1520 2330 διέλαβον,
1542 2280 1699 2329 ἀκριβῶς

225 2339 270 2373 40
285 2346 410 2392 μέντοι
433 2342 555 2385 οὐδεὶς
578 2341 818 2388 ἀπεφήνατο·
850 2343 912 2376 καὶ
935 2339 1002 2387 γὰρ
1028 2336 1135 2382 οὗτος
1158 2339 1178 2376 6
1203 2339 1353 2386 Βρύσων
1376 2339 1439 2374 καὶ
1460 2337 1699 2385 Ἱπποκράτης

286 2399 306 2437 6
341 2404 433 2441 Χῖος
463 2400 525 2435 καὶ
557 2398 733 2442 Ἀντιφῶν
769 2395 788 2431 6
823 2395 1000 2440 σοφιστὴς
1028 2396 1090 2431 καὶ
1119 2393 1138 2431 6
1170 2394 1281 2440 μέγας
1309 2392 1520 2461 Ἀρχιμήδης
1620 2393 1641 2428 6
1666 2394 1698 2428 δ’

285 2453 524 2503 Ιπποκράτης
547 2454 612 2490 διὰ
635 2454 708 2488 τῶν
731 2450 928 2497 τμημάτων
960 2449 1076 2495 ἤγουν
1098 2452 1303 2495 μηνίσκων,
1340 2448 1360 2484 6
1385 2447 1417 2484 δ’
1438 2446 1612 2493 Ἀντιφῶν
1635 2447 1698 2483 διὰ

287 2514 355 2557 τῆς
377 2511 588 2556 διχοτομίας
618 2509 685 2545 τοῦ
716 2506 1000 2554 ἐγγεγραμμένου
1035 2507 1087 2547 εἰς
1116 2506 1182 2542 τὸν
1203 2504 1337 2541 κύκλον
1367 2503 1595 2551 τετραγώνου
1626 2504 1699 2539 τῶν

287 2568 453 2612 πλευρῶν
467 2593 476 2611 ,
511 2565 625 2611 μόνος
655 2560 732 2600 δ’ὁ
757 2562 867 2608 μέγας
886 2559 1098 2607 Ἀρχιμήδης
1120 2561 1247 2606 σχεδὸν
1268 2557 1432 2603 ἀπέδειξε
1455 2560 1586 2604 τοῦτο,
1619 2556 1698 2595 κατ’

288 2617 477 2668 ἀκρίβειαν
497 2621 623 2665 μέντοι
645 2615 776 2659 οὐδείς.
822 2619 984 2653 Ambros.

194 2675 239 2709 77
254 2685 274 2708 a
291 2677 333 2712 19
377 2675 445 2719 ,,τὸ
468 2676 626 2723 πρῶτον’
628 2673 773 2721 ’ἤγουν
796 2671 816 2710 6
837 2674 967 2718 μείζων
989 2668 1086 2718 όρος.
1133 2671 1238 2707 Isaur-
