1806 3094
698 211 1042 247 PRAEFATIO.
1581 210 1631 245 XI

127 315 377 361 modestiae
406 315 606 375 speciem
635 315 965 375 praeberemus,
1001 330 1116 373 quae
1146 314 1449 374 arrogantiam
1472 315 1629 358 occul-

126 401 266 448 taret3
300 395 406 450 imo,
442 410 578 453 quum
610 393 837 439 Ciceronis
869 394 1126 455 arrogantia
1153 409 1179 437 a
1205 393 1335 437 nobis
1370 394 1517 437 aliena
1557 394 1628 449 sit,

124 489 182 518 ne
213 475 305 518 eius
336 473 602 518 modestiam
637 474 818 531 quidem
851 473 1066 517 affectare
1091 472 1337 516 voluimus:
1383 473 1476 516 vita
1511 474 1631 516 enim

125 567 207 596 nos
238 552 418 596 edocuit
453 568 507 596 ea
536 552 669 597 laude
698 553 826 596 nobis
860 551 1237 611 acquiescendum
1272 567 1393 606 esse,
1429 567 1564 611 quam
1583 553 1630 595 in

123 645 205 674 nos
235 631 324 690 ipsi
356 632 561 675 conferre
593 646 682 675 non
718 631 1036 687 erubescimus,
1073 632 1109 674 si
1134 631 1397 691 peregimus
1431 631 1556 690 quod
1585 636 1630 675 et

120 710 338 769 temporis
368 711 602 770 angustiae
633 717 678 754 et
713 711 871 754 virium
904 710 1062 754 modus
1098 716 1427 754 concesserunt.
1497 710 1628 754 Lati-

121 804 224 833 nam
255 789 455 849 linguam
486 789 624 849 igitur
651 790 802 849 patrio
832 789 1026 833 sermoni
1056 789 1365 848 praetulimus,
1397 805 1454 832 ne
1492 790 1628 833 etiarn

119 868 167 912 in
199 883 280 912 nos
312 868 495 912 caderet
525 869 648 926 quod
678 884 770 912 non
802 869 959 928 paucis
989 867 1374 928 philosophorum
1403 869 1628 912 recentio-

121 962 218 991 rum
250 947 360 990 vitio
391 947 591 1002 vertitur,
627 948 750 1007 quod
781 949 843 991 ita
876 948 1152 1008 scripserint,
1182 954 1232 991 ut
1268 948 1421 991 nobile
1455 947 1627 992 dictum

121 1025 442 1084 Talleyrandi,
479 1026 602 1083 quod
639 1027 813 1081 „oratio
848 1027 968 1070 facta
1008 1027 1086 1081 sit,
1122 1033 1171 1070 ut
1211 1027 1463 1071 occultetur
1504 1027 1627 1085 quod

120 1101 325 1159 sentias'’,
361 1104 484 1147 facto
515 1105 813 1163 comprobare
846 1106 1093 1149 videantur.
1166 1105 1399 1149 Interdum
1429 1106 1518 1149 hoc
1547 1122 1627 1150 ca-

120 1182 187 1226 dit
219 1183 264 1225 in
296 1182 558 1227 Biesium
597 1207 659 1214 ——
701 1198 804 1226 nam
835 1199 872 1227 e.
904 1199 949 1244 g.
989 1185 1204 1228 terminos
1243 1185 1496 1244 syllogismi
1536 1200 1628 1229 non

119 1261 328 1320 appellat
348 1261 625 1322 „Begriffe'’,
647 1261 726 1306 sed
749 1262 1260 1323 „Begriffsmomente'’:
1293 1263 1466 1307 scilicet
1487 1279 1626 1322 quum

116 1340 307 1384 alterum
336 1348 380 1383 et
402 1341 577 1384 doctius
600 1340 656 1383 sit
687 1346 731 1384 et
760 1342 898 1401 plane
927 1342 1050 1385 idem
1081 1342 1319 1402 significet,
1357 1357 1447 1386 non
1476 1342 1625 1399 video,

119 1433 198 1461 cur
238 1432 330 1461 non
361 1419 494 1461 liceat
535 1419 748 1462 delectari
785 1421 1008 1464 vocabulo
1049 1420 1360 1479 splendidiori.
1441 1422 1626 1466 Doctri-

117 1511 222 1540 nam
257 1505 406 1540 autem
443 1496 695 1540 Aristotelis
735 1498 851 1541 libro
889 1513 969 1542 suo
1002 1499 1066 1542 ita
1099 1499 1322 1558 exposuit,
1356 1505 1406 1542 ut
1446 1501 1627 1545 univer-

119 1590 214 1619 sam
248 1575 431 1634 quidem
453 1575 571 1618 viam
598 1582 642 1619 et
674 1577 908 1632 rationem,
946 1593 1080 1636 quam
1100 1578 1180 1622 ille
1201 1585 1379 1622 secutus
1407 1580 1476 1634 sit,
1511 1580 1628 1625 bene

120 1654 452 1714 explanaverit,
490 1654 668 1715 singula
697 1670 804 1698 vero
836 1671 950 1714 quae
986 1657 1331 1701 difficultatibus
1367 1658 1627 1703 laborarent

117 1739 194 1776 aut
228 1734 582 1793 praetermiserit
614 1740 690 1776 aut
721 1735 866 1778 minus
900 1742 1107 1779 accurate
1139 1737 1418 1795 explicuerit.
1487 1738 1624 1783 Faci—

117 1812 200 1855 lius
234 1812 418 1869 quidem
461 1812 565 1867 hoc,
601 1813 679 1856 sed
719 1814 893 1868 melius,
929 1815 1107 1874 opinor,
1145 1815 1202 1858 de
1237 1816 1483 1860 Aristotele
1527 1834 1624 1862 me-

116 1891 289 1946 ruisset,
326 1891 360 1933 si
383 1891 427 1933 in
459 1892 636 1951 singula
664 1891 926 1952 diligentius
948 1894 1271 1951 inquisivisset3
1308 1911 1423 1953 quae
1457 1896 1490 1939 si
1525 1912 1624 1940 rna-

115 1969 186 2029 gis
219 1969 450 2013 habuisset
489 1977 743 2029 perspecta,
780 1972 915 2016 etiam
950 1973 1155 2016 universa
1186 1973 1347 2017 clarius
1387 1976 1624 2034 exposuis—

116 2053 207 2091 sett
243 2047 371 2090 nobis
401 2054 522 2091 certe
551 2051 836 2108 propositum
866 2052 966 2106 fuit,
1000 2060 1050 2096 ut
1085 2053 1277 2112 singula,
1314 2068 1403 2110 quo
1437 2055 1620 2098 maiori-

114 2126 196 2169 bus
229 2125 570 2170 difficultatibus
609 2127 960 2187 impedirentur,
1004 2146 1058 2174 eo
1101 2131 1365 2190 diligentius
1409 2148 1623 2191 perscru—

114 2211 310 2248 taremur
352 2212 396 2248 et
425 2205 835 2264 interpretaremur,
873 2207 982 2252 dum
1017 2209 1075 2252 de
1108 2210 1315 2253 universa
1346 2211 1418 2254 via
1456 2217 1503 2255 et
1546 2228 1621 2255 ra-

113 2284 236 2327 tione
270 2299 358 2341 qua
376 2284 641 2327 Aristoteles
665 2286 936 2344 procederet
956 2285 1071 2347 (hae
1106 2289 1224 2332 enim
1247 2290 1421 2333 facilius
1448 2291 1621 2334 intelli—

112 2359 306 2423 guntur)
340 2363 517 2406 brevius
545 2363 804 2410 diceremus.
863 2367 1014 2421 Quare
1033 2368 1158 2425 quod
1185 2369 1374 2412 Rassow
1401 2366 1616 2429 [Aristot.

114 2441 172 2485 de
194 2441 387 2484 notionis
410 2441 673 2487 definitione
694 2443 908 2488 doctrina.
934 2462 980 2505 p.
996 2448 1059 2491 37
1081 2453 1172 2490 not.
1189 2449 1233 2500 2,
1249 2447 1305 2490 cf.
1321 2463 1365 2506 p.
1380 2449 1440 2492 15
1454 2455 1543 2491 not.
1560 2446 1619 2508 3)

113 2519 172 2564 de
193 2519 345 2563 Biesio
380 2520 490 2563 dixit
512 2523 626 2576 „etsi
655 2523 804 2566 locum
839 2524 1018 2568 silentio
1043 2541 1133 2568 non
1160 2527 1506 2584 praetermittat,
1542 2534 1616 2571 ta·-

113 2615 217 2643 men
256 2599 424 2642 incerta
454 2600 648 2658 quadam
682 2603 883 2646 oratione
905 2619 1000 2647 rem
1031 2605 1196 2648 velavit
1226 2605 1375 2663 potius
1401 2622 1535 2664 quarn
1561 2607 1617 2649 il-

113 2675 342 2722 lustravit”
384 2692 475 2721 non
510 2680 654 2723 solum
689 2680 735 2723 in
759 2697 896 2725 unum
927 2683 1078 2726 locum
1107 2683 1254 2736 cadit,
1300 2684 1380 2727 sed
1422 2684 1481 2727 de
1517 2686 1618 2728 uni-

114 2771 243 2800 verso
271 2757 367 2801 fere
412 2757 527 2800 libro
571 2758 659 2801 dici
690 2762 871 2818 poterit.
952 2760 1023 2805 Cf.
1058 2777 1174 2819 quae
1209 2762 1398 2806 diximus
1432 2779 1478 2823 p.
1503 2765 1614 2810 377.

118 2834 401 2893 Quamquam
421 2836 622 2881 Biesium
650 2838 994 2899 diligentissime
1026 2841 1295 2886 lectitavisse
1323 2842 1617 2887 Aristotelem
