1884 3100
642 167 1019 203 ΚΑΤΗΓΟΡΙΑΙ.
1492 166 1573 208 119

121 284 194 314 ναι
217 263 268 313 τὸ
290 264 462 313 λοιπόν.
496 264 712 328 πρότερον
732 267 780 313 δὲ
802 269 928 313 δοκεῖ
940 264 992 314 τὸ
1011 269 1217 314 τοιοῦτον
1240 262 1352 314 εἶναι
1367 300 1380 325 ,
1411 263 1492 329 ἀφ’
1509 259 1570 315 οὗ

120 333 182 397 μὴ
205 332 480 395 άντιστρέφει
499 332 529 398 ἡ
550 339 635 381 τοῦ
652 331 762 382 εἶναι
787 332 1112 398 ἀκολούθησις.
1583 342 1619 370 ⁸⁵

259 402 418 462 Τρίτον
451 401 498 448 δὲ
533 401 645 448 κατά
676 420 775 449 τινα
795 399 918 457 τάξιν
947 401 1166 463 πρότερον
1192 400 1379 463 λέγεται,
1414 399 1566 446 καθά-

119 482 201 530 περ
248 470 316 516 ἐπὶ
358 473 446 516 τῶν
479 469 726 532 ἐπιστημῶν
755 469 829 515 καὶ
862 473 949 515 τῶν
983 469 1138 532 λόγων.
1206 470 1251 516 ἕν
1282 487 1326 516 τε
1355 465 1442 530 γάρ
1471 472 1566 525 ταῖς

119 534 441 593 οἷποδεικτικαῖς
474 536 731 599 ἐπιστήμαις
755 534 944 597 ὑπάρχει
963 535 1015 583 τὸ
1032 537 1247 598 πρότερον
1266 537 1341 583 καὶ
1360 533 1412 582 τὸ
1431 532 1565 582 ’ὕστε-

118 622 200 663 ρον
227 607 283 663 τῇ
313 601 430 658 τάξει
458 600 539 665 (τᾶ
573 601 657 665 γὰρ
681 609 871 663 στοιχεῖα
902 603 1095 664 πρότερα
1119 609 1207 650 τῶν
1224 602 1566 666 διαγραμμάτων

114 673 170 731 τῇ
203 668 340 727 τάξει,
390 671 464 715 καὶ
506 670 574 716 ἐπὶ
610 674 692 733 τῆς
734 675 1037 734 γραμματικῆς
1062 669 1116 716 τὰ
1146 677 1337 732 στοιχεῖα
1369 670 1601 732 πρότεραι)

113 741 200 785 τῶν
230 737 509 799 συλλαβων),
539 737 609 783 ἐπί
634 756 678 784 τε
708 741 796 784 τῶν
828 737 973 799 λόγων
1004 736 1278 798 ομοίως·τὸ
1299 736 1383 800 γὰρ
1402 738 1562 800 προοί-

113 823 215 866 μιον
236 809 316 868 τῆς
335 804 577 867 διηγήσεως
601 803 816 891 πρότερον
839 809 894 866 τῇ
909 803 1024 861 τάξει
1046 805 1173 852 ἐστίν.

238 870 339 918 ’Έτι
367 871 488 933 παρὰ
519 871 572 918 τὰ
605 873 809 957 εἰρημένα
839 871 890 920 τὸ
920 875 1094 935 βέλτιον
1124 873 1200 920 καὶ
1227 869 1281 919 τὸ
1309 870 1563 932 τιμιώτερον

111 938 327 1000 πρότερον
361 936 471 986 εἶναι
502 944 557 1000 τῇ
587 939 724 1000 φύσει
752 943 884 987 δοκεῖ.
931 941 1119 988 εἰώθασι
1145 941 1193 987 δὲ
1221 940 1296 986 καὶ
1324 941 1368 986 οἱ
1401 940 1594 986 πολλοὶ5

111 1005 222 1064 τούς
243 1007 546 1068 ἐντιμοτέρους
562 1010 637 1054 καὶ
661 1012 832 1068 μᾶλλον
847 1007 1164 1095 άγαπωμένους
1182 1005 1261 1055 ὑπ’
1284 1005 1434 1054 αὐτῶν
1446 1021 1558 1068 προ-

110 1074 271 1134 τέρους
301 1074 489 1135 φάσκειν
516 1073 620 1134 παρ’
647 1074 802 1132 αυτοῖς
828 1082 952 1123 εἰναι.
988 1077 1076 1124 ἔστι
1108 1077 1188 1137 μὲν
1216 1073 1274 1139 δή
1299 1076 1376 1122 καὶ
1400 1072 1560 1136 σχεδὸν

111 1139 487 1225 άλλοτριώτατος
483 1145 571 1188 τῶν
591 1141 770 1203 τρόπων
788 1137 935 1201 οὗτος.

252 1210 308 1256 Οἱ
324 1211 402 1269 μὲν
426 1228 514 1256 ουν
537 1209 760 1272 λεγόμενοι
782 1210 940 1270 τρόποι
956 1214 1042 1257 τοῦ
1062 1209 1285 1271 προτέρου
1301 1206 1460 1270 σχεδὸν
1479 1226 1558 1255 το·-

110 1278 269 1323 σοῦτοί
298 1279 420 1324 εἰσιν.
464 1266 600 1333 δόξειε
633 1276 673 1324 6'
695 1275 750 1324 αἰ)
767 1276 888 1339 παρὰ
910 1297 1019 1335 τους
1039 1277 1298 1341 εἰρημένους
1319 1277 1432 1322 καὶ’“
1415 1277 1560 1336 ε’τερος
1576 1294 1611 1322 ιο

110 1339 221 1391 εἶναι
253 1345 478 1406 προτέρου
507 1344 698 1406 τρόπος·
734 1350 821 1392 τῶν
843 1366 926 1409 γαρ
947 1344 1325 1406 ἀντιστρεφόντων
1348 1342 1460 1390 κατὰ
1474 1341 1559 1407 τὴν

109 1416 194 1458 τοῦ
224 1418 332 1459 εἰναι
353 1411 663 1476 άκολούθησιν
682 1411 734 1460 τό
758 1416 897 1461 αἴτιον
917 1411 1131 1460 ὁπωσοῦν
1149 1411 1324 1478 θατέρω
1346 1430 1431 1459 του
1449 1408 1559 1459 εἶναι

108 1478 324 1559 πρότερον
349 1479 531 1537 εἰκότως
559 1485 613 1542 τῇ
642 1480 779 1541 φύσει
798 1480 954 1544 λέγοιτ’
974 1479 1041 1528 ἄν.
1077 1499 1145 1528 οτι
1166 1479 1204 1527 6'
1224 1481 1314 1527 ε’στι
1336 1477 1432 1526 τινὰ
1461 1497 1556 1526 τοι-

110 1551 237 1604 αὐτα,
251 1551 411 1611 δῆλον·
428 1546 479 1594 τὸ
492 1545 575 1609 γὰρ
588 1545 698 1595 εἶναι
709 1547 950 1608 ανθρωπον
962 1548 1235 1610 αντιστρέφει
1254 1546 1366 1595 κατὰ
1377 1545 1461 1611 τὴν
1471 1550 1559 1594 τοῦ

109 1610 220 1661 εἶναι
233 1614 546 1679 άκολούθησιν
566 1614 679 1675 πρὸς
698 1615 776 1664 τὸν
795 1616 951 1681 ἀληθῆ
973 1618 1069 1687 περὶ
1085 1615 1231 1664 αιῗτου
1214 1615 1389 1678 λόγον.
1426 1616 1464 1662 εἰ
1473 1612 1557 1678 γὰρ
1575 1631 1610 1659 1⁵

109 1682 224 1729 εστιν
250 1681 512 1743 ανθρωπος,
546 1704 573 1730 α
563 1683 780 1747 ’ληθηςὸ
813 1685 948 1748 λόγος
982 1678 1019 1731 οἷ
1050 1682 1272 1747 λέγομεν
1254 1682 1322 1731 ότι
1342 1684 1457 1730 ἐστιν
1478 1681 1558 1729 ἄν·

109 1754 304 1809 θρωπος.
342 1751 416 1796 καὶ
449 1749 724 1812 ἀντιστρέφει
756 1770 827 1814 γε’
866 1754 904 1799 εἰ
922 1751 1007 1815 γάρ
1030 1749 1248 1816 άληθὴς
1226 1771 1251 1798 ο
1274 1751 1441 1816 λόγος
1425 1743 1462 1796 ὠ
1484 1751 1557 1797 λέ·-

108 1835 241 1879 γομεν
269 1815 337 1864 ὅτι
375 1818 490 1864 ἔστιν
525 1817 580 1865 αἰ·
581 1825 777 1878 θρωπος,
811 1821 925 1867 ἐστιν
953 1818 1207 1879 ανθρωπος.
1244 1820 1333 1865 ἐστι
1365 1819 1412 1864 ὸε
1434 1816 1461 1864 6
1479 1819 1560 1878 μεν

109 1882 285 1965 αληθὴς
297 1883 430 1947 λόγος
448 1884 663 1971 οιῗιξαιιιὸς
678 1888 815 1945 αἴτιος
835 1891 923 1934 τοῦ
946 1906 1055 1934 ειναι
1073 1885 1124 1934 τὸ
1143 1901 1336 1949 πραγμα,
1344 1904 1395 1932 το
1408 1885 1558 1946 μέντοι

105 1956 285 2033 πρᾶγμα
325 1954 528 2013 φαίνεταί
553 1969 648 2011 πως
678 1956 819 2001 αἴτιον
845 1959 930 2002 τοῦ
960 1952 1071 2001 εἶναι
1105 1953 1260 2016 ἀληθῆ
1286 1951 1368 2000 τὸν
1396 1953 1554 2014 λόγον·
1571 1972 1606 1999 20

106 2023 168 2084 τῷ
208 2017 292 2080 γάρ
334 2024 445 2066 εἰναι
482 2019 533 2066 τὸ
566 2025 747 2082 πρᾶγμα
786 2020 818 2085 ἢ
858 2042 918 2082 μν
947 2020 1185 2085 άληθηςὸ
1218 2020 1352 2082 λόγος
1380 2017 1412 2084 ἢ
1437 2025 1555 2077 ψευ-

106 2068 189 2150 δὴς
213 2086 392 2147 λέγεται.
429 2085 539 2134 ωστε
574 2084 687 2134 κατὰ
706 2089 830 2135 πεντε
851 2088 1055 2151 τρόπους
1069 2087 1284 2151 πρότερον
1301 2089 1446 2149 ε’τερον
1465 2088 1555 2135 ετέ-

106 2172 193 2216 ρου
211 2154 390 2215 λέγεται.

228 2218 345 2282 Ἀμα
387 2222 435 2267 δε
476 2221 643 2283 λέγεται
684 2219 835 2280 ἁπλῶς
887 2240 966 2283 μεν
1004 2223 1080 2268 καὶ
1108 2221 1381 2283 κυριώτατα,
1422 2223 1484 2268 ὡν
1523 2218 1553 2285 ἡ
1575 2226 1637 2270 13

197 2372 241 2405 34
261 2368 405 2415 λοιπόν]
426 2367 559 2405 λοιπὸν
575 2369 622 2405 τά
642 2369 712 2406 δύο
733 2383 759 2405 e.
781 2390 826 2398 —
851 2374 895 2406 35
912 2370 1138 2427 άντιστρὲφῃ
1159 2385 1187 2406 e.
1212 2393 1257 2398 —-
1286 2373 1330 2406 36
1347 2372 1401 2417 δε]
1428 2367 1499 2406 δεὸ
1519 2385 1556 2411 ιι,

107 2414 186 2452 68‘
165 2430 186 2452 ο
203 2428 241 2462 g.
263 2437 307 2443 —
330 2418 428 2460 τινα]
447 2414 518 2459 τὴν
533 2429 572 2460 pr
592 2419 634 2450 A.
660 2436 705 2442 -
728 2417 836 2460 τάξιν
856 2418 897 2452 τὸ
900 2416 1022 2471 ,πρόῃ
1044 2420 1168 2461 Adciu,
1197 2431 1276 2451 corr
1293 2419 1334 2451 Β.
1359 2435 1405 2444 —-
1428 2419 1473 2452 39
1489 2428 1558 2464 ση-

105 2465 193 2508 μεῖα
211 2470 246 2495 et
265 2475 368 2506 supra
387 2475 423 2495 vs
420 2461 513 2517 γὰρ
534 2465 695 2518 στοιχεῖα
714 2474 742 2496 e.
769 2483 810 2489 —
835 2462 1067 2510 πρότερονπ.

196 2507 265 2542 l4b
271 2510 286 2542 l
312 2507 392 2550 και]
412 2505 528 2553 ἄνπερ
552 2505 660 2553 άρχαι
678 2506 858 2555 πρότεραι
885 2511 960 2544 τῶν
970 2508 1241 2564 θεωρημάτων
1260 2508 1307 2554 τῇ
1328 2506 1430 2551 τάξει
1450 2509 1514 2544 και
1531 2510 1558 2551 i,

109 2561 188 2587 ante
206 2554 269 2588 καὶ
285 2555 409 2587 lacuna
430 2555 530 2586 unius
549 2566 587 2587 vs
610 2555 643 2587 d.
668 2573 714 2580 —
744 2556 907 2612 πρότερα
935 2552 982 2589 τὰ
1005 2559 1166 2598 στοιχεῖα
1190 2555 1233 2597 d,
1261 2544 1354 2586 sed
1345 2567 1378 2586 ιιι
1383 2566 1491 2610 marg
1509 2554 1557 2590 τὰ

108 2610 161 2634 στ.
179 2612 239 2656 πρ.
266 2619 312 2625 -—
334 2598 396 2644 τὰ]
415 2598 455 2634 δε
471 2598 519 2634 τὰ
538 2611 565 2633 e
587 2618 632 2625 —
656 2601 677 2633 2
694 2601 746 2644 τε]
767 2600 807 2636 δε
823 2602 857 2643 d,
882 2614 920 2635 τε
938 2598 1008 2655 γὰρ
1027 2612 1055 2635 e.
1079 2619 1125 2627 —-·
1148 2602 1170 2634 4
1188 2599 1437 2645 προειρημένα
1452 2612 1492 2657 ς.
1511 2619 1558 2628 --

109 2645 160 2678 alt
182 2645 224 2680 τὸ
252 2657 308 2678 om
331 2657 383 2679 οιι.
407 2664 451 2670 ——
486 2648 508 2679 5
525 2646 638 2680 εἴωθε
656 2656 696 2690 g.
719 2666 760 2672 —
787 2648 806 2680 7
807 2643 910 2702 παρ’
931 2644 1058 2686 αυτοῖς
1081 2644 1238 2701 φάσκειν
1256 2656 1289 2678 u.
1316 2665 1358 2671 -—
1384 2658 1459 2690 παρ
1492 2645 1556 2681 αιῖ·

109 2692 186 2730 τοῖς
207 2688 302 2725 εἶναι
324 2703 379 2723 om
404 2693 441 2725 C.
466 2710 511 2717 —
537 2692 556 2724 9
577 2692 645 2725 τοῦ
667 2703 729 2736 πρ.
751 2691 884 2734 τρόποι
903 2703 954 2725 en.
981 2710 1023 2717 —
1048 2689 1179 2734 σχεδὸν
1195 2703 1251 2724 om
1268 2702 1302 2730 ιι,
1326 2699 1408 2735 post
1430 2694 1470 2727 10
1487 2693 1559 2727 εἰσι

110 2746 173 2778 pos
196 2735 289 2770 Loeur
304 2738 500 2776 71‚11.-
523 2738 622 2779 δόξει
641 2748 669 2770 e.
694 2756 740 2762 —
765 2737 811 2771 ἄν
829 2750 884 2777 τις
905 2734 1009 2782 παρὰ
1031 2738 1091 2770 Cn.
1105 2756 1151 2763 —-
1174 2737 1238 2771 καὶ
1253 2744 1332 2769 ante
1348 2737 1503 2795 παρὰιι.
1512 2758 1558 2764 -

114 2781 153 2813 11
174 2778 270 2815 εἶναι
285 2784 351 2816 τοῦ
374 2783 559 2841 προτέρου
582 2785 618 2817 C
646 2802 687 2807 —-
717 2784 759 2816 12
778 2784 845 2818 τοῦ
866 2796 904 2825 pr
922 2795 977 2815 om
995 2782 1029 2816 d.
1058 2803 1096 2808 —
1126 2784 1167 2817 17
1188 2783 1237 2828 εἰ]
1259 2779 1278 2817 ὁ
1295 2794 1323 2816 e.
1348 2802 1389 2808 ——
1417 2783 1436 2818 ὁ
1455 2796 1510 2817 om
1529 2796 1556 2818 e.

114 2827 227 2860 -18
244 2825 353 2874 ἅνθρ.
374 2829 436 2863 καὶ
453 2828 548 2864 ἐστιν
567 2826 678 2875 ἅνθρ.
697 2840 731 2863 ιι.
756 2849 800 2855 -
829 2829 868 2863 19
879 2826 1026 2874 αληθης
1047 2840 1102 2862 om
1125 2829 1161 2862 G.
1177 2847 1222 2855 —
1246 2829 1289 2862 23
1307 2826 1437 2873 λέγοιτ’
1456 2842 1503 2865 αν
1522 2841 1555 2863 n.
