1838 3086
640 212 1028 248 numennumen.
1519 210 1603 252 853

136 313 216 366 pic.
243 311 336 353 vm
371 309 631 351 Aristotelem
667 311 747 352 hoc
783 312 875 352 loco
898 310 1120 364 *respicere
1141 313 1300 363 *putare
1325 308 1493 349 debebit
1521 310 1599 358 (cf,

137 391 257 430 supra
293 392 334 430 p.
363 377 416 415 42
454 375 582 415 schol.
613 376 702 415 cod.
731 376 861 416 Marc.
890 377 940 416 ad
967 375 1163 420 20b26):
1200 375 1282 415 imo
1318 371 1415 426 περὶ
1453 372 1600 415 αὐτῶν

136 443 235 482 nihil
274 446 336 481 est
372 440 448 479 nisi
481 441 578 479 hoc:
613 441 756 493 ἤγουν
789 438 888 492 περὶ
912 441 989 494 τῆς
1017 437 1263 492 ἐρωτήσεως
1289 441 1365 494 τῆς
1392 438 1600 480 διαλεκτι-

135 508 214 560 κῆς
241 503 314 547 καὶ
339 506 415 558 τῆς
442 502 719 555 ἀποκρίσεως.
1083 549 1085 551 ,

81 572 234 610 20b26
261 569 350 621 ἅμα
378 567 424 609 δὲ
454 567 588 622 δῆλον
612 597 622 606 .
648 597 658 607 .
686 596 696 607 .
732 569 776 608 Si
805 569 892 620 quis
921 581 1014 608 vero
1043 570 1201 620 quaerit
1228 569 1297 617 ita,
1327 572 1372 608 ut
1398 570 1505 620 qnod
1531 581 1598 610 re-

134 635 322 688 sponderi
362 634 507 672 debeat
537 646 657 671 unum
688 633 845 684 quidem
876 633 950 682 sit,
991 633 1061 671 sed
1093 634 1326 673 definitione
1354 634 1446 672 data
1474 646 1599 686 expo-

134 699 320 746 nendum,
350 710 470 735 unum
504 697 665 747 quidem
696 702 757 736 est
785 701 827 735 et
856 697 961 748 quod
992 699 1267 748 quaeriturret
1296 699 1400 748 quod
1432 711 1598 750 respon·

133 762 277 808 detur,
313 761 492 812 quaestio
531 773 626 799 vero
655 774 732 800 non
760 760 994 806 diaiectica,
1023 762 1209 810 quoniam
1246 764 1482 813 quaestione
1509 763 1600 802 dia-

135 952 345 1007 w‘am‘ff
378 954 459 1009 τοῦ
486 951 527 994 τί
555 951 671 994 ἐστιν
708 947 913 1006 ἐπιστήμη
939 951 1235 1004 καταφάσεως,
1265 953 1478 994 dialectica
1502 967 1598 995 vero
1661 1006 1663 1008 Ι

132 1019 352 1071 propositio
376 1011 648 1076 ‘tha'oswg
675 1019 831 1072 μόριον
858 1016 1169 1069 ὁποτερονοῦν.

78 1084 163 1122 201)
178 1085 229 1121 31
262 1075 668 1122 Delevimus'comma
697 1086 790 1123 ante
818 1080 887 1131 ὡς,
917 1080 1006 1135 quia
1036 1083 1312 1136 coniungenda
1337 1082 1524 1122 videntur
1548 1080 1602 1123 τὰ

132 1144 211 1198 μὲν
237 1147 326 1186 τῶν
363 1144 492 1199 χωρὶς
527 1145 932 1199 κατηγορουμένων.
993 1148 1150 1187 Eodem
1184 1148 1305 1186 modo
1333 1147 1599 1187 nominativus

131 1211 312 1265 pluribus
350 1212 481 1250 verbis
517 1212 765 1263 interpositis
794 1215 1003 1263 separatus
1033 1215 1096 1250 est
1124 1223 1146 1249 a
1173 1211 1346 1262 genitivo
1374 1211 1443 1261 qui
1472 1224 1522 1250 ex
1551 1225 1600 1251 eo

131 1276 280 1328 pendet
317 1277 469 1315 989a4
507 1274 655 1323 οὐθεὶς
695 1278 809 1328 γοῦν
844 1276 933 1316 τῶν
969 1272 1152 1326 ὕστερον
1179 1273 1332 1327 ἠξίωσε
1358 1272 1431 1314 καὶ
1456 1274 1506 1315 ἓν
1531 1276 1598 1316 λε-

130 1339 300 1391 γόντων
318 1341 403 1392 γῆν
429 1334 539 1380 εἶναι
557 1343 780 1393 στοιχεῖον.
821 1343 929 1379 2053
942 1342 994 1380 ’26
1017 1337 1165 1388 οὐθεὶς
1186 1339 1236 1380 τὸ
1255 1338 1305 1380 ’ἑν
1321 1337 1395 1380 καὶ
1417 1341 1599 1392 ἄπειρον

131 1406 221 1455 πῦρ
262 1401 462 1456 ἐποίησεν
495 1404 595 1445 οὐδὲ
627 1407 713 1459 γῆν
747 1405 836 1445 τῶν
871 1405 1162 1458 φυσιολόγων.
1220 1405 1377 1444 Similia
1404 1407 1600 1446 habemus

113 1471 246 1515 ·865b
261 1471 312 1508 10
339 1466 550 1521 ἔνοπτρον
567 1470 728 1522 γίνεται
745 1469 863 1511 ἅπαν
892 1472 1055 1523 μᾶλλον
1081 1466 1219 1522 ὑγρὸν
1245 1468 1376 1522 χρόας
1403 1468 1553 1521 ὀλίγον
1572 1468 1600 1523 ἢ

129 1527 241 1573 πολὺ
253 1534 318 1573 ὄν.
350 1535 486 1572 1294a
501 1537 551 1572 16
570 1534 600 1587 ἡ
619 1533 730 1586 μῖξις
746 1535 988 1588 στοχάζεται
999 1536 1087 1575 τῶν
1100 1534 1298 1584 εὐπόρων
1309 1532 1383 1574 καὶ
1394 1534 1482 1574 τῶν
1494 1533 1602 1576 α’πό-

133 1610 225 1648 ρων
240 1596 433 1638 πλούτου
451 1596 523 1639 καὶ
549 1598 806 1649 ἐλευθερίας.
837 1602 1012 1640 102683
1043 1599 1228 1649 οὐθενὸς
1255 1597 1338 1650 γὰρ
1357 1600 1464 1639 ἄνευ
1485 1598 1602 1653 κινή-

131 1670 238 1710 σεως
259 1661 284 1703 ὁ
311 1663 440 1716 λόγος
469 1663 622 1705 αὐτῶν.
663 1666 777 1704 3451)
795 1668 818 1703 ‘1
854 1663 949 1704 οὐδ’
967 1663 1022 1705 ἂν
1041 1665 1070 1719 ἦ
1083 1663 1180 1706 σκιὰ
1195 1661 1304 1715 πρὸς
1321 1666 1412 1712 τοῖς
1429 1665 1604 1715 ἄστροις

130 1726 195 1780 εἴη
221 1729 298 1781 τῆς
324 1731 417 1782 γῆς.
448 1731 595 1768 751ὺό
621 1726 700 1781 τὴν
725 1725 804 1779 μὲν
831 1728 966 1782 ἀρχὴν
993 1730 1042 1771 τὸ
1072 1731 1182 1782 ζῷον
1209 1729 1419 1780 λαμβάνει
1446 1726 1494 1770 ἐκ
1519 1732 1601 1770 τοῦ

132 1793 291 1832 λευκοῦ
318 1795 392 1846 τῆς
419 1792 636 1845 γενέσεως.
678 1794 856 1833 ,347δῖ7
884 1794 932 1834 τὸ
960 1793 1204 1835 ὑπόλοιπον
1241 1797 1321 1834 τοῦ
1351 1791 1598 1845 ἐξατμίσαν-

130 1869 204 1904 τος
232 1853 278 1896 ἐκ
305 1859 380 1910 τῆς
407 1859 487 1911 γῆς
522 1856 571 1898 τὸ
598 1857 736 1910 ὑγρὸν
763 1858 913 1908 πυρός.
951 1862 1127 1899 361810
1153 1858 1316 1912 γίνεται
1342 1858 1600 1910 προσιόντος

131 1918 212 1973 μὲν
238 1920 268 1974 ἦ
295 1921 588 1972 ἀναθυμίασις
615 1925 696 1963 τοῦ
724 1921 876 1974 ὑγροῦ.

76 1987 230 2025 20h35
259 1985 349 2026 ἀλλ’
379 1985 496 2039 οὐχί,
539 1986 576 2027 εἰ
602 2017 611 2026 .
635 2016 644 2025 .
667 2016 676 2025 .
694 1987 906 2038 Sophisma
943 1989 1048 2026 enim
1086 1993 1197 2028 esset
1229 1987 1349 2040 παρὰ
1383 1985 1464 2040 τὴν
1491 1986 1599 2029 διαί-

129 2059 262 2102 ρεσιν.
317 2051 429 2090 Idem
458 2051 686 2102 exemplum
715 2051 838 2090 habet
866 2052 1056 2091 17⁷b14.

76 2115 227 2154 20b39
256 2115 330 2154 Iul.
364 2116 507 2154 Pacius
535 2116 656 2155 vertit
692 2114 876 2163 „Rursus
906 2117 938 2154 si
978 2115 1085 2154 idem
1115 2120 1178 2154 est
1206 2116 1354 2165 album,
1385 2117 1506 2156 etiam
1535 2121 1599 2156 to-

129 2177 256 2218 tum’'.
294 2178 445 2218 Sensus
473 2183 636 2231 apertus
666 2184 731 2218 est
758 2185 800 2219 et
828 2180 917 2219 loco
947 2180 1199 2228 conveniens,
1230 2193 1362 2232 neque
1383 2186 1519 2220 tamen
1540 2181 1599 2219 vi-

131 2242 208 2282 deo
237 2243 437 2292 quomodo
467 2244 634 2294 exprimi
663 2244 792 2294 possit
819 2257 843 2283 e
871 2244 1002 2284 verbis
1026 2244 1279 2283 Aristotelis:
1310 2258 1401 2283 nam
1429 2242 1478 2284 τὸ
1507 2246 1599 2284 λευ-

130 2304 211 2347 κὸν
231 2305 337 2346 αὐτό
358 2312 469 2346 certe
492 2319 569 2345 non
596 2307 702 2346 idem
732 2313 795 2347 est
823 2309 929 2360 quod
958 2306 1115 2348 λευκὸν
1141 2307 1190 2348 τὸ
1220 2307 1339 2348 αὐτό.
1385 2309 1601 2349 Boethiana

129 2372 260 2410 versio
289 2371 435 2410 omittit
463 2369 596 2419 αὐτό,
625 2371 665 2409 in
694 2373 977 2412 commentario
1004 2386 1099 2412 vero
1116 2373 1163 2412 ΙΙ.
1194 2387 1232 2424 p.
1250 2375 1332 2411 420
1361 2374 1448 2421 (ed.
1478 2374 1601 2413 Basil.

131 2437 257 2484 1570)
291 2436 478 2486 ‚‚Quare,
509 2435 586 2475 etsi
622 2435 724 2474 haec
751 2436 888 2488 iungas
918 2442 959 2477 et
987 2441 1033 2477 ut
1060 2450 1180 2476 unum
1211 2437 1434 2489 praedices,
1462 2450 1602 2478 verum

131 2505 196 2539 est
232 2500 367 2539 dicere
407 2500 458 2539 de
488 2501 622 2552 aliquo
650 2499 838 2548 homine,
875 2502 1062 2552 quoniam
1101 2502 1223 2540 homo
1257 2502 1371 2540 albus
1400 2505 1490 2548 est,
1529 2502 1603 2541 sed

130 2566 251 2604 homo
289 2565 356 2616 qui
392 2565 504 2604 albus
534 2568 619 2612 est,
658 2577 796 2603 verum
825 2570 887 2604 est
915 2566 1050 2605 dicere
1078 2565 1130 2603 de
1158 2578 1230 2611 eo,
1274 2567 1459 2617 quoniam
1490 2566 1603 2606 albus

130 2634 215 2675 est,
254 2642 378 2680 quare
414 2630 533 2668 etiam
574 2628 616 2666 si
657 2628 790 2667 haec
825 2629 1036 2681 iungas,
1077 2629 1154 2667 erit
1182 2630 1427 2680 praedicatio
1456 2631 1601 2671 Socra-

132 2697 195 2731 tes
223 2693 344 2732 homo
372 2693 485 2733 aibus
515 2692 628 2738 est”‚
658 2693 896 2743 quibuscum
926 2693 980 2732 cf.
1010 2693 1137 2732 schol.
1166 2695 1245 2739 128
1258 2695 1439 2742 b,7—9.
1481 2693 1601 2734 Hunc

132 2768 271 2795 verum
299 2757 378 2795 ioci
406 2770 566 2796 sensum
598 2769 690 2794 esse
718 2768 835 2795 nemo
872 2757 1056 2807 negabit,
1094 2757 1164 2807 qui
1203 2760 1248 2795 ut
1275 2757 1417 2806 exiret,
1445 2770 1602 2797 comma

132 2832 212 2859 non
239 2820 464 2872 ponendum
493 2827 580 2861 erat
609 2824 702 2873 post
730 2819 860 2869 αὐτό,
889 2820 963 2860 sed
990 2825 1084 2860 ante
1112 2819 1220 2861 αὐτό
1236 2850 1250 2870 ,
1276 2812 1599 2873 q'uod'recimus.

153 2882 184 2916 Ι.
1357 2883 1404 2920 23

130 826 277 866 lectica
303 838 381 865 non
410 826 679 881 interrogatur
717 838 820 876 quae
845 825 901 863 sit
925 824 1098 864 hominis
1128 825 1331 874 definitio,
1362 826 1436 864 sed
1466 831 1600 866 utrum
1676 872 1677 875 Ἴ

131 891 234 930 haec
261 892 315 929 sit
342 890 516 928 hominis
545 889 726 929 definitio
754 902 805 927 an
833 899 910 928 non
940 889 1014 927 sit:
1054 889 1095 927 in
1124 902 1243 928 causa
1272 894 1336 929 est
1364 890 1470 941 quod
1499 890 1598 947 dicit
1671 907 1673 909 ¹
