1838 3086
603 190 860 236 Analytica
889 189 1055 234 priora.
1507 186 1590 227 429

130 304 209 332 non
236 295 282 331 nt
308 294 463 330 certum
492 289 669 341 quidem,
697 290 778 328 imo
805 301 856 327 ne
882 292 925 328 ut
949 287 1034 327 veri
1053 285 1184 326 simile
1209 285 1385 337 quidem,
1414 284 1486 324 sed
1513 298 1588 339 po-

131 361 201 395 nat
237 355 502 406 quodcunque
539 354 595 393 sit
632 366 681 393 eo
719 352 899 402 consilio,
946 356 990 391 ut
1037 350 1144 402 qnod
1189 350 1284 389 iude
1321 354 1590 401 consequatur

130 419 362 470 perspiciat.

77 483 234 521 40b30
262 481 452 533 Exponit,
490 480 621 531 qualia
646 494 739 520 esse
768 479 941 518 debeant
969 490 1018 516 ex
1047 478 1191 529 quibus
1219 477 1290 516 fiat
1318 476 1588 528 syllogismus.

77 547 228 585 40b32
253 546 302 586 τὸ
330 544 372 595 ἐξ
399 545 532 598 ἀρχῆς
559 575 568 583 .
589 572 599 582 .
620 574 630 584 .
667 544 783 594 Quod
812 544 860 581 ab
889 542 1003 580 initio
1033 542 1082 580 ad
1112 541 1469 598 demonstrandum¹
1494 554 1590 592 pro-

131 611 306 661 positum
336 616 411 655 est,
440 614 632 656 sumetur,
663 608 775 659 quasi
804 612 914 645 esset
941 606 1272 655 demonstratum,
1301 606 1342 646 h.
1359 618 1395 644 e.
1419 605 1494 644 fiet
1515 618 1589 656 pe-

130 672 222 712 titio
251 673 448 724 principii,
479 685 595 722 quam
623 672 785 711 dicunt:
826 683 914 708 nam
945 667 1053 722 ἁρχὴ
1083 671 1367 722 (principium)
1396 669 1474 708 hoc
1501 669 1591 708 loco

130 741 193 775 est
219 737 260 775 id
300 737 412 776 cuius
440 749 560 775 causa
587 736 770 787 quaestio
808 735 1049 781 instituitur,
1089 734 1129 772 id
1167 735 1274 785 quod
1303 732 1593 772 demonstratio

133 801 294 851 assequi
333 801 428 848 vult,
466 799 514 840 τὸ
544 798 684 839 αἴτιον
709 797 889 847 τελικόν,
929 798 1036 849 quod
1074 798 1210 837 dicunt
1236 798 1361 848 intpp.
1392 798 1442 836 nd
1473 797 1591 836 Anal-

130 868 235 916 post.
256 864 290 902 ΙΙ
307 864 418 906 init.:
447 865 552 904 male
579 866 698 917 igitur
726 863 817 902 chl
844 875 920 911 „so
948 864 1003 901 ist
1030 862 1135 901 diel's
1163 862 1254 900 eine
1283 861 1492 900 Annahme
1519 860 1592 899 des

134 922 363 967 Grundes”.

79 993 231 1031 40b33
266 993 527 1033 Praedicetur
555 993 676 1044 igitur
704 992 736 1031 A
765 993 816 1031 de
851 991 1023 1031 termino
1054 991 1109 1039 ῦς
1148 990 1227 1029 iam
1268 989 1302 1028 si
1340 989 1372 1027 C
1402 987 1453 1027 de
1479 987 1592 1027 nullo

133 1057 227 1104 alio,
265 1069 394 1106 neque
432 1057 533 1096 alius
570 1058 621 1096 de
661 1057 830 1096 termino
860 1055 906 1102 C,
947 1068 1076 1107 neque
1115 1056 1167 1094 de
1204 1053 1376 1093 termino
1405 1053 1441 1091 A
1477 1052 1592 1100 alins,

131 1120 231 1158 nihil
261 1120 391 1170 colligi
421 1121 584 1171 poterit,
613 1121 704 1170 quia
732 1133 781 1159 ex
809 1120 1084 1171 propositione
1112 1119 1181 1158 Ac
1210 1118 1293 1156 sola
1321 1116 1422 1155 nihil
1450 1128 1592 1155 conse-

134 1185 284 1236 quitur.
352 1183 396 1222 Si
423 1184 547 1234 igitur
576 1187 652 1229 (vs.
678 1187 749 1230 3⁴1)
780 1184 995 1222 sumsimus
1025 1185 1058 1222 A
1089 1182 1314 1234 praedicari
1339 1182 1391 1220 de
1418 1180 1594 1220 termino

133 1249 180 1296 C,
222 1254 264 1288 ut
292 1249 364 1287 fiat
392 1248 664 1299 syllogismus,
702 1248 824 1286 etiam
862 1248 936 1285 alia
975 1247 1199 1299 propositio
1234 1245 1472 1284 assumenda
1501 1244 1592 1292 erit,

134 1325 236 1364 quae
263 1325 353 1351 cum
383 1312 452 1350 illa
479 1314 533 1351 ita
562 1313 692 1364 possit
718 1312 914 1362 coniungi,
943 1316 988 1349 ut
1015 1311 1163 1361 aliquid
1191 1310 1286 1349 inde
1314 1313 1595 1360 consequatur.

137 1377 254 1426 Quod
285 1377 320 1415 si
348 1376 436 1414 fieri
464 1377 661 1424 volumus,
697 1388 864 1415 necesse
893 1380 968 1422 est,
1005 1379 1047 1413 ut
1075 1380 1142 1412 aut
1170 1375 1204 1413 A
1232 1375 1285 1413 de
1312 1373 1389 1411 alio
1418 1373 1594 1412 termino

135 1445 204 1479 aut
230 1441 282 1479 de
311 1440 481 1478 termino
509 1440 543 1478 A
571 1440 672 1478 alius
701 1444 769 1478 aut
797 1439 897 1477 alius
933 1439 984 1476 de
1020 1438 1191 1476 termino
1220 1437 1253 1476 C
1281 1441 1350 1476 aut
1379 1436 1411 1475 C
1440 1437 1492 1475 de
1518 1437 1595 1475 alio

136 1504 405 1555 praedicetur.
470 1504 652 1555 Apparet
689 1508 837 1548 autem,
878 1502 1057 1552 quamvis
1090 1501 1163 1538 fiat
1190 1501 1462 1552 syllogismus,
1498 1500 1597 1539 nihil

135 1579 260 1619 posse
289 1567 432 1605 confici
461 1580 511 1605 ex
539 1568 589 1605 iis
619 1567 718 1617 ipsis
747 1578 849 1615 quae
888 1565 1118 1611 sumsimus,
1157 1565 1191 1602 si
1220 1564 1346 1603 altera
1373 1564 1596 1616 propositio

134 1630 191 1669 ita
219 1636 448 1680 comparata
476 1630 542 1678 sit,
571 1636 615 1669 ut
642 1630 705 1667 vel
733 1629 889 1679 primae
916 1627 979 1665 vel
1008 1629 1208 1666 secundae
1236 1628 1299 1666 vel
1327 1629 1472 1667 tertiae
1500 1640 1597 1668 con-

137 1693 280 1732 ditioni
319 1693 538 1731 satisfaciat
576 1697 684 1738 (nam
722 1692 939 1742 premenda
978 1696 1073 1729 sunt
1110 1692 1233 1729 verba
1269 1690 1351 1731 οὐκ
1378 1689 1495 1731 ἔσται
1523 1690 1596 1732 διὰ

134 1756 222 1796 τῶν
249 1754 511 1807 εἰλημμένων
537 1768 594 1794 vs.
620 1758 686 1803 39,
728 1755 767 1793 h.
797 1768 834 1793 e.
863 1766 940 1792 non
975 1754 1053 1792 erit
1089 1754 1296 1803 perfectus
1325 1756 1596 1807 syllogismus,

136 1833 214 1873 quo
242 1826 355 1859 recta
383 1821 442 1859 via
472 1834 495 1858 a
522 1818 864 1871 propositionibus
892 1818 942 1855 ud
971 1816 1269 1856 conclusionem
1299 1820 1522 1869 procedere
1547 1819 1597 1859 li-

138 1887 270 1928 ceat):
314 1888 442 1923 restat
475 1884 608 1934 igitur,
647 1885 692 1921 ut
720 1881 753 1919 C
783 1882 1041 1933 praedicetur
1069 1881 1121 1919 de
1149 1882 1228 1920 alio
1256 1882 1438 1921 termino.
1494 1883 1596 1923 Nam

136 1949 230 1988 huic
259 1948 324 1986 uni
353 1948 570 1986 conditioni
598 1948 631 1986 si
660 1945 914 1985 satisfactum
943 1946 1031 1992 erit,
1061 1946 1249 1984 continuo
1268 1946 1478 1997 proveniet
1501 1959 1597 1987 con-

135 2012 275 2052 clusio.
331 2011 411 2050 lam
441 2011 476 2049 si
506 2011 538 2049 C
569 2015 648 2056 (vs.
667 2011 740 2054 40)
770 2022 846 2048 non
878 2010 1130 2061 praedicatur
1157 2010 1209 2048 de
1237 2010 1407 2048 termino
1437 2011 1483 2060 Β,
1524 2010 1597 2050 sed

136 2076 189 2115 de
217 2088 454 2126 quocunque
482 2075 573 2127 alio,
601 2087 679 2114 non
706 2074 753 2111 fit
780 2074 983 2113 conclusio
1012 2075 1095 2122 AB,
1140 2086 1256 2125 qnam
1296 2074 1496 2114 conficere
1523 2087 1596 2114 vo-

136 2139 335 2184 lebamus3
376 2139 448 2176 sed
475 2139 576 2177 haec
606 2139 766 2190 quidem
795 2150 875 2176 non
903 2138 1043 2188 exibit,
1078 2138 1155 2177 nisi
1184 2137 1216 2175 C
1245 2141 1312 2175 aut
1338 2137 1596 2188 praedicetur

137 2202 190 2240 de
216 2202 304 2253 ipso
333 2202 505 2240 termino
534 2203 566 2240 B
595 2206 664 2241 aut
691 2202 743 2240 de
769 2202 860 2249 alio,
890 2203 957 2253 qui
985 2202 1242 2254 praedicetur
1268 2201 1320 2239 de
1349 2202 1521 2240 termino
1547 2202 1596 2243 Β.

85 2267 207 2305 41αὸ
245 2263 270 2305 ὁ
308 2261 354 2304 δὲ
389 2263 516 2304 τοῦδε
554 2265 663 2316 πρὸς
697 2263 808 2315 τόδε,
848 2266 1105 2318 syllogismus
1141 2265 1211 2316 qui
1238 2264 1366 2303 tendit
1392 2265 1441 2304 ab
1469 2265 1598 2304 altero

138 2330 308 2369 termino
339 2333 382 2376 (a
410 2331 577 2376 maiore)
608 2331 659 2369 ad
686 2330 854 2368 alterum
885 2329 954 2373 (ad
984 2330 1223 2375 minorem):
1263 2331 1463 2366 monstrat
1489 2328 1597 2368 enim

137 2394 240 2433 viam
270 2406 344 2444 qua
372 2394 627 2444 pervenimus
655 2395 704 2433 ab
732 2393 856 2431 altero
884 2392 934 2430 ad
962 2393 1133 2431 alterum
1164 2407 1188 2431 a
1214 2392 1340 2444 priori
1368 2392 1597 2432 distantem.

139 2456 275 2498 Verba
315 2455 340 2497 ὅ
379 2454 424 2497 δὲ
460 2456 588 2497 τοῦδε
727 2459 753 2495 '1
788 2454 1039 2507 προτάσεων
1081 2469 1104 2494 a
1131 2457 1261 2495 Zellio
1290 2455 1408 2506 plane
1447 2455 1598 2496 omissa

139 2521 271 2567 video,
300 2533 538 2573 quamquam
566 2520 749 2572 exempla
777 2533 877 2571 quae
906 2521 1129 2559 afferuntur
1149 2533 1207 2560 vs.
1228 2522 1253 2558 8
1270 2532 1328 2570 sq.
1357 2520 1424 2559 illa
1444 2520 1598 2571 optime

139 2584 290 2624 habere
318 2587 508 2636 probant:
551 2599 643 2625 nam
672 2585 793 2636 priori
821 2585 1004 2635 exemplo
1041 2584 1278 2636 proponitur
1314 2581 1338 2623 ὁ
1364 2581 1472 2634 πρὸς
1497 2581 1596 2624 τόδε

139 2649 434 2700 συλλογισμός,
462 2650 589 2688 altero
618 2647 643 2689 ὁ
669 2646 798 2689 τοῦδε
823 2647 931 2699 πρὸς
958 2647 1069 2688 τόδε.

89 2713 238 2752 41016
271 2716 406 2754 ταῦτα
443 2713 481 2754 δ’
511 2711 599 2753 ἐστὶ
626 2711 678 2753 τὰ
705 2711 782 2764 εἰρ.
812 2719 903 2764 ox„
931 2711 1096 2762 Trdlbg.
1121 2711 1249 2751 Elem.
1275 2711 1354 2764 log.
1372 2725 1413 2763 p.
1435 2713 1488 2751 95
1519 2711 1594 2760 (cf.

141 2780 246 2826 not.)
284 2777 392 2828 „Qui
428 2779 692 2820 terminorum
729 2781 907 2818 naturam
937 2779 1135 2828 spectant,
1174 2789 1244 2816 eos
1272 2776 1350 2816 tria
1376 2776 1595 2828 figurarum
