1734 3100
195 222 275 262 Μ
711 227 963 272 Aualytica
996 226 1160 271 priora.

247 321 528 372 praetermissa
554 322 731 361 dicemus
757 322 890 372 paullo
915 322 1059 374 infra),
1097 328 1165 363 aut
1189 336 1266 363 uua
1291 336 1408 374 vera,
1434 325 1556 364 altera
1582 337 1677 364 vero

249 385 464 434 contraria,
491 389 560 423 aut
585 397 660 422 una
687 396 798 432 vera,
818 405 821 408 >
841 385 963 425 altera
988 386 1091 425 falsa
1118 399 1167 426 ex
1191 390 1315 438 purte.
1368 387 1546 426 Eundem
1574 388 1678 427 hunc

248 446 428 486 ordinem
456 446 691 486 Aristoteles
728 451 771 485 et
802 453 962 487 secutus
989 454 1053 488 est
1079 462 1165 500 cap.
1189 450 1216 487 2
1243 454 1284 488 et
1311 454 1500 500 sequetur
1527 463 1611 501 cap.
1634 451 1676 498 4,
1729 459 1731 461 ’

249 508 302 548 cf.
329 510 467 558 56b5‚
494 510 558 548 21.
596 508 665 547 Sin
691 513 822 548 autem
851 517 1010 562 praeter
1027 525 1093 551 eas
1114 512 1416 564 coniugationes‚
1444 524 1540 562 quas
1559 512 1677 551 modo

249 571 656 619 commemoravimus,
683 584 760 611 non
787 573 903 612 datur
929 574 1016 622 alia,
1045 578 1210 626 apparet
1236 575 1356 614 verba
1381 573 1452 614 καὶ
1478 573 1513 613 εἰ
1539 572 1677 626 ἀμφό-

248 645 366 683 τεραι
393 630 460 673 ἐπί
485 647 525 674 τι
550 632 721 683 ψευδεῖς
746 647 802 673 vs.
830 638 855 674 7
882 649 1169 688 supervacanea
1197 649 1306 676 esse:
1346 651 1435 676 nam
1462 638 1501 676 in
1528 638 1591 676 his
1619 638 1677 676 ni-

248 696 307 734 hil
332 697 438 736 inest
463 697 540 736 nisi
566 710 675 737 mera
701 698 884 748 repetitio
921 700 1005 738 eius
1042 699 1146 750 quod
1182 700 1256 738 iam
1285 700 1431 739 dictum
1460 704 1522 739 est
1547 699 1678 739 verbis

248 755 321 798 καὶ
357 755 426 799 ἐπί
458 773 498 799 τι
533 757 729 810 ἑκατέρας
766 761 821 807 (si
857 764 1026 812 utraque
1063 762 1279 813 propositio
1306 762 1406 800 falsa
1434 762 1599 801 sumitur
1627 775 1676 801 ex

248 824 399 873 parte),
426 836 528 874 quae
555 823 589 861 si
616 824 670 862 ita
697 823 949 874 interpretari
975 824 1088 872 velis,
1114 829 1158 862 ut
1183 819 1356 874 ἑκατέρα
1373 836 1449 862 non
1471 825 1523 862 sit
1539 829 1678 872 „utra-

250 885 368 935 que’'‚
396 886 468 924 sed
496 885 787 935 „alterautra”,
835 890 878 924 ut
902 886 1019 924 verba
1046 883 1118 926 καὶ
1144 884 1213 925 ἐπί
1237 899 1277 925 τι
1304 883 1501 936 ἑκατέρας
1526 899 1602 925 non
1628 887 1679 924 de

249 959 298 985 ea
326 947 596 999 coniugatione
622 948 727 986 dicta
755 948 853 997 sint,
891 960 990 998 quae
1023 952 1233 999 utramque
1268 949 1575 1000 propositionem
1603 949 1679 988 ha-

249 1008 341 1048 beat
352 1022 401 1048 ex
422 1014 537 1061 parte
554 1010 707 1059 falsam,
730 1011 802 1049 sed
822 1010 986 1049 alteram
1003 1023 1096 1050 vero
1113 1012 1345 1060 contrariam
1365 1009 1488 1063 (ὅλην
1506 1010 1678 1063 ψευδῆ),

249 1071 413 1110 alteram
442 1072 582 1111 falsam
611 1084 660 1111 ex
687 1077 812 1123 parte,
847 1086 897 1121 ue
923 1074 1023 1112 haec
1050 1074 1207 1124 quidem
1236 1074 1456 1126 explicandi
1484 1075 1582 1113 ratio
1609 1074 1678 1112 ad-

247 1134 354 1173 mitti
380 1135 539 1186 poterit,
567 1136 654 1186 quia
680 1135 805 1183 devea
825 1136 1118 1186 coniugatione„
1141 1149 1215 1187 qua
1234 1138 1452 1188 propositio
1471 1149 1565 1176 vero
1586 1149 1678 1175 con-

246 1197 366 1236 traria
393 1198 640 1248 coniungitur
667 1210 767 1238 cum.
784 1198 1053 1250 propositione
1080 1198 1178 1237 falsa
1206 1193 1416 1251 exparte,
1444 1213 1522 1239 non
1548 1199 1677 1239 solum

245 1258 287 1299 in
314 1259 392 1299 hoc
419 1260 550 1310 capite
576 1260 671 1299 nihil
698 1261 864 1310 dicitur,
902 1259 972 1300 sed
1012 1273 1062 1300 ne
1099 1261 1329 1312 cogitavisse
1365 1262 1523 1314 quidem
1541 1262 1602 1312 de
1629 1274 1677 1300 ea

246 1322 406 1361 videtur
432 1323 690 1373 Aristoteles,
729 1323 878 1375 quippe
914 1337 1032 1374 quam
1062 1324 1178 1362 etiam
1207 1336 1291 1375 cap.
1321 1326 1348 1362 2
1375 1329 1416 1364 et
1441 1326 1468 1362 4
1494 1327 1679 1375 praeter-

246 1384 422 1424 miserit:
451 1397 571 1435 qusre
597 1386 717 1425 verba
742 1384 814 1426 καὶ
840 1382 908 1425 ἐπί
932 1399 972 1428 τι
998 1382 1195 1438 ἑκατέρας
1221 1383 1509 1426 hunc-sensum
1530 1387 1686 1430 habere

246 1459 324 1486 non
350 1452 539 1498 possunt,
577 1461 626 1486 ea
660 1453 791 1488 autem
831 1462 931 1501 quae
967 1450 1116 1488 uncinis
1143 1449 1374 1488 inclusimus
1401 1462 1460 1488 vs.
1485 1452 1510 1488 7
1538 1462 1562 1488 e
1587 1461 1679 1488 con-

245 1512 356 1548 textu
394 1510 576 1549 videntur
611 1511 817 1550 eiicienda.
871 1511 1048 1551 Eandem
1085 1512 1347 1564 suspicionem
1374 1515 1532 1550 movent
1558 1511 1679 1550 verba

242 1569 320 1611 καὶ
357 1570 394 1626 εἰ
430 1571 460 1624 ἡ
484 1570 562 1624 μὲν
589 1571 665 1624 ὅλη
689 1572 852 1624 ψευδὴς
876 1572 905 1626 ἦ
937 1573 977 1613 δ’
1013 1571 1080 1614 ἐπί
1105 1587 1145 1612 τι
1171 1572 1346 1624 ἀληθής.
1411 1574 1568 1612 Etenim
1596 1573 1678 1623 pri-

245 1646 355 1674 mum
382 1635 434 1673 de
460 1635 523 1673 his
552 1635 657 1674 idem
686 1636 895 1674 dicendum
923 1637 1000 1675 erit
1025 1635 1130 1686 quod
1153 1635 1271 1674 modo
1289 1635 1480 1674 diximus:
1509 1648 1677 1686 namque

245 1697 474 1747 percensuit
499 1697 734 1736 Aristoteles
773 1710 910 1736 omnes
945 1698 1239 1751 coniugationes
1277 1697 1330 1737 de,
1354 1698 1495 1747 quihus
1517 1701 1677 1744 acturus

245 1763 309 1812 est
325 1759 365 1798 in
387 1760 660 1810 sequentibus,
687 1765 732 1798 ut
759 1773 807 1799 ea
834 1760 1054 1811 coniugatio
1081 1772 1181 1810 quae
1206 1759 1269 1798 his
1296 1760 1428 1799 verbis
1455 1760 1677 1798 declaretur

245 1825 313 1861 sut
339 1822 418 1860 iam
446 1826 749 1861 commemorata
777 1822 828 1861 sit
854 1822 895 1861 in
923 1822 1246 1861 antecedentibus
1283 1826 1351 1861 aut
1378 1822 1417 1861 iu
1444 1823 1530 1873 ipsa
1558 1822 1678 1874 syllo-

244 1884 462 1936 gismorum
498 1884 744 1936 expositione
781 1897 882 1935 quae
916 1885 1092 1936 sequitur
1124 1885 1277 1923 silentio
1304 1885 1585 1936 praetermissa
1613 1884 1675 1924 sit.

242 1947 323 1986 Iam
349 1947 552 1986 videamus
581 1947 706 1996 qualis
735 1947 787 1985 sit
813 1947 1034 1999 coniugatio
1060 1959 1161 1997 quae
1187 1947 1250 1985 his
1271 1947 1401 1985 verbis
1421 1947 1676 1997 significetur,

244 2009 439 2060 siquidem
467 2006 620 2048 constat
647 2021 696 2047 ex
723 2010 991 2060 propositione
1015 2021 1108 2048 vero
1136 2009 1329 2048 contraria
1345 2013 1387 2047 et
1406 2009 1678 2059 propositione

170 2092 173 2094 -
244 2085 348 2123 quae
371 2072 428 2111 sit
453 2069 520 2112 ἐπί
546 2083 586 2111 τι
611 2069 786 2123 α’ληθής.
825 2071 933 2110 Nihil
962 2071 1050 2110 dico
1079 2072 1129 2110 de
1156 2071 1254 2122 ipsis
1281 2071 1413 2110 verbis
1435 2067 1501 2110 ἐπί
1520 2083 1560 2110 τι
1577 2069 1675 2123 ἄλη-

242 2134 347 2187 θής,
383 2148 484 2186 quae
514 2124 619 2186 apud
644 2134 885 2186 interpretes
913 2135 1074 2186 quidem
1103 2134 1260 2185 saepius
1287 2133 1392 2172 hunc
1420 2146 1578 2172 sensum
1604 2134 1676 2173 ha·-

243 2199 384 2247 beant,
425 2198 546 2254 apud!
564 2197 818 2245 Aristotelem
854 2197 963 2236 haud
991 2196 1074 2236 scio
1100 2209 1149 2242 en
1176 2209 1252 2235 non
1279 2196 1470 2235 habeant:
1508 2209 1676 2247 namque

242 2260 446 2312 πρότασις
466 2257 535 2300 ἐπί
554 2258 785 2312 τιάληθής,
814 2272 903 2299 cum
930 2272 1008 2310 qua
1034 2272 1150 2299 nemo
1178 2264 1287 2298 certe
1314 2260 1402 2307 erit,
1430 2259 1581 2309 opinor,
1610 2259 1677 2309 qui

244 2324 424 2364 conferat
458 2325 564 2375 quod
606 2326 749 2362 19³3&
780 2323 1006 2375 ¹appellatur
1040 2323 1201 2372 μᾶλλον
1227 2319 1380 2373 ἀληθές
1415 2325 1525 2367 (nam
1551 2321 1676 2372 magis

242 2380 379 2426 verum
417 2378 561 2426 dicitur
599 2389 746 2426 192238
783 2385 888 2437 quod
923 2398 1018 2424 vero
1056 2386 1218 2438 propius
1246 2389 1309 2424 est
1344 2397 1375 2424 s.
1403 2384 1675 2423 verisimilius

244 2462 361 2500 quam
388 2445 537 2499 aliud),
566 2451 663 2488 nihil
693 2449 796 2489 aliud
816 2452 911 2496 est,
940 2449 979 2487 ni
1007 2447 1146 2498 fallor,
1174 2460 1289 2499 quam
1318 2446 1535 2498 propositio
1562 2458 1676 2496 quae,
1704 2468 1706 2470 >

245 2525 482 2563 quamquam
510 2513 656 2563 aliquid
684 2512 767 2551 veri
790 2504 937 2560 habet,
977 2512 1110 2550 tamen
1149 2523 1226 2550 non
1253 2511 1443 2560 integram
1471 2509 1676 2547 veritatem

244 2575 412 2626 profert,
438 2576 480 2615 h.
507 2589 542 2615 e.
569 2576 786 2627 propositio
813 2587 889 2625 qun
915 2575 967 2613 de
993 2578 1106 2624 parte
1131 2571 1553 2622 tantum'praedicatur
1575 2572 1677 2616 (sive
1712 2594 1714 2596 >

243 2638 466 2677 affirmatur
494 2639 576 2678 sive
599 2641 784 2690 negatur)
814 2636 918 2690 quod
945 2637 996 2675 de
1023 2641 1107 2676 toto
1133 2635 1351 2687 praedicari
1373 2634 1554 2682 debebat,
1582 2646 1677 2684 qua-
1726 2687 1729 2689 -

243 2700 325 2739 lem
350 2701 588 2741 Aristoteles
616 2701 791 2753 appellat
816 2696 884 2739 ἐπί
908 2711 947 2738 τι
973 2698 1126 2752 ψευδῆ.
1165 2698 1277 2738 Haec
1302 2700 1433 2735 autem
1461 2695 1495 2734 si
1518 2696 1676 2735 coniun-

231 2763 352 2816 gitur
379 2776 468 2804 cum
496 2764 763 2820 propositione
781 2775 886 2819 *vero
913 2763 1110 2810 contraria
1138 2764 1214 2809 (vs.
1236 2762 1296 2811 8),
1322 2759 1405 2799 exit
1432 2771 1477 2799 eu
1496 2759 1676 2814 coniuga-
