1760 3112
248 222 302 261 64
646 223 842 259 Scholia
865 223 909 257 in
931 222 1107 269 Analyt.
1130 226 1295 268 poster

155 320 235 354 97a
338 314 414 353 ἀλλ’
448 315 495 353 ου’
527 318 735 364 διαιρουσιν
766 317 893 359 οὐσίας
923 317 1011 354 ουδὲ
1042 317 1081 354 έν
1110 319 1162 366 τῷ
1191 317 1284 366 λόγῳ
1313 330 1389 354 των
1410 315 1658 364 ὑποκειμένων

191 364 233 397 13
248 371 609 419 παραλαμβάνονται.
655 374 823 408 Riccard.

154 430 198 464 97
212 441 232 462 a
337 427 575 475 ἐφερμηνεύει
597 428 681 464 τίνα
703 428 816 473 φησὶν
837 426 1079 474 ἀντικείμενα·
1101 428 1206 475 ἑνικῷ
1221 427 1290 474 γὰρ
1304 426 1460 472 ὀνόματι
1475 427 1658 475 διαφοράν

189 474 231 508 14
251 493 374 528 φησιν.
418 485 536 529 Marg.

335 536 426 574 ὅταν
449 538 514 573 τὸν
538 536 740 584 ἄνθρωπον
764 536 948 584 ὁρίζεσθαι
970 538 1106 583 μέλλων
1129 537 1229 584 διέλῃ
1259 536 1300 573 τὸ
1331 539 1424 584 ζῷον
1453 538 1504 578 εἰς
1526 536 1574 572 τὰ
1596 535 1657 572 ἀν-

244 594 442 637 τικείμενα,
472 594 636 628 τουτέστι
667 593 810 637 λογικὸν
838 594 900 628 καὶ
933 592 1077 636 ἄλογον,
1114 594 1176 628 καὶ
1206 593 1297 639 λάβῃ
1320 593 1389 637 τήν
1410 592 1503 638 πρὸς
1524 589 1660 637 ἄλληλα

244 647 388 683 τούτων
411 648 600 694 διαφορὰν
634 648 697 683 καὶ
728 649 814 694 εἴπῃ
848 645 907 684 ὅτι
939 651 1014 684 πᾶν
1039 649 1130 694 ζῷον
1152 646 1289 693 ἀνάγκη
1314 647 1458 692 λογικὸν
1482 646 1504 692 ἢ
1527 645 1658 692 ἄλογον

246 701 357 744 εἶναι,
460 703 523 738 καὶ
546 702 639 749 λάβῃ
663 701 704 739 τὰ
730 703 962 748 ζητούμενον,
995 704 1062 739 τὸν
1088 702 1311 748 ἄνθρωπον,
1345 701 1438 739 εἶναι
1461 702 1499 738 έν
1520 705 1571 750 τῷ
1594 706 1658 738 λο-

242 759 331 804 γικῷ
354 758 417 793 καὶ
439 759 559 793 ταῦτα
582 758 740 804 γινώσκῃ
765 758 830 794 σὺν
853 755 1020 806 ἀκριβείᾳ
1044 785 1051 793 .
1066 781 1095 791 ..
1139 759 1304 793 Riccard.

151 812 195 845 97
210 823 230 845 a
250 814 291 847 19
337 810 384 848 ὂὶν
407 813 497 859 ἔλθῃ
520 813 623 859 μέχρι
644 814 705 848 καὶ
729 815 803 849 τῶν
826 811 974 858 ἀτόμων
1009 826 1060 848 ων
1084 810 1205 849 οὐκέτι
1236 814 1309 849 ἐστὶ
1340 811 1515 858 διαφορά.
1559 813 1613 846 Id.

151 868 228 901 97a
335 867 409 903 ἔστι
444 868 482 904 δε
516 870 658 903 τούτων
680 883 755 904 των
776 868 1096 914 παρατηρημάτων
1118 868 1203 912 ἡμῖν
1222 868 1266 903 ὲν
1287 868 1348 903 καὶ
1372 869 1518 913 πρῶτον
1539 868 1659 907 καλῶς

184 913 228 945 2⁶
245 922 345 967 ἔχον,
378 922 444 958 ἐὰν
474 922 595 968 ὥσπερ
619 923 925 990 6v'e'220ytga5psrffa
936 924 999 958 καὶ
1021 924 1210 968 δείκνυμεν
1241 925 1332 968 (leg.
1354 922 1592 967 δεικνύωμεν)
1616 922 1657 958 τὸ

244 979 469 1024 συμβεβηκὸς
501 976 558 1014 ὅτι
588 978 758 1024 υποὶρχει,
879 991 976 1013 ουτω
1009 977 1209 1023 δυνώμεθα
1240 979 1302 1013 καὶ
1333 976 1396 1013 διὰ
1428 979 1495 1013 τοῦ
1520 976 1657 1022 γένους,

244 1033 411 1068 τουτέστι
434 1047 509 1068 των
533 1035 600 1068 τοῦ
634 1033 762 1077 γένους
792 1032 940 1075 τόπων,
970 1032 1240 1069 κατασκευάσαι
1272 1033 1334 1068 καὶ
1359 1034 1493 1077 δεῖξαι,
1529 1030 1587 1069 ι’)’τι
1609 1031 1657 1068 τὰ

244 1087 437 1133 ληφθέντα
459 1087 497 1122 έν
519 1090 571 1135 τῷ
592 1091 628 1124 τί
651 1088 747 1124 ἐστιν
769 1085 937 1134 ὑπάρχει.
982 1090 1033 1123 ld.

149 1144 228 1179 9711
332 1143 507 1178 τοιοῦτόν
535 1157 571 1178 τι
603 1142 684 1178 οἷον
713 1144 753 1178 τό
787 1145 879 1190 ζῷον
913 1140 933 1179 ὃ
964 1144 1054 1179 πᾶσι
1083 1142 1149 1188 μὲν
1170 1146 1247 1182 τοῖς
1272 1142 1392 1183 α”λλοις
1414 1141 1662 1179 ἐπακολουθεῖ

183 1190 228 1222 29
243 1200 322 1238 τοῖς
343 1197 419 1242 μετ’
442 1197 547 1240 αὐτό,
570 1198 709 1242 δηλαδὴ
734 1200 786 1245 τῷ
809 1200 939 1245 λογικῷ
962 1200 1091 1245 θνητῷ
1112 1200 1181 1233 νοῦ
1204 1198 1267 1233 καὶ
1283 1197 1481 1242 ἐπιστήμης
1496 1199 1658 1245 δεκτικῷ,

244 1251 367 1297 ἐκείνῳ
391 1252 431 1288 δὲ
452 1253 502 1297 μὴ
527 1252 650 1287 πάντα
671 1255 788 1288 ταῦτα
811 1250 1092 1289 ἀντακολουθεῖ.
1137 1255 1190 1288 Ιιὶ.

148 1309 226 1343 971)
334 1307 426 1342 ἀλλὰ
455 1307 558 1352 γένος
588 1307 655 1352 μὲν
682 1303 749 1344 οὖν
777 1309 820 1344 τό
851 1321 891 1344 τε
921 1311 1067 1354 πρῶτον
1103 1306 1128 1354 ἢ
1158 1308 1199 1343 τὸ
1234 1305 1489 1352 ω’νομασμένον
1519 1307 1581 1342 καὶ
1613 1307 1655 1343 τὸ

205 1354 227 1387 3
242 1360 333 1409 μετὰ
356 1364 430 1398 τῶν
453 1365 645 1408 διαφορῶν
668 1363 770 1406 γένος
791 1362 816 1408 ἢ
839 1362 881 1399 τὸ
906 1362 1100 1408 ἀνώνυμον
1121 1363 1183 1398 καὶ
1199 1364 1310 1398 τοῦτο
1329 1361 1582 1408 προσελήφθη.
1604 1364 1656 1397 Id.

147 1419 224 1453 97b
333 1418 395 1453 καὶ
426 1416 476 1462 μὴ
509 1418 613 1463 γένος
644 1417 798 1464 ὁρισμοῦ
829 1417 1028 1463 λαμβάνειν
1059 1416 1276 1464 πειρώμενοι
1308 1418 1431 1453 ἔπειτα
1462 1417 1658 1463 ὁμώνυμον

201 1464 372 1518 7φωνὴν
405 1471 487 1507 ἀντὶ
517 1472 643 1516 γένους
672 1473 919 1518 λαμβάνοντες
949 1472 1200 1518 ἀπατώμεθα,
1232 1475 1348 1517 ζητεῖν
1378 1469 1445 1507 οὖν
1474 1473 1541 1519 χρὴ
1575 1473 1656 1509 ἐπι-

239 1527 422 1575 βλέποντα
452 1526 499 1562 τοὶ
532 1525 608 1564 ’ὑπὸ
640 1527 709 1573 τὴν
729 1528 967 1574 προκειμένην
989 1526 1119 1574 φωνὴν
1140 1526 1226 1563 καθ’
1254 1527 1398 1563 ἕκαστα.
1443 1530 1497 1563 ld.
1542 1529 1657 1564 Simil.

238 1584 323 1617 Mar
351 1605 361 1615 .

146 1638 223 1673 9712
241 1639 262 1673 9
323 1594 422 1673 {lviv
445 1633 542 1681 ὅμως
565 1636 710 1678 ἑαυτοῖς
732 1637 799 1682 μὲν
822 1637 1011 1682 ὁμοειδεῖς.
1055 1638 1181 1671 Prodr.
1204 1640 1239 1671 ot
1260 1638 1427 1671 Riccard.

145 1694 189 1727 97
204 1693 224 1725 b
331 1693 366 1728 εἰ
384 1690 450 1736 μὲν
475 1686 541 1727 οὖν
566 1691 679 1737 ἔχοιεν
703 1692 768 1728 ἕνα
792 1692 912 1738 λόγον,
936 1689 1004 1728 οὐκ
1026 1691 1126 1727 ἔσται
1149 1689 1191 1727 τὸ
1216 1692 1315 1727 κύων
1337 1691 1542 1737 ὁμώνυμον,
1567 1689 1656 1727 ἀλλὰ

181 1738 223 1771 13
239 1747 354 1792 γένος.
398 1748 564 1781 Riccard.

144 1804 222 1838 97b
329 1801 560 1837 καθέκαστον
590 1801 757 1837 ἐνταῦθα
787 1814 832 1837 ου
856 1800 898 1837 τὸ
918 1800 962 1836 ἓν
984 1802 1036 1849 τῷ
1059 1798 1207 1849 ἀριθμῷ
1230 1800 1345 1846 λέγει,
1380 1798 1471 1836 ἀλλὰ
1492 1798 1534 1837 τὸ
1559 1799 1657 1842 εἶδος

179 1848 225 1881 28
241 1857 284 1892 τὸ
309 1855 557 1892 εἰδικώτατον.
603 1857 724 1901 Marg.

146 1914 223 1948 971)
241 1914 283 1947 31
331 1909 602 1957 ,,ἀδιαφο’ροις”
625 1911 689 1946 εἴτ’
713 1906 782 1946 οὖν
803 1913 964 1956 μερικοῖς
986 1911 1048 1945 καὶ
1071 1909 1233 1953 ἀτόμοις.
1278 1910 1444 1945 nicom-11.

144 1969 186 2001 97
201 1968 222 2000 b
241 1968 285 2000 32
332 1965 429 2006 εἶδος
450 1965 519 2011 γάρ
541 1979 578 2000 τι
601 1967 784 2010 σαφηνίας
808 1965 828 2000 ὁ
852 1964 939 2011 ὅρος
961 1964 1068 1999 ἐστίν.
1114 1966 1165 1998 ld.

144 2023 222 2056 971>
329 2018 370 2055 τὸ
397 2020 435 2055 ἐν
457 2020 596 2065 ἑκάστῳ
627 2020 722 2064 γένει
751 2018 849 2060 εἶδος
879 2018 1066 2065 ὁρίζεσθαι
1092 2019 1200 2065 χωρὶς
1220 2020 1282 2055 καὶ
1306 2020 1385 2067 ἰδίᾳ
1406 2018 1658 2065 λαμβάνοντας

178 2067 223 2100 34
239 2074 302 2110 καὶ
342 2073 439 2110 οὕτω
482 2076 528 2110 δι’
565 2072 684 2110 αὐτοῦ
715 2074 809 2121 πρὸς
843 2076 910 2110 τὸν
939 2075 1007 2110 τοῦ
1037 2073 1165 2118 γένους
1194 2073 1418 2115 ἀναλυτικοῖς
1447 2071 1657 2120 ἀνατρέχειν

239 2127 403 2176 ὁρισμόν.
448 2130 500 2164 Id.

143 2192 221 2227 971>
329 2182 400 2232 ι’)’ρα
430 2182 490 2221 ὅτι
521 2186 585 2221 καὶ
614 2182 994 2230 γένουςπαράδειγμα
1024 2184 1088 2220 καὶ
1112 2182 1309 2228 ὁμωνύμου
1333 2184 1460 2230 φωνῆς
1479 2183 1653 2220 τέθεικεν.

178 2237 222 2271 35
238 2241 359 2286 Marg-

328 2296 368 2331 εἴ
393 2305 451 2330 σοι
474 2293 516 2330 τὸ
542 2292 607 2338 6ξύ
631 2294 844 2340 προσκέοιτο
862 2295 952 2339 (leg.
975 2293 1187 2340 προκέοιτο)
1210 2295 1262 2334 εἰς
1283 2293 1452 2340 ὁρισμόν,
1480 2293 1531 2339 μή
1553 2291 1654 2329 απαν

239 2349 331 2385 ἀλλα
363 2348 407 2385 τὸ
441 2349 481 2385 ἐν
510 2351 559 2396 τῇ
587 2351 696 2396 φωνῇ
718 2347 782 2392 6ξύ
807 2347 1032 2384 ἀποδιδόναι
1053 2350 1187 2395 πειρῶ,
1219 2348 1299 2385 οἷον
1332 2347 1389 2385 ὅτι
1411 2347 1453 2385 τὸ
1477 2351 1529 2397 τῷ
1550 2351 1658 2395 βαρεῖ

239 2405 419 2447 ἐναντίον,
443 2404 567 2440 ἔπειτα
588 2418 631 2440 το
656 2401 738 2439 έν”
718 2417 841 2448 ογκοις
863 2401 920 2439 ὅτι
943 2402 983 2439 τὸ
1009 2406 1061 2451 τῷ
1084 2402 1221 2450 ἀμβλεῖ.
1268 2404 1435 2438 Riccard.

142 2464 185 2498 97
198 2464 221 2497 b
327 2459 560 2504 διαλέγεσθαι
582 2459 651 2505 γὰρ
675 2457 814 2504 ἀνάγκη
834 2459 933 2494 ἔσται
960 2458 1133 2500 πολλάκις
1153 2462 1380 2505 μεταφοραῖς
1403 2457 1468 2494 τὸν
1493 2458 1530 2502 ἐξ
1552 2457 1653 2494 ἐνδό-

177 2509 221 2542 37
238 2517 310 2558 ξων
338 2513 590 2561 ἐπιχειροῦντα
612 2515 675 2550 καὶ
694 2515 777 2562 περὶ
802 2515 870 2550 τοῦ
888 2516 1086 2556 δοκοῦντος
1110 2516 1399 2559 φιλονεικοῦντα,
1422 2514 1489 2550 τὸν
1512 2513 1553 2550 δὲ
1575 2513 1653 2560 ὁρι-

238 2569 590 2615 ζόμενονοῦδαμῶς.
634 2571 686 2606 Id.

141 2628 186 2663 98
200 2639 221 2662 a
326 2627 513 2661 τουτέστιν
525 2626 718 2671 ἐπιχειρεῖν
739 2622 812 2660 ἀπὸ
832 2625 906 2659 τῶν
921 2623 1117 2670 ἀνατομῶν
1131 2624 1195 2660 καὶ
1206 2622 1279 2659 ἀπὸ
1292 2625 1366 2659 τῶν
1374 2622 1593 2668 διαιρέσεων·
1612 2621 1652 2658 ἐκ

200 2673 218 2706 1
236 2680 348 2725 τριῶν
359 2678 428 2724 γὰρ
453 2681 602 2726 ἐγχωρεῖ
609 2681 735 2715 αἰτίων
749 2680 966 2725 αἰτιολογεῖν
980 2679 1027 2715 τὰ
1041 2679 1178 2726 φυσικοὶ
1189 2680 1437 2725 προβλήματα,
1447 2675 1517 2723 ἢέκ
1524 2677 1653 2722 γένους

234 2731 260 2780 ἢ
277 2734 315 2771 ἐκ
335 2732 485 2777 πάθους
503 2732 527 2780 ἢ
541 2734 580 2770 ἐκ
597 2735 665 2771 τοῦ
682 2733 876 2780 ἀνάλογον.
909 2734 948 2772 έν
962 2735 1028 2781 μὲν
1043 2730 1110 2772 οὖν
1122 2737 1197 2776 τοῖς
1215 2734 1252 2771 ἐκ
1268 2734 1395 2779 γένους
1417 2734 1650 2779 συμβαλεῖται

1756 2727 1760 2829 ⁴
