1722 3112
643 214 892 260 Analyttca
925 213 1098 258 priora.
1524 209 1601 249 531

103 317 249 357 68321
276 313 388 369 πλὴν
416 313 553 355 αὐτοῦ
579 315 659 356 τοῦ·
686 316 729 354 A
738 344 750 363 ,
785 314 874 366 ipso
902 314 944 353 A
981 314 1151 365 excepto
1180 311 1218 351 Β
1253 310 1513 362 praedicatur
1549 309 1603 347 de

157 381 338 421 omnibus
366 392 467 431 quae
496 380 774 431 complectitur
793 378 986 418 terminus
1007 378 1072 416 A:
1099 379 1189 416 na'm
1212 375 1304 427 quia
1325 375 1539 413 terminum
1561 373 1602 412 A

152 445 209 485 itu
237 445 391 494 sumsit,
420 448 465 484 ut
491 457 568 484 non
597 444 671 482 nisi
700 444 752 483 de
781 443 818 482 Β
837 447 879 481 et
897 443 939 482 Γ
959 442 1226 494 praedicetur,
1254 440 1295 479 A
1321 441 1455 478 nutem
1484 438 1602 476 etiam

154 509 207 549 de
236 523 281 549 se
308 510 396 562 ipso
423 509 646 562 praedicari
675 507 966 559 quodammodo
994 511 1142 558 potest,
1174 505 1330 543 videtur
1356 503 1517 555 quidem
1545 501 1602 539 la-

154 574 234 614 tius
273 579 411 627 patere
448 586 566 624 quam
595 572 632 611 Β
661 577 702 610 et
732 571 776 611 Γ
802 584 932 622 neque
968 574 1100 609 tamen
1140 582 1184 607 re
1210 582 1303 608 vera
1330 568 1447 606 latius
1476 569 1600 619 patet.

158 638 294 688 Quare
321 633 618 686 α’ντιστρέφειν
642 635 709 674 hic
738 647 814 673 non
840 635 895 673 ita
923 635 1074 673 dictum
1102 637 1189 683 est,
1227 638 1271 672 ut
1297 632 1495 683 significet
1521 635 1606 669 ter-

157 702 284 740 minos
313 701 380 752 qui
407 701 495 739 sine
521 699 753 740 discrimine
780 699 885 737 inter
913 711 958 737 se
986 698 1207 751 permutari
1233 697 1402 749 possint,
1434 695 1506 735 sed
1534 707 1604 734 eos

155 766 223 818 qui
261 764 429 804 eundem
467 764 630 816 quidem
669 764 863 802 ambitum
902 763 1098 813 habeant,
1135 763 1175 801 h.
1204 776 1241 800 e.
1280 763 1347 813 qui
1374 760 1607 800 conveniant

156 829 317 882 quidem
352 830 393 868 in
431 830 482 868 iis
520 841 621 880 quae
659 829 756 881 ipsis
793 828 972 867 subiecta
1000 827 1105 877 sint,
1153 839 1390 878 quamquam
1417 837 1496 864 non
1524 823 1606 863 sint

156 895 291 934 iidem.
1543 921 1546 924 ι

102 961 254 999 68329
280 956 385 999 τὸΓ
404 957 465 1013 τῷ
479 958 534 996 A.
570 956 753 996 Datimm
782 957 930 1009 posuit,
958 957 1046 1007 quia
1069 957 1109 995 in
1132 959 1266 995 mente
1283 954 1426 994 habuit
1447 951 1607 1006 ὁμοίως

155 1023 261 1075 quod
300 1023 536 1074 praecessit.
594 1021 751 1061 Plenius
788 1022 957 1061 dixisset
993 1018 1066 1061 καὶ
1091 1019 1140 1061 τὸ
1169 1020 1212 1060 Γ
1232 1018 1390 1072 ὁμοίως
1416 1014 1607 1070 φευκτὸν

154 1084 228 1128 καὶ
254 1085 438 1127 διωκτὸν
464 1085 513 1126 τὸ
541 1087 598 1126 Δ.

101 1154 248 1192 68330
273 1147 477 1201 ἑκάτερον
502 1148 586 1202 γὰρ
609 1179 618 1188 .
640 1180 650 1190 .
671 1180 706 1200 .,
735 1150 777 1190 h.
806 1163 843 1188 e.
871 1146 1075 1200 ἑκάτερον
1099 1146 1183 1201 γὰρ
1210 1148 1259 1190 τὸ
1288 1147 1477 1201 φευκτὸν
1495 1147 1553 1197 <13
1567 1151 1608 1186 et

157 1217 220 1267 Γ)
248 1214 406 1268 ὁμοίως
433 1214 625 1267 φευκτόν
652 1212 742 1255 ἐστι
775 1211 847 1254 καὶ
885 1211 1086 1266 ἑκάτερον
1112 1214 1161 1255 τὸ
1190 1213 1374 1255 διωκτὸν
1400 1213 1462 1264 (A
1481 1217 1524 1251 et
1543 1211 1607 1260 A)

39 1325 94 1335 ,Γ
131 1318 134 1320 .
168 1280 356 1322 ιιωκτόν.
412 1280 528 1330 Quod
556 1280 656 1319 dicit
683 1284 747 1319 est
774 1279 866 1318 hoc.
921 1280 965 1318 Si
995 1281 1096 1319 bono
1123 1285 1216 1320 sunt
1243 1279 1448 1332 aequalia,
1487 1277 1609 1316 etiam

21 1354 47 1395 ‘2
104 1337 126 1366 ‘³'
162 1343 262 1390 ’,313
298 1346 346 1386 iis
384 1345 565 1397 opposita
603 1344 782 1396 aequalia
819 1347 933 1383 sunt:
971 1358 1060 1383 nam
1099 1349 1314 1396 utrumque
1349 1346 1497 1383 bonum
1529 1353 1609 1380 non

18 1404 151 1472 ,ἐζ-ι,
184 1411 284 1463 agis
321 1410 524 1462 appetitur
560 1422 679 1460 quam
716 1408 1045 1460 fugitur.ma1um
1077 1411 1184 1461 quod
1214 1410 1251 1448 ei
1278 1408 1507 1460 oppositum
1534 1408 1609 1444 est.

55 1471 80 1486 ”’
234 1476 354 1527 igitur
390 1474 573 1526 ponimus
602 1474 643 1513 A
664 1490 727 1506 =
749 1474 814 1522 A,
853 1475 1112 1525 consequitur
1140 1474 1178 1514 Β
1200 1489 1263 1504 =
1284 1473 1342 1513 F:
1379 1484 1502 1524 quare
1534 1469 1612 1509 erit

159 1537 386 1585 A÷F=
407 1535 570 1582 B÷A.
627 1537 760 1587 Quum
798 1551 894 1577 vero
921 1551 979 1576 vs.
1009 1541 1060 1576 27
1088 1538 1342 1589 posuerimus
1371 1537 1450 1588 (sic
1477 1534 1612 1587 pergit

157 1617 218 1643 vs.
246 1603 317 1655 32)
347 1603 388 1642 A
403 1601 446 1649 -Ι-
463 1603 506 1642 Γ
526 1613 571 1645 >
599 1602 659 1652 (h.
688 1615 726 1640 e.
755 1599 1027 1654 αἱρετώτερα)
1056 1600 1218 1651 Β-Ι-Δ,
1247 1615 1385 1640 verum
1414 1613 1506 1639 esse
1531 1611 1611 1638 non

156 1671 293 1719 potest
305 1664 660 1714 (vs.33)A-—-A‚
690 1676 812 1713 quum
828 1664 922 1704 inde
947 1668 1270 1716 consequaturA
1279 1664 1321 1710 -Ι-
1334 1661 1540 1708 F=B÷
1553 1664 1610 1705 A.

158 1729 315 1769 Deinde
352 1730 387 1768 si
426 1729 617 1768 sumimus
645 1728 690 1766 A
708 1739 753 1770 >
772 1728 815 1766 A
841 1727 918 1778 (vs.
943 1728 1040 1778 33),
1078 1731 1155 1768 erit
1183 1731 1304 1769 etiam
1334 1730 1371 1768 Β
1389 1740 1433 1772 >
1463 1720 1614 1781 (ἧττον

159 1792 361 1846 φευκτόν,
389 1793 430 1832 h.
451 1806 488 1835 e.
518 1790 812 1845 αἱρετώτερον)
842 1793 894 1834 Γ.
949 1793 1052 1832 Nam
1081 1794 1220 1832 maiori
1246 1795 1349 1833 bono
1378 1794 1503 1833 maius
1526 1807 1613 1833 ma-

161 1860 243 1899 lum
294 1858 509 1910 opponitur
547 1856 625 1911 (τῷ
654 1859 696 1897 Δ
722 1855 772 1897 τὸ
801 1857 889 1908 Γ),
934 1858 1075 1897 minori
1111 1859 1242 1897 minus
1282 1858 1360 1911 (τῷ
1387 1859 1430 1899 Λ
1455 1856 1505 1899 τὸ
1532 1858 1613 1908 Γ).

163 1924 295 1975 Quum
339 1927 469 1961 autem
509 1923 637 1961 maius
675 1924 820 1962 bonum
858 1922 1000 1961 minori
1036 1927 1078 1961 et
1115 1923 1247 1962 minus
1286 1924 1431 1963 malum
1472 1923 1613 1962 maiori

159 1986 470 2041 praeferendum
498 1987 564 2034 sit,
585 1987 706 2027 etiam
733 1987 942 2027 coniuncta
964 1986 1054 2033 Β-Ι-
1068 1989 1168 2031 A>
1193 1988 1475 2042 (praeferenda
1496 1991 1614 2027 erunt

163 2050 402 2102 coniunctis)
422 2053 463 2090 A
476 2049 580 2099 -Ι-Γ,
610 2052 715 2103 quod
745 2052 780 2090 ei
800 2056 997 2105 repugnat
1015 2053 1120 2103 qnod
1141 2066 1198 2092 vs.
1219 2055 1273 2092 27
1291 2053 1497 2105 posuimus
1510 2052 1614 2100 (νῦν

163 2116 200 2158 δ’
230 2114 312 2157 οὐκ
338 2113 451 2156 ἔστιν
476 2128 534 2156 vs.
555 2116 640 2166 38).
696 2115 808 2166 Quae
847 2129 967 2168 quum
996 2117 1050 2157 ita
1079 2119 1180 2166 sint,
1224 2123 1268 2156 nt
1306 2124 1469 2170 cogatur
1506 2118 1614 2170 quod

162 2182 344 2222 volumus
371 2181 413 2220 A
433 2178 476 2225 -Ι-
498 2181 540 2220 Γ
555 2191 599 2223 >
620 2181 657 2220 Β
674 2179 717 2226 -Ι-
734 2181 792 2229 Λ,
820 2194 948 2232 neque
977 2184 1077 2222 sumi
1098 2184 1247 2235 poterit
1275 2183 1317 2221 A
1332 2199 1394 2214 =
1414 2185 1457 2223 A
1483 2196 1614 2235 neque

166 2246 335 2293 A<A‚
363 2257 486 2284 unum
511 2244 636 2296 igitur
661 2245 848 2285 relictum
876 2251 960 2296 est,
989 2251 1034 2286 ut
1059 2252 1232 2299 ponatur
1259 2249 1425 2290 A>A.

111 2314 261 2354 68331
288 2307 341 2350 τὰ
369 2310 512 2361 ἄμφω.
570 2309 638 2348 Sic
666 2310 839 2350 128b35
868 2301 930 2351 ὧν
959 2309 1006 2352 δὲ
1031 2311 1080 2352 τὸ
1108 2310 1188 2363 μὲν
1214 2303 1311 2364 εὗρε
1336 2310 1385 2353 τὸ
1406 2311 1446 2353 δ’
1465 2310 1612 2364 ἔμαθε,

164 2374 217 2416 τὰ
243 2376 373 2428 ἄμφω
402 2372 629 2425 οὐδέτερον
655 2375 717 2422 (h.
745 2388 782 2417 e.
811 2377 910 2416 οὔθ’
946 2369 1071 2429 εὗρεν
1107 2379 1196 2418 οὔτ’
1224 2375 1419 2431 ἔμαθεν).
1462 2380 1614 2419 857ὺῖ

166 2438 264 2481 ὥστ’
292 2438 379 2481 ἐστὶ
404 2437 514 2491 ῥᾷον
541 2438 655 2496 αὐτῷ
682 2438 735 2480 τὰ
762 2441 902 2494 ἄμφω.

113 2509 264 2547 68339
291 2504 327 2546 εἰ
355 2503 407 2558 δὴ
435 2502 597 2552 ἕλοιτο,
635 2506 671 2544 si
707 2505 830 2546 malit.
894 2507 1198 2560 Intelligendum
1236 2511 1300 2547 est
1335 2508 1524 2560 μᾶλλον,
1561 2509 1612 2547 ad

167 2571 274 2623 quod
301 2570 477 2610 refertur
503 2569 698 2622 particula
724 2567 752 2622 ἢ
780 2584 837 2611 vs.
865 2572 933 2609 41.
987 2572 1051 2611 Cf.
1079 2573 1257 2612 364b11
1286 2572 1508 2625 φθάνουσι
1533 2585 1611 2626 πη-

166 2634 344 2688 γνύντες
379 2634 406 2688 ἢ
433 2635 750 2686 προωθοῦντες.
805 2635 922 2685 Quod
949 2641 1084 2676 nostro
1112 2638 1202 2677 loco
1229 2640 1345 2679 deest
1370 2640 1458 2680 iure
1483 2639 1614 2679 omitti

167 2703 325 2753 poterat
350 2702 527 2740 951337
554 2700 716 2751 μᾶλλον
742 2696 798 2740 ἂν
823 2697 1060 2752 προέλοιτο.
1126 2702 1276 2742 Mirum
1311 2717 1388 2744 non
1416 2709 1480 2744 est
1506 2703 1613 2755 quod

170 2765 330 2816 μᾶλλον
357 2765 558 2806 interdum
585 2765 801 2817 omittitur,
836 2778 958 2816 quum
983 2767 1181 2821 particula
1204 2766 1232 2822 ἢ
1261 2769 1470 2820 aliquando
1495 2781 1612 2822 prae-

1267 2830 1348 2866 34*

0 2989 159 3112 W
