1780 3112
430 179 494 214 De
527 177 775 213 codicibus
805 176 999 222 graecis
1020 174 1219 222 Organi.
1505 176 1556 215 11

197 276 420 311 Riccard.
446 275 502 311 55
531 277 647 310 chart.
669 274 705 309 4.
735 278 882 320 praeter
913 274 1113 319 Porphyrii
1141 273 1331 318 isagogen
1357 283 1441 307 cum
1464 273 1555 308 Am-

105 333 218 367 monii
241 344 370 367 comm.
392 333 507 368 habet
522 337 591 367 cat.
617 336 653 366 et
675 332 809 366 librum
834 332 879 364 de
903 331 1001 375 intp.‚
1026 342 1156 364 comm.
1182 340 1403 375 anonymum
1428 330 1465 364 iu
1486 335 1555 365 cat.

107 389 168 433 qui
192 390 302 424 etiam
334 391 489 425 occurrit
524 389 560 423 in
590 389 758 423 Laurent.
782 387 850 429 71,
875 387 919 420 11
943 388 1008 422 fol.
1030 385 1220 422 81—142.
1269 386 1438 420 Videntur
1461 387 1555 420 haec

106 447 248 480 scholia
282 451 452 491 excerpta
483 457 561 480 esse
585 457 630 480 ex
651 444 854 480 Ammonio.
900 444 977 479 Sub
1010 444 1123 478 finem
1155 447 1282 478 auctor
1312 442 1558 487 prolixitatem

107 513 178 546 qua
210 507 315 536 antea
350 514 435 536 usus
470 506 547 536 erat
571 502 621 535 ita
657 500 835 544 cohibuit,
867 505 906 534 ut
930 501 1133 535 Aristotelis
1156 500 1272 534 verba
1294 499 1473 533 maiorem
1495 499 1558 533 fo-

105 558 236 592 liorum
263 563 402 601 partem
427 562 614 602 occupent.

193 613 342 648 Basil.
368 615 410 655 F,
435 615 481 649 11.
507 615 558 648 21
583 614 734 648 membr.
759 612 792 648 4.
818 624 912 647 saee-
938 613 1083 657 XIJXH.
1119 613 1300 658 Porphyr.
1321 611 1416 657 isag-
1441 615 1478 646 et
1494 623 1570 656 ca&

103 672 178 714 teg.
200 681 272 703 uno
296 676 419 704 tenore
448 671 584 715 scripta
615 675 708 704 sunt.
768 670 906 704 Ultima
938 670 1007 703 duo
1042 669 1215 715 isagoges
1248 669 1340 703 folia
1370 673 1406 703 et
1437 669 1558 713 prima

104 727 373 771 categoriarum
397 727 599 760 recentiora
623 727 800 761 videntur.
837 727 940 761 Anal.
961 737 1014 770 pr.
1038 726 1102 759 lib.
1125 727 1139 758 Ι
1166 732 1202 760 et
1215 727 1320 760 Anal.
1337 730 1428 770 post.
1448 726 1558 759 scho-

102 781 155 816 lia
177 783 313 817 habent
335 784 595 827 copiosissima,
620 784 684 817 sed
707 783 912 817 recentiora
935 787 1017 816 sunt
1041 786 1080 816 ut
1105 783 1141 816 in
1164 783 1270 827 soph.
1294 781 1469 817 elenchis.
1516 783 1556 816 lu

102 838 252 882 Topicis
277 839 343 873 132
366 850 389 874 a
411 840 458 874 36
481 838 576 876 εἶναι
597 859 644 866 -
669 839 735 874 137
759 851 782 874 a
803 838 828 872 4
860 838 1097 886 τάνθρώπου
1131 839 1270 873 desunt·
1322 838 1415 872 Sunt
1445 849 1557 882 quae-

103 895 188 929 dam
213 896 249 929 in
273 896 397 930 codice
421 908 489 930 non
515 896 633 940 prima
654 907 764 930 manu
788 897 909 930 deleta
933 900 970 931 et
991 899 1141 930 mutata.
1188 895 1343 931 Scholia
1366 896 1557 941 negligen-

103 951 173 985 tius
196 952 332 996 scripta
356 957 392 986 et
416 953 546 996 partim
570 955 667 987 male
691 953 835 986 affecta.

194 1008 395 1042 coislin.
419 1008 506 1042 330
530 1010 609 1042 cod.
635 1010 664 1042 C
687 1009 791 1043 Bldri.
824 1009 908 1043 Alia
930 1019 1059 1042 manus
1093 1007 1220 1051 incipit
1241 1006 1288 1041 82
1305 1018 1328 1041 a
1345 1007 1368 1040 2
1392 1010 1557 1051 σκοπεῖν,

102 1074 195 1107 quae
218 1064 326 1098 valde
350 1064 481 1098 similis
506 1069 560 1098 est
582 1065 640 1106 ei,
674 1076 747 1108 qua
768 1065 852 1098 finis
874 1066 978 1109 soph.
1006 1067 1052 1100 el.
1078 1069 1247 1098 exaratus
1270 1068 1324 1098 est
1348 1065 1432 1098 inde
1449 1075 1472 1098 a
1490 1063 1558 1098 ΠΒ

101 1120 127 1153 h
151 1119 205 1154 17.
253 1122 292 1154 ln
314 1121 388 1154 fine
411 1121 546 1155 codicis
570 1122 750 1164 quaedam
776 1123 946 1165 exempla
969 1123 1137 1166 leguntur
1163 1121 1442 1164 sophismatum.
1479 1121 1556 1155 To-

102 1175 197 1221 pica,
220 1177 258 1211 in
282 1178 412 1221 quibus
437 1178 563 1211 desunt
588 1177 654 1211 132
670 1188 692 1210 a
711 1177 755 1211 18
776 1179 898 1217 καλῶς
923 1197 963 1202 -
983 1177 1052 1210 138
1072 1178 1095 1210 b
1114 1176 1172 1217 33,
1198 1177 1274 1210 alia
1296 1188 1407 1210 manu
1422 1177 1558 1221 scripta

101 1238 181 1267 sunt
212 1245 320 1277 quam
354 1234 506 1278 reliqua.
553 1234 633 1267 lota
656 1233 900 1277 subscriptum
938 1233 1084 1267 omnino
1114 1233 1256 1278 negligi
1279 1234 1383 1267 solet.
1430 1233 1559 1268 Finem

102 1290 206 1333 soph.
225 1292 272 1324 el.
292 1291 518 1331 contulimus,
542 1295 582 1324 ut
604 1290 715 1324 etiam
740 1300 832 1333 quae
850 1290 1041 1324 recentiori
1065 1300 1174 1323 manu
1191 1294 1342 1323 exarata
1356 1290 1557 1324 aBekkero

101 1347 269 1392 neglecta
292 1352 390 1390 sunt,
416 1358 486 1380 non
510 1346 758 1392 negligentius
780 1346 916 1390 scripta
940 1356 1019 1380 esse
1043 1346 1328 1379 ostenderemus.

194 1403 396 1438 Coislin.
423 1402 506 1436 170
529 1414 637 1448 quem
658 1404 774 1438 Bekk.
801 1403 966 1437 litteral)
991 1402 1131 1437 notavit
1153 1413 1315 1448 organon
1339 1413 1410 1435 non
1423 1403 1556 1444 habet3

101 1458 151 1493 cf.
172 1461 278 1494 catal.
307 1460 396 1494 bibl.
421 1459 531 1494 Coisl.

191 1517 246 1549 De
270 1516 421 1560 reliquis
445 1516 574 1561 organi
597 1516 719 1559 codd.,
754 1527 909 1560 quorum
931 1515 1150 1550 mentionem
1174 1515 1263 1549 fecit
1284 1516 1429 1559 Buhle,
1463 1514 1556 1550 nihil

100 1571 203 1613 dico,
227 1573 362 1617 quippe
387 1574 431 1607 de
458 1573 587 1616 quibus
610 1584 681 1606 non
705 1573 841 1617 possim
862 1573 930 1606 nisi
952 1574 1070 1606 relata
1093 1571 1245 1605 referre.

190 1630 314 1673 Quum
337 1629 505 1663 dixissem
531 1630 576 1663 de
600 1630 645 1664 iis
669 1630 875 1673 codicibus,
900 1629 960 1673 qui
985 1640 1149 1674 organon
1172 1629 1292 1673 ipsum
1314 1628 1471 1669 habent,
1494 1639 1555 1662 re-

105 1688 177 1720 stat
200 1691 241 1720 ut
264 1687 385 1720 dicam
408 1686 454 1720 de
477 1686 542 1724 iis,
574 1687 636 1730 qui
668 1687 945 1721 commentarios
971 1686 1169 1726 continent,
1195 1697 1239 1719 ex
1264 1685 1392 1729 quibus
1413 1684 1557 1718 scholia

101 1741 258 1776 desumi
295 1743 340 1776 ad
376 1742 558 1776 Brundisii
589 1745 796 1786 exemplum
828 1755 872 1777 ex
910 1743 1054 1776 ineditis
1088 1741 1357 1775 commentariis
1386 1742 1554 1775 collecta..

101 1798 277 1842 Reliquos
307 1798 438 1839 libros,
465 1798 525 1842 qui
547 1809 701 1844 graecos
723 1799 934 1842 interpretes
958 1799 1143 1838 exhibent,
1167 1810 1190 1833 a
1212 1810 1271 1831 me
1293 1798 1486 1841 inspectos,
1511 1809 1557 1831 ex

101 1854 230 1898 quibus
252 1856 312 1888 vel
336 1855 429 1890 nihil
453 1855 685 1889 emolumenti
710 1856 819 1889 hausi
840 1856 901 1888 vel
925 1855 1022 1898 quod
1040 1854 1219 1888 referrem
1241 1865 1313 1887 non
1335 1854 1451 1888 habui
1474 1865 1555 1888 me-

100 1917 244 1945 moratu
269 1911 441 1956 dignum,
465 1912 607 1945 silentio
632 1917 834 1956 praetereo.

191 1967 456 2013 chigianus
480 1969 527 2003 R.
553 1967 586 2001 4.
612 1968 665 2000 18
689 1968 804 2011 (Bibl.
840 1967 1014 2012 principis
1047 1966 1157 2012 Chigi
1186 1966 1363 2009 Romani)
1388 1967 1553 2000 membr.

98 2023 134 2058 4.
165 2035 262 2058 saec.
296 2025 373 2058 ΧΠ.
430 2025 571 2070 Logica
604 2025 784 2068 quaedam
821 2024 952 2065 habet,
994 2023 1154 2057 maxime
1193 2023 1340 2067 quidem
1386 2024 1435 2057 ad
1481 2026 1552 2057 cat.

100 2086 137 2114 et
165 2081 298 2115 librum
328 2081 373 2114 de
403 2081 491 2125 intp.
522 2081 734 2125 spectantia.
788 2079 963 2124 Ἰωάννης
997 2078 1186 2124 ἐλάχιστος
1219 2085 1348 2114 auctor
1371 2080 1549 2124 perhibe-

99 2141 170 2172 tur.
224 2137 333 2171 Liber
366 2137 454 2171 satis
485 2139 674 2183 eleganter
703 2137 876 2181 scriptus,
910 2138 974 2171 sed
1005 2136 1083 2170 sine
1118 2136 1255 2170 ordine.
1304 2137 1358 2170 Ex
1387 2136 1552 2180 pluribus

102 2198 269 2227 consutus
289 2194 451 2234 videtnr3
474 2199 556 2227 sunt
569 2195 734 2228 membra
752 2194 914 2227 disiecta.
963 2194 1051 2227 Plus
1067 2194 1183 2227 semel
1202 2193 1313 2227 iidem
1330 2192 1426 2226 tituli
1442 2192 1549 2225 rede-

100 2255 165 2284 unt
203 2250 356 2284 diversis
393 2251 675 2294 expositionibus
711 2250 874 2284 eiusdem
903 2250 959 2284 rei
991 2250 1202 2295 praepositi.
1270 2249 1379 2292 Quod
1423 2251 1551 2282 notatu

99 2307 251 2352 dignum
273 2307 383 2341 fuerit
403 2308 494 2341 nihil
517 2307 552 2340 in
576 2306 621 2340 iis
643 2306 775 2340 inveni.

190 2364 292 2397 Mar
303 2375 333 2396 c.
360 2364 463 2407 App.
489 2363 562 2404 lV,
587 2362 640 2396 :19
673 2364 789 2397 chart.
814 2362 879 2397 fol.
900 2374 998 2396 saec.
1022 2363 1119 2398 XVll
1143 2363 1214 2397 τοῦ
1238 2358 1461 2404 σοφωτάτου
1485 2372 1550 2396 κυ-

100 2419 185 2466 ρίου
210 2420 397 2463 Θεοφίλου
421 2420 491 2455 τοῦ
512 2419 762 2465 Κορυδαλέως
785 2420 838 2460 εἰς
862 2417 1014 2454 ἅπασαν
1027 2419 1097 2464 τὴν
1114 2417 1265 2461 λογικὴν
1280 2418 1551 2463 πραγματείαν.

100 2478 267 2512 prooem.
293 2476 362 2510 inc.
387 2472 433 2512 oti
457 2476 575 2522 μόνον
598 2476 737 2519 καλῶς,
768 2474 859 2511 ἀλλὰ
891 2477 954 2511 καὶ
984 2478 1067 2511 λίαν
1097 2474 1225 2522 ὀρθῶς
1249 2477 1328 2513 τοῖς
1352 2473 1550 2518 ἐρασταῖσιν.

100 2534 190 2569 Sunt
212 2533 446 2578 σχολαστικαὶ
470 2531 764 2578 α’ποσημειώσεις
785 2534 822 2568 iu
838 2533 1041 2568 Aristotelis
1066 2544 1145 2578 org.
1167 2532 1226 2566 cui
1243 2530 1454 2566 interiectae
1467 2534 1551 2566 sunt

101 2587 258 2636 ἀπορίαι
281 2595 318 2624 et
340 2590 471 2631 λύσεις.

190 2647 342 2682 Marc.
365 2647 474 2692 App.
496 2648 570 2689 lv,
591 2646 645 2680 24
667 2647 790 2682 bomb.
814 2647 849 2681 4.
874 2658 971 2680 saec.
995 2645 1068 2679 XV.
1114 2644 1356 2680 Pei-tractatio
1381 2643 1471 2679 artie
1492 2645 1549 2677 lo-

102 2703 208 2749 gie-e
242 2708 279 2739 et
309 2705 486 2750 physicae
507 2708 655 2738 auctore
679 2705 837 2749 losepho
854 2703 1107 2747 Rhacendyte.
1155 2703 1320 2737 Eandem
1336 2701 1452 2736 habet
1469 2701 1547 2735 cod.

102 2759 237 2795 Bam.
258 2761 306 2796 ‘18
327 2762 373 2796 de
395 2772 466 2806 quo
488 2761 537 2796 cf.
561 2762 668 2796 catal.
