1826 3112
296 219 377 259 250
801 220 1206 255 ANAA'PTIKSQN

298 319 378 374 δος
394 316 646 376 συμβαίνειν
665 313 736 360 διοὶ
754 317 968 363 πλειόνων
985 315 1244 363 ὑποθέσεων
1260 315 1395 362 οὐδὲν
1413 317 1519 373 ἴσως
1534 314 1709 370 ἄτοπον,

298 379 393 429 οἷον
427 380 505 439 τὰς
540 380 850 443 παραλλήλους
884 384 1141 442 συμπίπτειν
1182 383 1256 428 ’καὶ
1289 383 1326 428 εἰ
1359 383 1513 442 μείζων
1541 383 1654 428 ἐστὶν
1679 380 1709 444 ἡ

299 446 417 503 ἐντὸς
455 452 534 510 τῆς
575 444 699 503 ἐκτὸς
740 449 812 493 καὶ
853 449 891 494 εἰ
929 448 980 494 τὸ
1015 450 1224 509 τρίγωνον
1254 448 1335 508 ἔχει
1368 450 1545 505 πλείους
1571 446 1712 508 ὀρθὰς

249 525 283 554 1⁵
299 517 433 560 δυεῖν.

218 579 281 622 18
423 576 476 623 Ο
510 577 556 622 δὲ
587 575 760 638 ψευδὴς
790 577 918 638 λόγος
946 580 1102 639 γίνεται
1131 576 1250 637 παρὰ
1269 575 1319 623 τὸ
1341 582 1514 636 πρῶτον
1530 581 1709 634 ψεῦδος.

297 642 327 706 ἢ
357 661 441 703 γαρ
471 643 516 688 ἐκ
540 646 625 688 τῶν
656 642 740 688 δύο
770 644 1019 702 προτάσεων
1041 643 1070 705 ἢ
1095 645 1140 690 ἐκ
1158 643 1371 690 πλειονων
1392 649 1477 700 πᾶς
1496 645 1580 689 ἐστὶ
1602 648 1711 690 συλ-

297 708 516 769 λογισμός.
539 709 577 753 εἰ
597 726 673 767 μεν
691 702 775 755 οὖν
795 710 839 755 ἐκ
859 714 943 755 τῶν
964 710 1022 756 δύ
1013 729 1063 765 0,
1083 710 1248 757 τούτων
1269 708 1432 771 ανάγκη
1466 708 1550 791 τήν
1567 710 1712 768 ἑτέραν

297 772 330 836 ἢ
348 776 421 820 καὶ
445 773 691 833 αιιφοτέρας
710 771 814 820 εἶναι
837 779 919 829 ψει
918 779 1035 831 δεῖς·
1058 775 1103 830 ἐξ
1121 775 1302 837 αληθῶν
1314 774 1396 835 γὰρ
1417 774 1502 820 οὐκ
1522 769 1578 837 ἧν
1597 779 1710 830 ψευ-

247 854 282 882 20
298 838 379 902 δής
410 839 714 899 συλλογισμός.
751 842 786 886 εἰ
811 840 848 886 δ’
871 841 917 886 ἐκ
941 841 1162 896 πλειόνων,
1187 846 1284 885 οἱον
1303 839 1353 885 τὸ
1377 842 1454 898 μὲν
1479 844 1523 885 Γ
1537 839 1609 885 διὰ
1628 845 1713 886 τῶν

298 910 395 961 ΑΒ,
445 909 582 951 ταῦτα
620 906 666 950 δὲ
707 904 779 950 διὰ
816 910 900 951 τῶν
941 910 1139 961 ΔΕΖΗ,
1181 905 1350 951 τούτων
1389 923 1429 951 τι
1468 906 1582 951 ἔσται
1624 910 1713 952 τοῖν

298 971 440 1018 ἐπάνω
466 974 645 1026 ψεῦδος,
676 972 747 1015 καὶ
780 969 900 1031 παρὰ
927 976 1062 1017 τοῦτο
1092 970 1118 1017 6
1145 971 1294 1031 λόγος·
1337 970 1387 1017 τὸ
1421 969 1502 1032 γὰρ
1522 976 1558 1016 Α
1586 974 1656 1017 καὶ
1676 976 1713 1017 Β

297 1036 353 1083 δι’
381 1037 551 1082 ἐκείνων
583 1037 867 1095 περαίνονται.
912 1034 1019 1084 ὥστε
1041 1035 1142 1097 παρ’
1162 1038 1332 1084 ἐκείνων
1352 1056 1390 1083 τι
1418 1038 1643 1097 συμβαίνει
1659 1035 1711 1083 τό

297 1103 590 1162 συμπέρασμα
606 1104 679 1147 καὶ
699 1100 749 1148 τὸ
769 1107 947 1159 ψεῦδος.

217 1172 280 1216 19
432 1166 558 1226 Πρὸς
606 1168 652 1212 δὲ
700 1166 749 1213 τὸ
792 1167 851 1230 μὴ
895 1168 1336 1227 κατασυλλογίζεσθαι
1376 1168 1712 1230 παρατηρητέον,

247 1248 281 1276 26
300 1231 406 1280 ὅταν
435 1232 540 1279 ἄνευ
571 1237 656 1278 τῶν
687 1233 1064 1293 συμπερασμάτων
1090 1234 1222 1296 ἐρωτᾷ
1240 1231 1316 1279 τὸν
1339 1232 1486 1293 λόγον,
1514 1232 1634 1289 ὅπως
1653 1232 1713 1295 μὴ

297 1302 416 1359 δοθῇ
445 1301 512 1355 δὶς
538 1296 698 1345 ταύτὸν
729 1300 773 1345 ἐν
807 1306 899 1356 ταῖς
927 1298 1212 1357 προτάσεσιν,
1246 1298 1470 1359 ἐπειδήπερ
1501 1301 1621 1358 ἴσμεν
1649 1298 1714 1345 ὅτι

298 1363 405 1412 ἄνευ
431 1366 570 1424 μέσου
597 1364 889 1426 συλλογισμὸς
917 1364 974 1411 οὐ
1000 1366 1171 1425 γίνεται,
1193 1365 1326 1423 μέσον
1356 1363 1392 1409 δ’
1419 1365 1505 1410 ἐστὶ
1533 1363 1582 1411 τὸ
1612 1369 1714 1411 πλε-

298 1431 446 1487 ονάκις
474 1430 717 1491 λεγόμενον.
754 1450 815 1487 ως
835 1433 880 1477 δε
904 1435 970 1477 δεῖ
988 1428 1100 1490 πρὸς
1125 1430 1304 1476 ἕκαστον
1330 1432 1619 1514 συμπέρασμα
1637 1448 1714 1492 τη-

248 1514 282 1541 30
299 1502 388 1557 ρεῖν
413 1494 464 1542 τὸ
486 1497 631 1556 μέσον,
662 1495 853 1556 φανερὸν
875 1498 920 1543 ἐκ
939 1500 1023 1542 τοῦ
1046 1496 1203 1541 εἰδέναι
1222 1502 1348 1541 ποῖον
1367 1497 1442 1542 ἐν
1427 1497 1589 1561 εκάστω
1607 1496 1714 1557 σχή-

297 1580 396 1622 ματι
414 1563 643 1608 δείκνυται.
663 1566 796 1608 τοῦτο
818 1561 856 1608 δ’
874 1561 992 1625 ἡμᾶς
1007 1580 1065 1608 ου
1081 1561 1260 1623 λήσεται
1279 1560 1351 1607 διὰ
1374 1561 1425 1608 τὸ
1447 1563 1603 1609 εἰδέναι
1623 1577 1716 1619 πως

297 1627 512 1689 ὖπέχομεν
534 1626 612 1673 τὸν
632 1627 776 1688 λόγον.

432 1692 534 1755 Χρὴ
565 1692 603 1739 δ’
639 1692 744 1752 όπερ
775 1692 1074 1753 φυλάττεσθαι
1104 1692 1450 1753 παραγγέλλομεν
1481 1691 1715 1750 ἀποκρινο-

297 1758 468 1818 μένους,
503 1757 669 1816 αὐτους
698 1761 1016 1819 ἐπιχειροῦντας
1043 1762 1277 1817 πειρᾶσθαι
1299 1758 1544 1804 λανθανειν.
1582 1762 1715 1804 τοῦτο

247 1840 283 1868 ³5
298 1822 337 1871 δ’
370 1825 486 1871 ε’σται
517 1829 702 1883 πρῶτον,
733 1824 807 1872 ἐαν
825 1823 876 1871 τά
899 1824 1238 1884 συμπεράσματα
1257 1822 1317 1886 μὴ
1338 1827 1714 1892 προσυλλογίζων-

297 1908 366 1937 ται
398 1889 491 1937 ἄλλ’
521 1892 781 1953 εἰλημμένων
817 1909 902 1937 των
930 1889 1173 1950 αναγκαίων
1206 1889 1348 1953 ἄδηλα
1385 1892 1438 1950 ᾖ,
1490 1891 1546 1936 ε’τι
1574 1893 1620 1938 δὲ
1662 1908 1716 1936 αν

296 1954 356 2018 μὴ
389 1974 442 2002 τα
480 1957 692 2018 σύνεγγυς
737 1959 890 2020 ἐρωτᾷ,
926 1955 1018 2001 αλλ’
1062 1954 1128 2002 ὅτι
1179 1955 1361 2015 μάλιστα
1406 1955 1556 2014 αμεσα.
1622 1953 1717 2002 οἷον

296 2022 403 2068 εστω
435 2023 537 2068 δέον
565 2025 934 2083 συιιπεραίνεσθαι
965 2019 1016 2067 τὸ
1046 2025 1083 2067 Α
1100 2020 1208 2067 κατὰ
1224 2025 1306 2067 τοῦ
1326 2025 1387 2066 Ζ·
1409 2022 1517 2081 μέσα
1538 2025 1714 2068 ΒΓΔΕ.

296 2090 362 2134 δεῖ
389 2105 474 2133 ουν
516 2088 674 2147 ἐρωτᾶν
704 2090 741 2135 εἰ
769 2087 820 2134 τὸ
849 2092 886 2133 Α
912 2091 972 2151 τῷ
998 2091 1048 2143 Β,
1079 2088 1151 2132 καὶ
1184 2087 1315 2132 πάλιν
1345 2084 1404 2149 μὴ
1437 2089 1473 2133 εἰ
1502 2086 1552 2133 τὸ
1584 2092 1621 2134 Β
1652 2092 1716 2134 τοῖ

246 2156 362 2210 4οΓ,
393 2151 486 2199 ἀλλ’
513 2153 623 2199 εἰτὸ
657 2160 698 2200 Δ
726 2159 786 2200 τῶ
816 2157 879 2208 Ε,
910 2152 1089 2199 κᾶπειτα
1119 2154 1156 2198 εἰ
1183 2152 1233 2198 τὸ
1267 2157 1303 2198 Β
1330 2157 1393 2198 τοῖ
1427 2157 1478 2208 Γ,
1509 2154 1583 2199 καὶ
1601 2153 1716 2202 οὕτω

256 2225 281 2258 b
297 2237 350 2265 τα
378 2219 521 2265 λοιπά.
564 2238 647 2265 καν
681 2219 735 2266 δι’
767 2218 862 2276 ενὸς
894 2219 1034 2278 μέσου
1062 2219 1229 2281 γίνηται
1257 2217 1282 2264 6
1303 2219 1608 2279 συλλογισμός,
1628 2219 1716 2268 από

297 2289 379 2331 τοῦ
405 2286 544 2345 μέσου
574 2284 805 2346 αρχεσθαι·
839 2285 1025 2345 μάλιστα
1052 2283 1134 2347 γὰρ
1168 2282 1224 2331 ὂῖν
1251 2282 1366 2331 οὕτω
1397 2285 1612 2333 λανθανοι
1634 2285 1715 2334 τὸν

298 2349 652 2413 ἀποκρινόμενον.

391 2530 432 2563 13
453 2529 688 2574 παραλλήλοις
707 2540 749 2571 pr
774 2530 838 2561 Αιι.
858 2548 900 2554 -
925 2529 1169 2571 συμπίπτειν
1188 2531 1221 2562 in
1238 2529 1351 2560 medio
1370 2540 1448 2560 corr
1461 2540 1493 2560 ιι.
1511 2547 1556 2555 —
1583 2530 1622 2562 14
1639 2528 1714 2572 ἔχοι

301 2574 418 2606 ΑΒιιιι.
436 2592 480 2600 ·—
510 2576 549 2608 15
568 2575 672 2607 δυοῖν
691 2585 756 2606 mu.
774 2592 818 2598 ——
848 2575 886 2606 16
900 2586 1046 2615 πρωτον
1064 2586 1118 2606 om
1140 2575 1179 2606 Β.
1202 2593 1241 2598 -
1268 2574 1306 2606 17
1323 2571 1421 2606 ἔσται
1440 2574 1475 2606 C.
1498 2592 1533 2597 ——
1559 2574 1599 2606 19
1619 2571 1714 2609 εἶναι

300 2619 442 2661 ψευδῆς
468 2631 508 2661 pr
527 2620 568 2651 A.
595 2636 640 2643 ——
665 2620 707 2652 21
736 2617 777 2651 δὲ
801 2629 854 2650 om
876 2630 908 2651 m
934 2626 968 2650 et
991 2631 1033 2661 pr
1054 2619 1120 2652 AC.
1134 2636 1180 2644 —
1202 2619 1245 2651 22
1253 2615 1366 2670 λόγος
1381 2616 1537 2660 ψευδής·
1563 2616 1604 2651 τὸ
1624 2630 1656 2651 π.
1668 2637 1713 2644 --

300 2663 342 2695 23
362 2665 569 2705 περαίνεται
593 2664 628 2696 C.
648 2681 693 2689 —
715 2663 757 2695 27
785 2665 866 2701 ταῖς
883 2662 1028 2697 θέσεσιν
1045 2675 1078 2697 ιι.
1104 2683 1143 2688 -
1169 2664 1208 2696 31
1229 2659 1261 2696 δ’
1296 2664 1351 2695 δεῖ
1368 2674 1451 2704 prn-
1478 2681 1521 2687 —-
1545 2663 1587 2696 35
1604 2673 1713 2718 προσ-

301 2709 576 2750 συλλογίζωνται
590 2709 630 2740 Β.
641 2725 683 2732 -
700 2707 742 2740 36
760 2704 792 2741 δ’
806 2705 871 2741 ἐὰν
890 2720 924 2742 ιι.
949 2726 993 2734 -
1015 2709 1059 2743 37
1075 2714 1154 2742 ante
1167 2708 1219 2741 ult
1236 2718 1283 2741 τα
1298 2707 1355 2740 del
1372 2707 1455 2751 alqd
1471 2718 1506 2742 ιι.
1530 2725 1573 2732 -
1597 2705 1713 2752 ἄμεσα

301 2762 341 2794 pr
361 2752 410 2793 B,
435 2764 514 2786 corr
537 2753 580 2796 G,
603 2749 649 2786 τὰ
666 2749 757 2795 μέσα
778 2754 856 2794 cmf.
