1794 3086
614 211 873 257 Analytica
901 211 1068 255 priora.
1516 208 1601 250 487

137 304 167 364 «ᾖ
203 309 277 352 καὶ
300 309 470 364 γεύεται
506 309 581 351 καὶ
610 309 675 358 εἰς
717 306 823 351 αὐτὸ
858 307 938 364 τὴν
973 306 1357 362 τροφὴνᾶνασπᾷ.
1423 309 1599 348 1009b8

134 373 208 417 καὶ
234 375 351 432 αὐτῷ
379 373 426 416 δὲ
454 372 616 428 ἑκάστῳ
643 375 752 427 πρὸς
788 373 923 415 αὐτὸν
951 374 1006 415 οὐ
1041 371 1175 415 ταύτὰ
1199 370 1308 414 κατὰ
1334 369 1415 426 τὴν
1441 371 1596 424 αἴσθη-

136 449 207 482 σιν
233 440 298 481 ἀεὶ
324 440 482 482 δοκεῖν.
551 442 727 480 1006b9
764 438 975 493 ἀνῄρηται
1014 438 1064 480 τὸ
1091 436 1364 491 διαλέγεσθαι
1388 435 1498 488 πρὸς
1525 435 1598 477 ἄλ-

135 505 307 559 λήλους,
346 503 457 547 κατὰ
493 503 541 546 δὲ
577 502 658 558 τὴν
695 503 906 557 ἀλήθειαν
940 503 1013 545 καὶ
1051 503 1160 556 πρὸς
1187 502 1334 544 αὐτόν.
1397 503 1598 541 1000810

133 569 289 618 πάντες
325 568 423 611 ὅσοι
457 569 659 621 θεολόγοι
692 568 832 620 μόνον
868 567 1132 620 ἐφρόντισαν
1167 571 1248 610 τοῦ
1284 568 1482 608 πιθανοῦ
1515 567 1596 606 τοῦ

135 634 244 686 πρὸς
271 634 443 685 αὐτούς,
471 633 596 687 ἡμῶν
623 632 664 674 δ’
692 630 995 686 ὠλιγώρησανε
1038 646 1165 685 quare
1202 634 1323 672 etiam
1351 632 1505 671 autho
1530 644 1596 670 re-

133 699 339 739 tinendum
366 700 589 751 putaverim
618 696 676 746 εἰς
703 697 823 749 αὐτό,
862 711 1104 750 qumnquam
1142 710 1192 737 eo
1220 698 1308 749 ipso
1337 709 1458 735 sensu
1487 695 1596 734 acci-

132 763 322 815 piendum
350 768 516 816 propter
551 775 669 814 quem
698 763 1094 813 Trendelenburgius
1121 762 1174 801 de
1200 774 1263 801 an.
1285 774 1326 812 p.
1350 762 1430 800 366
1458 772 1596 799 emen-

132 826 307 866 dandum
334 828 490 867 censuit
515 825 573 874 εἰς
601 825 719 867 αὑτό.
1139 818 1142 819 ’

80 892 231 929 55815
262 890 344 931 Res
371 892 455 944 ipsu
484 891 691 943 postulare
717 891 899 945 videtur,
926 895 972 930 ut
998 891 1222 930 scribamus
1256 885 1342 929 τινὶ
1368 888 1423 928 οὔ
1451 887 1515 927 vel
1542 885 1597 927 οὐ

133 954 263 995 παντί
289 969 363 1008 pro
390 954 476 995 τινί
486 970 497 995 :
527 969 616 996 nam
645 956 804 996 termini
834 959 929 995 sunt
948 956 991 995 A
1012 955 1136 1011 ζῷον,
1166 951 1416 1005 Βᾶρυθμός,
1446 952 1594 993 Γλευ-

130 1018 223 1059 κόν.
278 1020 545 1073 Syllogismus
573 1024 638 1059 est
664 1024 829 1072 quartus
857 1019 1011 1072 figurae
1038 1021 1206 1072 primae,
1234 1019 1346 1058 cuius
1369 1016 1595 1070 propositio

132 1084 262 1122 minor
282 1083 385 1122 falsa
407 1085 511 1123 sumi
538 1085 673 1132 debet,
691 1085 796 1137 quod
815 1084 906 1136 ipse
928 1083 1026 1123 dicit
1044 1097 1100 1122 vs.
1118 1087 1143 1123 5
1164 1086 1206 1122 et
1222 1085 1283 1130 19,
1312 1095 1369 1122 vs.
1393 1084 1443 1122 15
1460 1085 1593 1120 nutem

130 1147 170 1186 in
198 1148 397 1200 exemplo,
425 1154 470 1187 ut
497 1149 615 1197 solet,
644 1149 937 1200 propositiones
957 1148 1178 1187 secundum
1200 1147 1410 1187 veritatem
1430 1145 1596 1185 exhibet

133 1212 274 1251 ultimo
312 1212 402 1251 loco
438 1225 593 1264 ponens
633 1226 720 1252 eam
758 1212 924 1264 quaein
951 1212 1042 1264 ipso
1071 1212 1303 1263 syllogismo
1330 1210 1432 1249 falsa
1469 1209 1594 1249 sumi-

133 1282 218 1316 tur:
255 1277 382 1315 maior
417 1273 466 1317 τὸ
501 1276 614 1327 ζῷον
653 1274 799 1317 οὐδενὶ
828 1275 1024 1331 ἀριθμῷ,
1063 1276 1269 1315 conclusio
1306 1273 1356 1315 τὸ
1394 1274 1506 1330 ζῷον
1539 1271 1594 1313 οὐ

130 1337 259 1380 παντὶ
284 1341 446 1393 λευκῷ,
483 1342 612 1381 minor
639 1339 664 1382 ὁ
691 1340 877 1394 ἀριθμὸς
912 1338 1058 1381 οὐδενὶ
1086 1341 1248 1395 λευκῷ,
1285 1352 1389 1390 quae
1425 1339 1467 1377 iu
1502 1338 1593 1389 ipso

131 1405 363 1456 syllogismo
391 1410 570 1444 mutatur
590 1407 629 1444 in
653 1406 778 1445 hanc:
806 1404 832 1446 ὁ
856 1403 1042 1457 ἀριθμὸς
1060 1402 1144 1445 τινὶ
1164 1405 1225 1460 τῷ
1243 1403 1397 1458 λευκῷ,
1425 1407 1471 1442 ut
1491 1401 1593 1441 falsu

130 1474 323 1508 sumatur.
379 1470 550 1508 Accedit
575 1470 680 1520 quod
710 1470 937 1522 exemplum
966 1484 1023 1511 vs.
1051 1472 1101 1508 15
1129 1469 1381 1521 propositum
1407 1466 1593 1506 terminis

130 1545 187 1571 vs.
208 1534 260 1571 12
287 1534 483 1585 expositis
510 1533 628 1585 plane
656 1534 889 1585 respondet,
919 1534 1025 1573 unde
1054 1539 1221 1585 apparet
1245 1533 1376 1571 verbis
1403 1531 1464 1585 τῷ
1487 1527 1534 1570 δὲ
1555 1530 1599 1570 Γ

128 1593 213 1636 τινὶ
241 1594 298 1647 μὴ
325 1594 533 1647 ὑπάρχειν
560 1610 619 1634 vs.
641 1598 693 1633 12
720 1609 796 1635 non
826 1599 1039 1637 convenire
1064 1596 1381 1649 propositionem
1407 1594 1457 1635 τὸ
1479 1594 1594 1651 ζῷον

128 1660 267 1716 λευκῷ
293 1658 397 1707 τινί,
437 1659 509 1698 sed
546 1658 758 1698 dicendum
798 1659 928 1699 fuisse
965 1674 1024 1699 vs.
1050 1663 1099 1700 15
1127 1659 1176 1700 τὸ
1206 1660 1318 1715 ζῷον
1344 1657 1430 1699 τινὶ
1452 1659 1593 1715 λευκῷ

130 1723 210 1776 οὐχ
246 1722 438 1776 ὑπάρχει.
492 1722 622 1761 Miror
658 1723 819 1762 silentio
854 1724 933 1762 hoc
959 1726 1218 1775 praeteriisse
1245 1725 1384 1762 lulium
1411 1724 1593 1772 Pacium,

127 1787 520 1840 perspicacissimum
560 1787 792 1826 Aristotelis
825 1787 1105 1838 interpretem.
1160 1788 1333 1827 Codices
1362 1788 1415 1832 de
1440 1788 1593 1840 vulgari

127 1853 302 1891 lectione
325 1851 590 1901 consentiunt,
618 1863 734 1903 quam
764 1863 837 1890 cur
853 1851 1088 1891 servandam
1115 1852 1350 1892 duxerimus
1376 1852 1592 1904 explicabi-

128 1929 218 1956 mus
246 1916 296 1954 ad
326 1917 488 1954 56815.

186 2021 287 2075 Gap.
302 2020 346 2061 3.
369 2020 441 2060 -In
460 2019 654 2060 secunda
669 2021 823 2074 figura
849 2034 992 2061 verum
1021 2035 1045 2060 e
1052 2021 1183 2073 falsis
1201 2021 1295 2073 cogi
1311 2027 1464 2075 potest,
1496 2023 1591 2062 lOsi

75 2091 256 2140 utraque
279 2085 511 2139 propositio
538 2098 636 2124 vero
665 2086 880 2125 contraria
909 2091 985 2134 est,
1014 2088 1066 2124 16
1092 2086 1132 2124 si
1150 2085 1287 2124 altera
1305 2099 1403 2125 vero
1424 2091 1589 2125 contra-

74 2151 156 2198 ria,
185 2150 323 2189 altera
350 2163 466 2199 vera,
493 2152 546 2189 23
562 2150 601 2188 si
627 2149 766 2188 altera
795 2163 847 2189 es
869 2155 998 2203 parte
1018 2150 1152 2202 falsa,
1176 2150 1315 2189 altera
1338 2163 1452 2198 vera,
1480 2152 1534 2189 38
1551 2151 1590 2190 εἰ

74 2219 258 2267 utraque
287 2226 341 2252 es:
363 2219 492 2266 parte
507 2213 655 2263 salsa.-
684 2215 804 2253 56a5
831 2215 879 2254 in
901 2214 1236 2268 particularibus
1262 2215 1524 2267 syllogismis,
1551 2215 1592 2253 si

74 2278 318 2316 maiorvero
342 2278 568 2326 contraria,
588 2278 723 2317 minor
738 2291 851 2328 vera,
880 2281 933 2318 18
952 2280 991 2318 si
1010 2279 1146 2318 maior
1163 2292 1278 2329 vera,
1305 2279 1440 2318 minor
1450 2278 1586 2330 salsa,

74 2342 128 2380 32
153 2342 192 2381 si
218 2346 400 2396 utraque
415 2341 549 2394 falsa.

74 2427 203 2466 55b3
231 2427 275 2466 ln
303 2427 481 2466 secunda
507 2427 634 2479 figura
662 2439 754 2466 vera
782 2427 985 2467 conclusio
1014 2441 1037 2467 e
1063 2427 1176 2467 falsis
1204 2428 1292 2467 fleri
1321 2431 1458 2480 potest
1484 2441 1584 2480 quo-

126 2502 286 2543 cunque
312 2490 432 2529 modo
461 2491 756 2542 propositiones
781 2492 886 2532 inter
914 2505 959 2531 se
987 2492 1162 2531 habent:
1193 2504 1317 2543 quare
1345 2493 1584 2532 Aristoteles

127 2547 290 2607 exponit
318 2567 437 2605 quam
466 2556 662 2594 rationem
692 2555 842 2596 habere
874 2558 1032 2608 possint
1066 2557 1105 2595 in
1145 2556 1312 2607 singulis
1341 2557 1584 2608 coniugatio-

125 2619 266 2667 nibus,
304 2618 410 2657 unde
447 2631 586 2657 verum
626 2632 650 2658 e
687 2619 800 2660 falsis
829 2621 1070 2660 concludere
1095 2620 1227 2659 liceat.
1282 2621 1397 2670 Quae
1423 2616 1583 2672 quidem

126 2682 422 2733 coniugationes
450 2683 527 2722 hae
554 2687 657 2723 sunt.
712 2685 791 2723 Aut
818 2690 987 2735 utraque
1014 2684 1237 2736 propositio
1262 2698 1359 2724 vero
1387 2687 1585 2725 contraria

127 2750 204 2795 est,
232 2752 301 2785 aut
326 2752 497 2798 utraque
524 2760 574 2786 ex
602 2752 717 2799 parte
742 2748 845 2787 falsa
867 2750 958 2796 (aut
985 2761 1063 2787 una
1090 2760 1186 2787 vero
1214 2750 1426 2799 contraria,
1454 2750 1582 2788 altera

128 2822 178 2848 ex
203 2814 320 2861 parte
346 2809 449 2851 falsa
486 2834 538 2841 —
580 2811 632 2851 de
667 2824 746 2864 quo
771 2812 933 2864 quidem
969 2812 1248 2865 coniugatione
1268 2814 1336 2858 ‚ab
1364 2814 1582 2854 Aristotele
