1884 3100
617 220 950 256 ΠΡΟΤΕΡΩΝ
979 222 1016 254 Α.
1469 218 1549 257 165

93 323 222 387 ζῷον.
256 317 311 367 τὸ
332 319 412 381 μὲν
428 310 514 367 οὖν
537 322 575 366 Β
597 321 681 367 τινὶ
698 322 764 386 τῷ
789 317 1009 382 Γοῖνάγκη
1030 314 1257 378 ὑπάρχειν,
1284 313 1337 362 τὸ
1354 316 1402 362 δὲ
1426 319 1464 361 Α
1480 320 1546 381 τῷ

94 391 140 435 Γ
158 387 383 450 ἐνδέχεται,
413 388 488 434 καὶ
511 385 564 434 τὸ
589 391 650 471 A
651 391 714 453 τῷ
730 367 770 434 Β
789 385 874 433 οὐκ
898 384 1156 448 ἀναγκαῖον·
1190 403 1249 431 ου
1269 381 1352 446 γὰρ
1375 381 1545 447 ἀνάγκη
1561 399 1596 427 ω

90 456 255 503 δίπουν
287 474 328 503 τι
354 452 650 503 καθευδειν””
619 475 649 519 η
672 435 964 540 ἐγρηγορέναι.
1006 451 1172 513 ὁμοίως
1194 453 1241 499 δὲ
1260 453 1334 498 καὶ
1353 449 1428 499 διὰ
1453 455 1547 499 τοῖν

91 522 242 571 αὐτῶν
273 542 389 584 ορων
418 523 696 607 δειχθήσεται
722 523 797 568 καὶ
828 523 866 568 εἰ
897 519 950 567 τὸ
982 525 1070 567 ΑΓ
1091 522 1159 584 εἴη
1196 520 1242 567 ἐν
1260 520 1378 580 μέρει
1398 537 1442 566 τε
1470 520 1546 565 καὶ

91 589 353 675 οἷναγκαῖον.τ
368 589 458 637 εἶδ’
471 588 497 636 6
516 595 595 650 μὲν
607 586 900 653 κατηγορικὸς
922 586 948 635 6
969 589 1016 635 δὲ
1029 585 1297 675 στερΜητικὸς
1302 606 1388 635 των
1409 585 1543 647 ὅρων,

89 656 196 705 ὅταν
221 659 300 741 μὲν
319 649 353 718 ᾖ
372 655 422 703 τὸ
443 656 652 704 καθόλου
669 655 924 720 στερητικόν
942 674 985 703 τε
1004 658 1079 702 καὶ
1109 654 1363 718 άναγκαῒον,
1396 656 1472 701 καὶ
1491 652 1543 702 τὸ

88 725 384 786 συμπέρασμα
417 725 534 772 ἔσται
565 723 823 787 ἀναγκαῖον·
861 726 899 771 εἰ
920 722 1002 787 γὰρ
1021 722 1074 770 τὸ
1092 728 1131 770 A
1151 727 1218 789 τῷ
1238 727 1285 769 Γ
1296 724 1449 786 μηδενὶ
1471 723 1594 770 εἶν-35

87 792 278 876 δέχεται,
308 789 360 839 τὸ
393 793 440 839 δε
474 796 512 839 Β
530 794 611 839 τινὶ
632 796 698 858 τῷ
721 796 766 839 Γ
779 790 980 853 ὑπάρχει,
1000 789 1052 838 τὸ
1072 796 1110 838 Α
1128 793 1212 838 τινὶ
1230 795 1295 856 τῷ
1315 793 1353 836 Β
1374 789 1543 853 ἀνάγκη

88 858 150 924 μή
182 858 410 920 ὑπάρχειν.
458 858 566 907 ὅταν
597 862 644 907 δὲ
671 858 722 906 τὸ
750 857 1055 921 καταφατικὸν
1085 857 1325 921 ἀναγκαῖον
1353 862 1478 918 τεθῇ,
1513 855 1544 922 ἢ

87 924 401 991 καθόλουόνῆ
413 927 458 974 ἐν
471 928 602 988 μέρει,
625 948 654 991 η
675 926 725 973 τὸ
738 926 995 990 στερητικὸν
1015 924 1126 973 κατά
1149 927 1296 987 μέρος,
1317 944 1404 972 ουκ
1423 926 1543 972 ἔσται

87 993 141 1041 τὸ
172 995 467 1055 συιιπέρασμα
496 994 749 1056 α’ναγκαῖον.
791 993 844 1041 τὰ
874 996 953 1078 μὲν
979 992 1063 1056 γάρ
1094 992 1206 1040 αλλα
1235 991 1377 1040 ταύτὰ
1406 990 1434 1038 6
1465 994 1541 1039 καὶ

87 1062 157 1109 ἐπὶ
177 1065 268 1108 τοῖν
282 1062 500 1122 πρότερον
523 1058 766 1123 ἐροῦιιεψν,
739 1080 838 1122 οροι
850 1060 890 1108 δ’
912 1059 1018 1108 ὅταν
1030 1063 1110 1122 μὲν
1121 1054 1150 1121 ᾖ
1172 1058 1223 1107 τὸ
1236 1059 1445 1107 καθόλου
1456 1079 1537 1106 κα-
1554 1073 1591 1101 40

85 1126 320 1192 τηγορικὸν
350 1127 612 1190 ἀναγκαῖον,
643 1128 938 1191 ἐγρήγορσις-
951 1132 1104 1211 ζῷον-
1116 1127 1373 1189 ἄνθρωπος,
1401 1128 1540 1188 μέσον

87 1193 386 1256 ἄνθρωπος,“
359 1214 465 1243 οταν
482 1194 521 1242 6'
540 1197 603 1243 ἐν
609 1197 727 1256 μέρει
748 1194 798 1242 τὸ
819 1193 1116 1258 κατηγορικὸν
1135 1193 1388 1256 ἀναγκαῖον,
1408 1194 1538 1258 ἐγρή-
1555 1214 1590 1246 p
1599 1202 1646 1236 32

85 1277 271 1327 γορσις-
283 1267 434 1329 ζῷον-
447 1263 629 1310 λευκόν·
646 1261 986 1329 ζ9ἶονμενγάρ’
958 1260 1538 1345 ανάγκητινῖλευκῷύπάρ-

87 1350 192 1393 χειν,
232 1330 491 1415 ἐγρήγορσις
520 1330 559 1378 δ’
592 1310 803 1392 ἐνδέχεται
829 1331 997 1393 μηδενί,
1028 1331 1102 1377 καὶ
1131 1348 1221 1377 ουκ
1247 1327 1420 1412 ἀνάγκη
1452 1331 1540 1377 τινὶ

88 1398 191 1482 ζῴῳ
219 1396 280 1461 μὴ
301 1397 519 1481 ὑπάρχειν
542 1399 811 1462 ἐγρήγορσιν.
855 1417 962 1445 οταν
983 1400 1030 1445 δὲ
1049 1395 1101 1445 τὸ
1118 1394 1377 1460 στερητικὸν
1396 1397 1442 1444 ἐν
1460 1397 1539 1458 μέ-

87 1485 152 1528 ρει
163 1485 216 1514 ον
236 1464 473 1528 άναγκαῒον
482 1459 532 1549 ᾖ,
553 1468 751 1514 δίπουν-
762 1485 1056 1526 κινουμενον-
1070 1469 1216 1550 ζῷον,
1242 1469 1363 1531 ζῷον
1387 1465 1536 1526 μέσον.
1553 1478 1571 1506 ⁵

226 1532 431 1592 Φανερὸν
441 1526 527 1580 οὖν
538 1532 605 1581 ὅτι
617 1538 702 1581 τοῦ
710 1552 788 1594 μεν
797 1532 1012 1595 ὑπάρχειν
1022 1532 1109 1581 οιῗκ
1122 1534 1209 1580 εστι
1219 1533 1536 1596 συλλογισμός,
1555 1541 1619 1585 12

86 1598 162 1648 ἐὰν
191 1620 252 1664 μη
290 1599 533 1688 άμφότεραι
565 1595 677 1649 ωσιν
702 1602 747 1648 αἱ
773 1602 1009 1662 προτάσεις
1030 1603 1075 1649 ἐν
1093 1605 1158 1667 τῷ
1179 1599 1416 1662 ὑπάρχειν,
1452 1605 1538 1648 τοῦ

85 1666 126 1715 δ’
146 1668 394 1731 ἀναγκαίου
413 1669 501 1716 εστι
522 1671 596 1717 καὶ
617 1674 696 1733 τῆς
716 1669 863 1728 ετέρας
880 1668 1018 1731 μόνον
1042 1668 1281 1731 ἀναγκαίας
1300 1667 1457 1733 ουσης.
1490 1670 1537 1716 ἐν

86 1733 355 1797 ἀμφοτέροις
382 1737 455 1794 δέ,
485 1739 556 1783 και
579 1741 889 1798 καταφατικῶι·
908 1740 983 1785 καὶ
990 1741 1266 1822 στερητικῶν
1285 1735 1425 1784 ὄντων
1445 1740 1537 1784 τῶν

86 1807 410 1865 συλλογισμῶι,
442 1802 611 1868 ἀνάγκη
642 1803 722 1867 τὴν
742 1805 890 1864 ἑτέραν
910 1804 1129 1867 πρότασιν
1159 1803 1317 1865 ὁμοίαν
1341 1802 1450 1852 εἶναι
1471 1807 1537 1870 τῷ
1553 1817 1588 1844 10

85 1872 432 1932 συμπεράσματι.
465 1872 574 1934 λέγω
604 1874 651 1919 δε
680 1869 730 1919 τὸ
760 1872 934 1934 ὁμοίαν,
966 1874 1003 1920 εἰ
1031 1891 1109 1933 μεν
1133 1870 1353 1933 ὑπάρχον,
1383 1851 1534 1932 ὑπάρ-

84 1950 289 2024 ‹xvovo‘av'x
302 1940 341 1985 εἰ
360 1937 400 1985 δ’
424 1937 678 2001 α’ναγκαῖον,
714 1938 967 2002 ἀναγκαίαν.
999 1939 1107 1988 ὥστε
1125 1941 1200 1986 καὶ
1218 1944 1356 1987 τοῦτο
1380 1943 1534 2025 δηλον,

85 2002 153 2052 ὅτι
165 2004 252 2053 οὐκ
265 2006 381 2053 ἔσται
393 2003 444 2052 τὸ
456 2007 751 2067 συμπέρασμα
765 2006 862 2054 οὔτ’
875 2006 1114 2069 ἀναγκαῖον
1126 2005 1234 2054 οὔθ’
1246 2006 1451 2069 ι’πάρχον
1470 2003 1532 2054 εἶ-

83 2091 156 2121 ναι
174 2071 236 2137 μὴ
254 2075 507 2158 ληφθείσης
527 2073 765 2136 ἀναγκαίας
785 2072 816 2138 ἢ
834 2074 1129 2139 υπαρχούσης
1147 2075 1414 2136 προτάσεως.

202 2142 336 2227 ”ssepi
349 2160 427 2202 μεν
437 2135 496 2188 οὗ
498 2147 617 2189 ντοῦ
629 2141 889 2204 άναγκαίου,
901 2148 994 2201 πῶς
1004 2144 1165 2206 γίνεται
1177 2162 1250 2190 και
1262 2144 1360 2191 τίνα
1367 2146 1534 2204 διαφο-
1550 2155 1585 2184 15

85 2205 172 2269 ράν
201 2208 286 2269 εχει
315 2207 428 2268 πρὸς
451 2209 503 2255 τὸ
530 2208 748 2293 ὑπάρχον,
781 2212 946 2276 ειρηται
969 2210 1126 2273 σχεδὸν
1145 2213 1329 2269 ἱκανῶς·
1362 2211 1462 2296 περὶ
1486 2210 1534 2256 δὲ
1552 2208 1616 2252 13

83 2279 174 2322 τοῦ
204 2276 492 2337 ἐνδεχομένου
517 2275 623 2337 μετὰ
656 2282 795 2325 ταῦτα
819 2280 1000 2363 λέγομεν
1018 2279 1122 2326 πότε
1151 2280 1226 2326 καὶ
1248 2295 1345 2336 πως
1360 2279 1434 2324 καὶ
1458 2274 1531 2323 διά

82 2343 212 2390 τίνων
234 2343 353 2390 εσται
374 2343 683 2407 συλλογισιιός.
708 2346 817 2408 λέγω
845 2345 885 2394 δ’
905 2347 1158 2409 ἐνδέχεσθαι
1190 2348 1266 2393 καὶ
1285 2344 1337 2393 τὸ
1359 2342 1532 2405 ἐνδεχό-

83 2429 228 2472 μενον,
251 2404 310 2458 οὗ
328 2410 390 2476 μὴ
413 2410 540 2471 ὄντος
563 2411 829 2475 ἀναγκαίου,
859 2416 1062 2473 τεθέντος
1083 2414 1121 2462 δ’
1142 2413 1375 2477 ὑπάρχειν,
1399 2410 1534 2460 ουδεν

175 2560 221 2594 29
239 2560 280 2605 α]
301 2574 325 2595 α
338 2559 451 2595 παντι
467 2574 505 2595 rc
524 2561 572 2595 di.
598 2560 710 2593 -30
730 2561 808 2607 και]
829 2559 1013 2608 νπάρχειν
1032 2562 1095 2598 καὶ
1112 2575 1146 2596 ιι.
1170 2580 1216 2588 -
1240 2564 1279 2597 31
1301 2560 1326 2606 ἦ
1345 2558 1535 2607 ἐγρηγορέ-

84 2633 149 2656 ναι
165 2633 220 2655 om
237 2634 271 2655 π.
297 2641 343 2648 -
374 2624 417 2657 36
435 2624 516 2681 β]γ
495 2608 518 2649 β
545 2630 580 2656 et
612 2607 697 2666 y]y
673 2640 697 2684 β
715 2635 749 2656 n.
765 2644 806 2650 —
832 2625 875 2658 39
896 2623 942 2658 τὰ
962 2622 1059 2659 αυτ-ἀ
1080 2623 1144 2658 καὶ
1163 2636 1198 2657 τι.
1218 2644 1262 2649 —-
1287 2625 1331 2658 40
1347 2621 1538 2669 προτέρων

91 2681 303 2741 01¹,3ts'emv
315 2697 420 2728 supra
438 2698 477 2718 vs
497 2697 535 2718 rc
549 2685 583 2718 d.
596 2704 637 2710 -
664 2682 832 2719 καθόλου
850 2681 893 2719 τὸ
913 2698 947 2721 ιι.
958 2703 1002 2711 ——
1026 2686 1066 2719 41
1087 2684 1198 2725 μέσον
1219 2684 1259 2721 δὲ
1277 2681 1481 2728 ἄνθρωπος
1499 2688 1536 2721 C.

177 2726 303 2764 32³5*
281 2743 325 2765 ον
344 2742 399 2763 om
416 2731 451 2764 d.
470 2748 512 2755 --
526 2732 666 2775 κίνησις
685 2743 730 2764 m.
742 2749 788 2756 —
812 2731 904 2776 ζῷον
919 2729 1048 2774 μέσον]
1067 2730 1216 2774 δίπουν,
1223 2732 1347 2776 μέσον
1362 2732 1456 2779 ζῷον
1466 2733 1536 2774 Ad,

87 2771 183 2819 ζῷον
203 2786 240 2807 rc
258 2788 363 2819 supra
375 2776 424 2831 d,
451 2777 588 2812 δίπουν
602 2777 715 2822 μέσον
731 2788 776 2819 ιι,
797 2777 910 2821 μέσον
928 2776 1023 2823 ζῷον
1045 2777 1091 2818 C,
1118 2789 1174 2811 om
1188 2789 1221 2811 ιι.
1247 2797 1290 2804 -
1326 2779 1377 2812 alt
1386 2767 1510 2826 ζῷον“
1499 2790 1536 2812 m

86 2807 142 2853 lit.
163 2819 207 2853 Β.
230 2838 278 2848 —
299 2821 323 2855 8
338 2804 455 2868 μόνης
472 2834 506 2857 ιι.
530 2842 578 2850 -
602 2824 646 2858 15
662 2824 871 2869 γίγνεταιπ.
894 2840 941 2850 -—
965 2823 1008 2859 17
1026 2821 1187 2869 λέγωμεν
1205 2824 1336 2868 Beisn.
