1826 3112
230 192 310 232 affl
830 197 1123 242 Categoriae.

287 293 451 341 propter
477 290 620 331 αὐτῶν
645 291 746 340 quod
774 295 994 341 praecedit)
1034 299 1075 333 et
1108 307 1164 332 vs.
1192 295 1243 332 24
1268 291 1316 334 τὸ
1340 295 1490 336 ἄνισον
1515 296 1598 336 τινὶ
1623 300 1708 339 ἄνι-

285 361 387 400 σον,
415 368 529 405 quam
566 354 722 404 quidem
761 354 967 394 lectionem
996 357 1111 394 etiam
1141 357 1269 395 versio
1299 358 1513 398 Boethiana
1538 361 1711 400 exhibet.

287 416 358 455 Sin
394 421 523 456 antem
562 429 696 454 verum
736 422 798 455 est
838 419 942 467 quod
980 420 1162 457 dedimus
1201 417 1487 472 ἀνισαίτερον,
1516 423 1711 461 Ammonii

284 479 521 525 difficultas,
549 480 599 517 de
628 491 705 528 qua
732 481 920 528 diximus,
951 482 1122 520 tollitur:
1160 483 1314 521 videtur
1340 486 1442 522 enim
1471 485 1708 523 Aristoteles

281 542 459 588 innuere,
483 542 585 591 quod
607 542 852 592 aequalitatis
881 544 1035 594 quidem
1064 557 1139 582 non
1168 546 1245 583 sint
1271 547 1428 597 gradus,
1457 547 1711 596 inaequalitas

284 616 378 642 vero
403 608 443 654 et
470 605 605 654 augeri
633 605 755 654 possit
783 610 823 643 et
849 606 1049 644 minui.—-—
1075 607 1156 645 Cur
1183 610 1298 646 verba
1327 607 1377 648 τὰ
1403 609 1507 659 πρός
1532 623 1572 648 τι
1593 612 1710 648 vs.24

282 678 362 706 non
391 666 569 704 omiserit
596 667 707 714 ΒΗΚ,
736 680 810 705 non
839 669 1052 719 perspicio3
1094 670 1193 708 mihi
1220 672 1378 720 quidem
1406 673 1585 711 videntur
1612 686 1710 722 sup-

280 729 408 780 posita
436 741 537 769 esse.

230 792 353 831 6b39
381 790 542 838 οἰκείως
560 792 664 831 idem
687 792 870 842 exprimit
892 793 994 843 quod
1022 793 1070 833 τὸ
1097 795 1286 843 πρῶτονε
1315 797 1374 834 ala
1401 798 1504 834 enim
1532 797 1710 846 proxime

280 859 322 894 et
340 856 501 905 proprie
520 867 597 893 non
617 855 788 892 refertur
811 856 859 892 ad
885 850 1008 902 avem,
1032 857 1100 893 sed
1130 857 1238 906 prius
1267 858 1440 895 refertur
1456 858 1513 895 ad
1545 859 1708 896 alatum:

278 930 366 957 num
396 918 477 954 avis
506 918 603 954 alam
633 929 708 953 non
739 917 860 954 habet
887 918 962 954 nisi
990 923 1181 966 quatenus
1210 919 1311 957 alata
1339 925 1412 957 est.
1474 919 1532 959 De
1560 921 1714 970 signifi:

282 980 433 1018 catione
460 980 566 1016 vocis
593 978 763 1025 πρῶτον
790 990 825 1015 v.
854 991 954 1027 quae
981 980 1156 1018 dicemus
1186 981 1233 1018 ad
1262 982 1409 1019 66b20
1423 986 1463 1020 et
1479 984 1526 1020 nd
1549 984 1708 1021 71b21.

227 1045 319 1080 7a7
347 1041 554 1079 articulum
576 1046 667 1078 ante
685 1038 836 1079 πλοίου
862 1041 1075 1090 omisimus,
1095 1044 1199 1091 quod
1221 1044 1259 1082 in
1280 1044 1397 1082 simili
1422 1045 1710 1083 constructione

278 1104 430 1142 factum
457 1103 632 1141 videmus
659 1115 714 1142 vs,
744 1105 792 1140 16
811 1109 851 1142 et
870 1105 932 1143 29.

227 1169 347 1205 '1³12
373 1169 489 1206 verba
517 1163 552 1204 εἰ
580 1163 691 1204 οὕτω
719 1178 806 1212 πως
834 1170 875 1204 et
901 1179 956 1204 vs.
982 1168 1030 1204 13
1057 1165 1084 1218 ἢ
1112 1165 1312 1207 ὁπωσοῦν
1338 1169 1474 1214 ἄλλως
1498 1169 1709 1207 ostendunt

276 1243 415 1269 vocem
450 1225 718 1280 πηδαλιωτὸν
756 1242 831 1267 ιιοη
870 1230 909 1266 in
947 1242 1021 1268 usu
1048 1230 1194 1275 fuisse,
1232 1245 1463 1282 quamquam
1490 1229 1709 1282 ἅπήδαλον

272 1306 350 1333 non
376 1293 602 1331 inusitatum
631 1297 717 1330 erat
746 1292 962 1338 Aristoteli,
990 1305 1026 1328 v.
1055 1296 1212 1331 710a8.

229 1358 348 1394 '1219
375 1356 613 1406 Scripsimus
632 1353 842 1405 λαμβάνοι
862 1367 933 1405 pro
949 1354 1071 1406 λάβοι
1099 1361 1261 1406 propter
1286 1355 1419 1405 τιθείη
1447 1357 1550 1406 quod
1577 1357 1710 1407 sequi-

275 1423 352 1458 tur.
390 1418 607 1465 Facillime,
636 1419 703 1467 ait,
732 1418 978 1455 invenientur
1004 1419 1144 1467 quibus
1174 1430 1272 1456 nova
1299 1420 1453 1457 nomina
1472 1420 1598 1458 danda
1619 1421 1710 1467 sint,

280 1484 314 1521 si
333 1482 420 1531 quis
442 1482 651 1531 investiget
670 1494 714 1519 ea
743 1481 790 1519 ad
820 1493 920 1529 quae
948 1482 1020 1518 alia
1047 1481 1268 1519 referantur
1295 1482 1423 1531 iisque
1449 1483 1624 1532 imponat
1641 1494 1709 1520 no-

275 1546 379 1584 mina
403 1544 573 1582 derivata
595 1544 642 1580 ab
664 1544 709 1580 iis
734 1545 781 1581 ad
800 1556 899 1592 quae
912 1544 1035 1593 prima
1053 1549 1093 1580 et
1104 1544 1282 1594 proxima
1295 1545 1530 1584 reserantur.
1567 1545 1638 1585 Vs.
1657 1547 1710 1583 20

275 1608 523 1647 restituimus
562 1605 588 1644 ἃ
627 1618 699 1657 pro
727 1603 833 1644 αὐτὰ
860 1619 908 1643 ex
935 1606 1022 1643 edd.
1051 1607 1268 1655 prioribus,
1305 1619 1381 1656 qno
1410 1608 1594 1646 articulus
1621 1610 1710 1654 τοῖς

272 1672 351 1709 vim
389 1670 629 1721 pronominis
661 1669 956 1706 demonstrativi
982 1669 1239 1714 nanciscitur3
1269 1668 1319 1707 cf.
1350 1670 1472 1715 7122,
1503 1672 1709 1709 1313b20

276 1729 392 1780 ὅπως
411 1732 512 1784 μήτε
543 1729 714 1782 φυλακὴ
740 1728 941 1782 τρέφηται
966 1727 1037 1770 καὶ
1063 1728 1169 1779 πρὸς
1195 1734 1252 1781 τῷ
1280 1731 1378 1770 καθ’
1405 1728 1566 1783 ἡμέραν
1594 1734 1710 1780 ὄντες

275 1797 449 1848 ἄσχολοι
488 1788 592 1834 ὦσιν
628 1792 925 1845 ἐπιβουλεύειν.
955 1797 1124 1831 317323
1155 1792 1198 1832 οἱ
1223 1791 1267 1833 δὲ
1296 1793 1460 1834 οἴονται
1486 1794 1710 1836 ἀλλοίωσιν

275 1864 419 1900 πᾶσαν
445 1854 554 1899 εἶναι
579 1856 657 1910 τὴν
683 1855 884 1907 τοιαύτην
910 1855 1169 1907 μεταβολήν·
1196 1856 1244 1896 τὸ
1271 1855 1316 1896 δὲ
1345 1856 1544 1908 διαφέρει.

223 1926 339 1963 7α25
367 1923 428 1962 Ne
456 1936 502 1961 ea
529 1923 614 1973 ipsa
642 1922 813 1971 quidem,
850 1921 987 1969 quibus
1017 1921 1171 1957 nomina
1197 1921 1317 1958 indita
1346 1926 1436 1959 sunt
1463 1926 1503 1959 et
1522 1917 1629 1971 *quae
1656 1923 1710 1960 ita

277 1990 502 2037 comparata
524 1989 627 2032 sunt,
648 1990 689 2021 ut
714 1983 924 2021 manifesto
953 1981 1173 2026 referantur
1200 1982 1247 2019 ad
1278 1984 1364 2031 alia,
1392 1989 1500 2021 recte
1528 1984 1709 2023 referun-

275 2053 343 2088 tur
369 2049 417 2086 ad
445 2048 519 2085 alia
548 2051 587 2084 et
613 2047 711 2084 haec
738 2045 786 2082 ad
815 2045 921 2095 ipsa,
962 2044 1038 2081 nisi
1067 2043 1166 2082 haec
1194 2044 1439 2084 nominentur
1465 2047 1512 2084 iis
1540 2047 1707 2084 nomini-

274 2113 350 2152 bus
391 2123 491 2161 quae
527 2110 604 2147 illis
633 2121 750 2159 quam
779 2108 945 2145 maxime
975 2107 1236 2156 respondeant
1263 2109 1388 2157 iisque
1417 2110 1594 2158 proxima
1622 2110 1708 2148 sint.

274 2176 335 2214 Ab
359 2187 407 2212 eo
427 2179 558 2211 autem
580 2176 655 2217 (vs.
681 2174 766 2216 31),
797 2170 843 2207 ad
875 2170 978 2219 quod
1008 2170 1168 2219 proprie
1195 2170 1342 2219 aliquid
1372 2171 1556 2219 refertur,
1585 2172 1641 2209 ita
1667 2176 1711 2210 ut

279 2236 457 2276 converti
485 2248 573 2273 cum
604 2247 651 2272 eo
679 2234 805 2284 possit
834 2233 936 2282 quod
965 2231 1164 2270 reseratur
1191 2233 1238 2270 ad
1268 2234 1396 2283 ipsum
1426 2238 1467 2272 et
1489 2240 1532 2272 ut
1551 2247 1710 2285 semper

277 2300 326 2339 ad
349 2299 444 2338 illud
470 2297 676 2343 referatur,
697 2301 847 2334 remota
876 2307 965 2332 esse
993 2295 1138 2333 debent
1166 2299 1207 2334 et
1236 2297 1410 2334 seiuncta
1438 2298 1580 2341 omnia,
1609 2309 1708 2346 quae

275 2364 327 2402 ad
354 2363 481 2412 ipsam
511 2361 597 2398 eius
625 2362 802 2398 naturam
832 2371 906 2395 non
934 2359 1151 2407 pertinent:
1182 2359 1215 2396 si
1244 2371 1336 2396 vero
1365 2359 1414 2396 de
1442 2371 1488 2396 eo
1519 2360 1561 2403 (b
1575 2360 1632 2406 1),
1659 2359 1707 2396 ad

272 2425 376 2476 quod
406 2418 553 2474 aliduid
581 2436 655 2461 non
683 2421 855 2460 refertur
884 2421 1042 2471 proprie
1071 2425 1112 2458 et
1138 2421 1341 2472 proxime,
1370 2421 1557 2459 seiunctis
1586 2422 1707 2459 omni-

275 2489 350 2527 bus
378 2500 478 2536 quae
505 2486 554 2524 ad
583 2486 707 2537 ipsam
736 2485 816 2530 rei,
854 2484 900 2520 ad
932 2496 1048 2532 quam
1075 2483 1324 2522 referebatur
1351 2483 1497 2531 altera,
1529 2489 1707 2522 naturam

278 2563 354 2589 uon
384 2550 617 2600 pertineant,
646 2548 742 2586 nihil
759 2547 1000 2596 relinquatur
1028 2552 1187 2596 praeter
1211 2546 1249 2583 id
1278 2547 1324 2584 ad
1355 2546 1455 2596 quod
1485 2547 1626 2585 referri
1649 2548 1708 2585 di-

279 2614 443 2651 cebatur
471 2613 649 2657 alterum,
678 2611 753 2648 iam
782 2610 877 2647 illud
904 2609 953 2647 ad
982 2609 1058 2646 hoc
1087 2622 1161 2648 non
1190 2609 1355 2659 amplius
1382 2610 1535 2658 poterit‘
1553 2609 1706 2648 referri.

226 2676 323 2715 'zb5
353 2674 531 2728 δεσπότῃ
560 2673 673 2728 αὐτῷ
702 2673 881 2712 dedimus
902 2684 981 2722 ,pro
1010 2671 1218 2723 δεσπότην
1245 2670 1394 2711 αὐτόνε
1433 2673 1575 2712 eodem
1603 2673 1707 2713 enim

276 2738 395 2778 modo
421 2739 612 2779 habemus
639 2750 695 2777 vs.
722 2739 748 2775 8
774 2733 822 2775 τὸ
849 2735 1046 2790 πτερωτῷ
1073 2730 1194 2775 εἶναι.
