1780 3100
194 199 272 238 40⁰
704 200 960 245 Analytica
982 201 1161 244 priora.

245 296 370 336 fuisse
398 297 561 348 probant
596 295 751 336 δίπουν
776 293 929 346 μέσους
965 296 1067 335 hanc
1094 297 1200 336 enim
1226 297 1363 335 habuit
1393 297 1443 345 B,
1483 297 1602 336 habet
1629 310 1669 347 n,

245 361 431 400 videntur
458 360 641 397 habuisse
669 360 759 398 libri
786 373 833 398 ex
853 359 994 409 quibus
1024 361 1041 398 ι’
1037 361 1112 410 sm
1141 360 1329 411 descripti
1357 364 1460 399 sunt.
1515 359 1576 397 Ex
1596 359 1671 398 hac

244 423 363 473 igitur
389 422 557 459 lectione
593 422 747 461 videtur
773 426 903 460 ortum
939 434 1028 460 esse
1062 422 1383 473 quod'praebent
1408 422 1491 460 Ad
1517 421 1672 462 δίπουν

247 482 377 537 μέσον
406 484 513 534 ζῷον
542 490 794 536 (quamquam
824 484 852 523 d
879 485 1150 535 corrigendum
1188 486 1336 535 putavit
1356 478 1471 534 Ιζῷον
1498 484 1670 535 paidom:

247 547 451 599 probabile
487 551 548 585 est
583 548 686 585 enim
715 561 816 596 eum,
855 548 920 598 qui
957 548 1108 597 legeret
1142 547 1301 587 ’δίπουν
1335 547 1478 598 μέσον,
1518 551 1669 599 perspi-

236 610 416 648 cientem
455 610 558 660 quod
596 611 739 649 lateret
774 611 906 648 vitium
945 623 993 648 ex
1033 623 1103 648 sua
1140 612 1322 661 opinione
1368 612 1406 650 in
1443 612 1523 650 fine
1563 612 1673 662 ζῷον

246 673 453 713 adiecisse.
510 672 660 711 Deinde
689 677 731 711 ut
759 667 971 712 scriberem
1002 672 1107 725 ζῶον
1127 672 1256 723 μέσον
1275 674 1391 712 etiam
1410 675 1485 713 hoc
1506 688 1568 712 me
1588 686 1672 712 mo-

243 735 311 783 vit,
352 736 454 785 quod
489 737 703 774 verisimile
731 740 792 774 est
830 737 877 774 ab
906 737 1047 775 iterato
1074 737 1263 775 vocabulo
1292 737 1398 788 ζῷον
1424 737 1672 788 depravatio-

245 798 306 837 uis
335 798 525 849 originem
553 799 807 850 repetendam
836 811 937 838 esse.

305 900 403 953 Cap.
433 901 496 941 12.
545 901 765 954 Comparat
791 903 996 954 simplices
1022 902 1273 954 syllogismos
1302 915 1391 941 cum
1418 903 1670 941 necessariis.

193 985 311 1024 32³6
338 985 455 1023 Biese
478 986 508 1025 Ι.
530 999 570 1036 p.
597 987 673 1023 147
709 985 1085 1037 „Vergleiclitman
1114 986 1224 1025 diese
1252 986 1566 1026 Modalschliisse
1602 986 1674 1031 mit

245 1048 322 1086 den
350 1060 419 1085 aus
446 1048 653 1086 einfachen
674 1049 879 1087 Urtheilen
908 1045 1143 1098 gebildeten,
1173 1061 1217 1087 so
1246 1050 1333 1087 sind
1361 1050 1419 1088 sie
1447 1050 1557 1087 darin
1584 1052 1673 1087 ver'-

244 1110 445 1158 schieden,
481 1110 566 1149 dass
603 1111 668 1149 die
696 1111 886 1150 letzteren
914 1112 978 1149 die
1005 1113 1171 1162 positive
1198 1114 1386 1164 Aussage‚
1423 1112 1510 1150 dal's
1551 1115 1672 1149 etwas

243 1172 310 1220 ist,
345 1185 418 1211 nur
446 1173 546 1211 dann
573 1175 624 1212 im
654 1170 922 1213 Schlurssatz'e
957 1174 1168 1223 enthalten‚
1206 1188 1315 1214 wenn
1355 1175 1469 1213 beide
1498 1173 1672 1213 vorder-

245 1237 354 1275 siitze
382 1237 577 1287 bejahend
606 1237 715 1284 sind,
756 1237 928 1287 dagegen
959 1267 969 1277 .
987 1237 1076 1284 ..'';
1112 1238 1169 1275 sic
1197 1240 1317 1276 etiam
1347 1237 1420 1277 Iul.
1450 1236 1591 1274 Pacius
1621 1234 1669 1275 τὸ

241 1297 445 1350 ὑπάρχειν
473 1300 523 1337 de
551 1299 815 1337 affirmatione
841 1300 1045 1349 intellexit,
1076 1313 1306 1351 quamquam
1337 1300 1495 1338 meliora
1516 1299 1673 1336 edoceri

243 1366 424 1413 poterant
464 1363 512 1399 ab
555 1362 797 1400 Alexandro:
845 1362 1057 1412 opponitur
1092 1363 1194 1400 enim
1241 1362 1580 1413 insequentibus
1625 1359 1673 1400 'zo

240 1422 443 1476 ὑπάρχειν
467 1425 525 1478 τῷ
553 1423 787 1476 ἀναγκαῖον
814 1419 934 1471 εἶναι,
963 1430 1007 1463 ut
1035 1424 1251 1475 syllogismi
1280 1425 1506 1475 simplicitas
1535 1436 1672 1463 neces-

241 1488 347 1527 sitati
375 1489 556 1538 opposita
584 1489 675 1532 (der
702 1486 986 1525 assertorische
1010 1486 1166 1524 Schlul's
1196 1488 1422 1538 gegeniiber
1450 1487 1539 1525 dem
1578 1500 1672 1537 apo-

244 1550 487 1595 diktischen)
524 1550 785 1599 significetur:
830 1550 973 1587 etenim
1012 1561 1138 1599 neque
1165 1550 1341 1599 reliquae
1379 1549 1506 1587 locum
1546 1549 1672 1599 expli-

244 1612 358 1651 candi
384 1613 557 1650 rationes
582 1612 848 1649 admittendae
876 1616 966 1649 sunt
1002 1624 1097 1661 quas
1125 1611 1343 1649 Alexander
1369 1612 1566 1662 proponit,
1604 1625 1672 1650 ne·

243 1687 320 1726 que
347 1674 438 1712 huic
465 1675 554 1712 loco
583 1674 773 1720 convenit,
803 1678 846 1711 ut
873 1673 1026 1711 dicatur
1060 1673 1110 1711 de
1146 1674 1394 1712 conclusione
1416 1674 1672 1719 affirmante.

241 1738 390 1788 Aperte
418 1737 536 1786 igitur
563 1736 796 1774 Aristoteles
825 1736 923 1774 dicit
955 1748 1029 1774 non
1066 1748 1156 1774 esse
1194 1736 1484 1774 conclusionem
1521 1737 1671 1786 simpli·

242 1800 344 1839 citer
381 1803 624 1838 asserentem
663 1799 805 1848 aliquid
846 1799 1003 1837 nisiex
1043 1799 1374 1849 propositionibus
1415 1799 1671 1849 simplicibus.

239 1864 295 1909 At
322 1862 440 1902 modo
469 1862 641 1900 ostendit
669 1861 885 1911 simplicem
915 1861 1201 1899 conclusionem
1230 1861 1425 1900 interdum
1455 1862 1569 1900 etiam
1590 1861 1672 1900 col-

243 1927 310 1976 ligi
337 1938 387 1964 ex
414 1925 536 1963 altera
562 1925 829 1976 propositione
857 1924 1094 1972 necessaria,
1122 1924 1246 1961 altera
1274 1924 1454 1974 simplici.
1521 1923 1673 1962 Tamen

243 1992 351 2027 recte
389 1987 486 2025 dicit
523 1987 741 2036 simplicem
784 1987 1075 2024 conclusionem
1111 1998 1187 2024 non
1224 1986 1311 2023 fieri
1346 1986 1493 2024 nisiex
1522 1998 1674 2036 propo-

244 2051 451 2090 sitionibus
480 2048 739 2099 simplicibus.
803 2048 980 2099 Namque
1007 2047 1055 2087 τὸ
1083 2046 1320 2099 ἀναγκαῖον
1347 2049 1534 2086 maiorem
1562 2048 1673 2097 quasi

243 2113 471 2163 dignitatem
498 2111 616 2150 habet
654 2114 694 2148 et
731 2111 809 2149 vim
840 2124 952 2161 quam
984 2113 1086 2162 quod
1126 2112 1356 2162 simpliciter
1384 2110 1589 2158 asseritur,
1623 2107 1672 2149 τὸ

202 2195 205 2198 ·
241 2174 517 2228 ἐνδεχόμενον
544 2185 637 2211 vero
665 2173 851 2224 dignitate
879 2178 1085 2225 superatur
1112 2174 1159 2212 ab
1183 2186 1230 2212 eo
1251 2172 1354 2232 quod
1373 2172 1562 2211 asseritur
1579 2172 1672 2210 sim-

242 2240 410 2292 pliciter.
465 2238 595 2286 Quare
621 2233 669 2275 τὸ
696 2234 931 2286 ἀναγκαῖον
958 2237 1034 2275 dici
1061 2237 1206 2287 poterit
1231 2233 1423 2286 ὑπάρχον
1449 2239 1491 2273 et
1509 2232 1671 2285 ἐνδεχό-

243 2315 387 2355 μενον,
415 2312 542 2350 neque
569 2304 700 2338 tamen
727 2300 812 2338 vice
840 2312 952 2338 versa
972 2297 1019 2338 τὸ
1041 2295 1315 2351 ἐνδεχόμενον
1335 2298 1397 2336 vel
1413 2297 1462 2337 τὸ
1479 2296 1672 2349 ’ὑπάρχον

243 2366 320 2404 dici
348 2367 534 2416 poterunt
561 2361 816 2413 ἄνοιγκαῖονε
845 2375 933 2401 nam
963 2364 1067 2413 quod
1095 2363 1359 2402 necessarium
1388 2365 1463 2408 est,
1490 2360 1530 2399 id
1559 2364 1599 2399 et
1625 2361 1670 2398 fit

241 2433 284 2468 et
311 2427 400 2466 fieri
427 2430 574 2477 potest,
613 2426 683 2464 sed
710 2425 758 2466 τὸ
792 2423 982 2476 ’ὑπάρχον
1011 2430 1051 2465 et
1069 2422 1124 2465 τὸ
1161 2422 1448 2476 ἐνδεχόμενονς
1487 2427 1531 2461 ut
1557 2427 1669 2462 recte

240 2492 468 2531 dicerentur
493 2484 719 2528 necessario
747 2490 847 2537 fieri,
876 2490 924 2527 ad
953 2489 1132 2527 altiorem
1153 2489 1276 2539 quasi,
1304 2499 1419 2538 quem
1440 2499 1511 2537 per
1530 2498 1574 2524 se
1592 2497 1668 2524 non

240 2554 400 2602 habent,
436 2553 637 2602 dignitatis
666 2552 829 2604 gradum
856 2553 1075 2601 promoveri
1110 2552 1313 2590 deberent.
1380 2549 1670 2599 (comprobant

239 2621 412 2655 nostram
450 2616 683 2654 sententiam
719 2618 761 2653 et
798 2627 898 2665 quae
935 2613 1178 2652 Aristoteles
1203 2613 1299 2651 dixit
1334 2613 1585 2650 29b30-32
1627 2615 1668 2649 et

239 2692 340 2730 quae
367 2679 531 2730 Trdlbg.
561 2677 749 2717 disseruit
773 2676 823 2716 de
849 2677 1002 2715 ratione
1029 2688 1128 2727 quae
1155 2675 1325 2727 obtineat
1351 2675 1453 2713 inter
1480 2672 1665 2725 δύναμιν

234 2745 275 2782 et
301 2739 552 2794 ἐντελέχειαν
578 2743 629 2782 de
655 2753 716 2781 an.
739 2740 804 2781 lib.
825 2739 860 2778 11
876 2740 973 2791 init„
1009 2739 1121 2778 Biese
1139 2737 1168 2779 1.
1188 2751 1229 2790 p.
1250 2739 1363 2785 475.)
1403 2738 1514 2788 Quae
1540 2749 1660 2789 quum
