1826 3112
286 217 365 257 16⁰
803 214 1194 249 ANAATTnmN

425 313 482 360 Οῑ
510 313 587 374 μεν
610 304 694 358 οὖν
711 315 797 357 τῶν
817 314 1119 372 συλλογισμων
1139 286 1348 370 ὑπάρχειν
1369 306 1399 372 ἢ
1415 306 1476 371 μὴ
1492 306 1702 368 ὑπάρχειν

288 379 529 436 δεικνύντες
547 381 732 440 ειρηνται
755 380 848 433 πῶς
860 377 1020 437 ἔχουσι,
1033 377 1107 422 καὶ
1118 374 1221 422 καθ’
1234 373 1399 432 αὑτοὺς
1411 376 1454 421 οἱ
1465 375 1510 420 ἐκ
1521 378 1606 420 τοῦ
1619 392 1702 420 αυ-

286 451 371 494 τοῦ
388 447 607 507 σχήματος
626 444 699 488 καὶ
721 441 833 502 πρὸς
845 441 1067 505 ἀλλήλους
1091 460 1133 488 οι
1119 443 1191 488 ‘gu
1201 445 1287 488 τῶν
1299 441 1450 499 ἑτέρων
1462 438 1702 502 σχηιιάτων.

240 521 273 565 S
419 511 534 557 Ἐπεὶ
560 509 598 556 ὁ’
616 508 759 568 ἕτερον
778 510 890 555 ἐστιν
909 507 1119 568 υπάρχειν
1140 527 1182 554 τε
1204 509 1277 553 καὶ
1293 505 1382 589 &5⁹
1354 506 1542 568 ανάγκης
1561 503 1706 564 ὑπάρ-

239 599 274 627 80
289 595 377 639 χειν
406 578 476 623 καὶ
498 577 745 636 ἐνδέχεσθαι
774 573 984 635 ὑπάρχειν
1015 572 1182 636 (πολλὰ
1199 571 1280 635 γὰρ
1302 571 1489 632 ὑπάρχει
1509 572 1608 631 μέν,
1648 568 1707 616 οὐ

287 644 432 703 μέντοι
447 641 536 697 ἐξ’
509 641 717 703 ανάγκης·
748 639 799 686 τὰ
819 639 858 687 6'
876 639 957 687 οὔτ
957 640 1069 696 ''35
1043 641 1229 702 ανάγκης
1261 637 1365 685 οὔθ’
1385 638 1569 697 ὑπάρχει
1582 635 1706 693 ὅλως,

288 709 496 768 ἐνδέχεται
528 707 566 754 6'
588 707 839 768 ὑπάρχειν),
868 704 1053 769 ὅῆλον”
1026 725 1092 752 οτι
1112 708 1184 752 καὶ
1207 702 1500 766 συλλογισμὸς
1520 702 1708 749 ἑκάστου

288 774 454 821 τούτων
472 791 617 832 ετερος
639 774 768 829 εσται,
784 774 858 818 καὶ
881 772 964 833 οὐχ
988 771 1147 831 ὁμοίως
1168 770 1347 854 ἐχόντων
1361 774 1446 816 τῶν
1466 767 1596 826 ὅρων,
1616 766 1708 814 ἀλλ’

289 839 316 887 6
349 842 428 900 μὲν
456 839 501 895 ἐξ
534 838 798 901 ἀναγκαίων,
840 836 866 885 6
893 837 932 884 6'
964 837 1010 894 ἐξ
1038 837 1396 898 ὑπαρχόντων,ο
1370 834 1455 881 ὁδ’
1479 834 1523 889 ἐξ
1541 835 1709 893 ἐνδεχο-

240 930 274 959 35
289 907 440 968 μένων.

419 970 516 1016 Ἐπὶ
554 971 631 1030 μὲν
658 962 741 1016 οὖν
770 973 856 1015 τῶν
883 967 1126 1029 ἀναγκαίων
1155 965 1309 1028 σχεδὸν
1341 964 1501 1026 ὁμοίως
1530 964 1609 1045 εχει
1637 962 1711 1008 καὶ

290 1037 358 1083 ἐπὶ
378 1040 464 1082 τῶν
485 1034 791 1095 ὑπαρχόντων·
829 1033 1039 1117 ὡσαύτως
1059 1052 1141 1102 γαρ
1162 1034 1397 1092 τιθεμένων
1419 1049 1506 1078 των
1531 1028 1647 1089 ὅρων
1667 1028 1713 1075 εν

289 1120 334 1148 τε
361 1106 423 1167 τῷ
447 1100 661 1161 ὑπάρχειν
686 1103 759 1147 καὶ
790 1105 854 1164 τῷ
882 1099 977 1155 ἐξ’
949 1100 1141 1162 ανάγκης
1170 1098 1381 1159 ὑπάρχειν
1415 1117 1444 1159 η
1484 1094 1543 1158 μὴ
1565 1093 1714 1173 ὑπάρ-

290 1186 379 1228 χειν
411 1169 526 1214 εσται
553 1185 596 1212 τε
627 1169 701 1212 καὶ
731 1164 816 1212 οὐκ
843 1167 956 1212 ἕσται
987 1164 1292 1226 συλλογισιιός,
1321 1162 1435 1225 πλὴν
1469 1159 1625 1208 διοίσει
1652 1178 1713 1225 τω

186 1266 222 1298 p
231 1253 276 1288 30
290 1237 579 1294 προσκεῖσθαι
605 1238 696 1290 τοῖς
725 1230 845 1290 ὅροις
863 1230 913 1277 τό
932 1230 1023 1286 ἐξ’
995 1231 1183 1294 ανάγκης
1205 1229 1412 1290 υπάρχειν
1435 1226 1465 1291 ἢ
1487 1226 1547 1290 μὴ
1568 1206 1715 1286 ὑπάρ-

291 1318 391 1361 χειν.
422 1299 473 1345 τό
504 1317 547 1345 τε
573 1316 657 1359 γαρ
691 1296 939 1359 στερητικὸν
958 1296 1168 1353 ωσαύτως
1189 1296 1472 1355 ἀντιστρέφει,
1505 1295 1577 1339 καὶ
1596 1290 1646 1338 τὸ
1670 1292 1715 1338 ἐν

291 1364 381 1447 ὅλῳ
410 1362 523 1411 εἶναι
556 1366 629 1410 καὶ
654 1363 704 1410 τὸ
729 1382 838 1409 κατα
870 1362 1031 1419 παντὸς
1065 1361 1224 1422 ὃιιοίως
1243 1360 1539 1419 ἀποδώσομεν.
1572 1359 1617 1404 ἐν
1639 1358 1716 1417 μὲν

292 1449 378 1478 ουν
397 1437 488 1487 τοῖς
499 1428 650 1486 ἄλλοις
666 1428 744 1475 τὸν
765 1427 902 1475 αὐτὸν
921 1429 1100 1487 τρόπον
1092 1427 1384 1489 δειχθήσεται
1404 1424 1477 1472 διὰ
1497 1429 1575 1487 τῆς
1596 1422 1717 1470 ἀντι-

257 1521 276 1549 ⁵
292 1501 490 1559 στροφῆς
505 1494 554 1542 τὸ
575 1496 864 1556 συμπέρασμα
878 1493 1124 1574 ἀναγκαῖον,
1148 1492 1294 1551 ὥσπερ
1308 1494 1373 1539 ἐπὶ
1387 1496 1471 1538 τοῦ
1481 1489 1715 1550 ὑπάρχειν·

292 1564 337 1610 ἐν
363 1565 409 1609 δὲ
430 1567 493 1608 τῶ
521 1562 638 1626 μέσω
677 1561 883 1623 σχήματι,
922 1579 1025 1606 οταν
1055 1580 1084 1620 ῃ
1113 1558 1164 1605 τὸ
1189 1559 1396 1605 καθόλου
1422 1553 1719 1617 καταφατικὸν

290 1627 342 1676 τὸ
369 1627 407 1676 6'
438 1629 482 1675 ἐν
509 1628 630 1688 μέρει
658 1626 933 1689 στερητικόν,
964 1627 1036 1672 καὶ
1068 1625 1200 1672 πάλιν
1230 1625 1275 1671 ἐν
1294 1629 1358 1689 τῷ
1375 1625 1520 1707 τρίτωζ
1545 1620 1650 1668 ὅταν
1667 1618 1718 1667 τὸ

292 1697 370 1756 μὲν
379 1693 584 1740 καθόλου
595 1691 882 1756 κατηγορικὸν
892 1711 942 1738 το
927 1690 990 1737 δ’
1005 1693 1028 1738 ἐ
1025 1710 1049 1737 ν
1061 1693 1177 1751 μέρει
1186 1690 1447 1771 στερητικόν,
1459 1688 1545 1748 οὐχ
1557 1686 1719 1747 ὁμοίως

293 1762 410 1808 εσται
439 1758 469 1822 ἡ
497 1758 728 1838 ἀπόδειξις,
759 1757 852 1804 ἀλλ’
887 1757 1053 1819 ἀνάγκη
1073 1757 1372 1820 ἐπιθεμένους
1356 1775 1390 1801 ω
1415 1757 1497 1801 τινὶ
1521 1753 1720 1812 εκάτερον

245 1849 279 1877 10
294 1826 354 1890 μὴ
373 1825 575 1886 ὑπάρχει,
595 1824 704 1871 κατά
724 1823 888 1870 τούτου
907 1830 1046 1870 ποιεῖν
1067 1821 1146 1869 τὸν
1165 1802 1482 1883 συλλογισμόν·
1509 1820 1625 1865 εσται
1636 1816 1719 1879 γάρ

295 1893 538 1955 ἀναγκαίως
560 1892 627 1937 ἐπι
638 1908 825 1938 τουτων
856 1891 893 1936 εἰ
916 1891 962 1936 δε
985 1887 1091 1934 κατὰ
1110 1907 1191 1935 του
1173 1889 1450 1943 ἐκτεθέντος
1462 1883 1616 1932 ἐστὶν’
1588 1902 1720 1945 αναγ-

293 1965 432 2016 καῖος,
453 1959 525 2004 καὶ
547 1956 639 2003 κατ’
662 1957 830 2003 ἐκείνου
851 1954 991 2011 τινός·
1020 1953 1072 2000 τὸ
1094 1953 1176 2014 γὰρ
1207 1955 1377 2000 ἐκτεθεν
1397 1951 1504 2011 οπερ
1526 1950 1661 1997 ἐκεῖνό
1680 1950 1723 1996 τί

296 2025 422 2072 ἐστιν.
464 2024 621 2084 γίνεται
655 2024 702 2068 δε
726 2039 813 2068 των
847 2024 1150 2082 συλλογισμῶν
1178 2019 1375 2080 ἑκάτερος
1410 2019 1453 2065 ἐν
1480 2035 1540 2081 τω
1576 2016 1721 2080 οἰκείω

296 2090 494 2154 σχήματι.

247 2164 279 2208 9
432 2154 672 2214 Συμβαίνει
703 2154 750 2200 δέ
781 2167 883 2199 ποτε
914 2153 988 2199 καὶ
1016 2155 1093 2215 τῆς
1128 2151 1272 2209 ἑτέρας
1305 2148 1555 2208 προτάσεως
1589 2145 1723 2207 ἀναγο

250 2243 284 2271 16
298 2222 425 2279 καίας
445 2220 587 2283 οὔσης
610 2219 842 2282 ἀναγκαῖον
861 2220 1058 2280 γίνεσθαι
1076 2216 1153 2264 τὸν
1174 2214 1481 2277 συλλογισμόν,
1502 2211 1617 2275 πλὴν
1638 2230 1724 2272 ουχ

298 2287 508 2348 ὁποτέρας
535 2288 693 2347 ετυχεν,
723 2283 832 2331 ἀλλὰ
851 2303 929 2348 της
950 2283 1066 2344 πρὸς
1083 2283 1133 2330 τὸ
1160 2287 1305 2365 μεῖζον
1326 2299 1475 2340 ακρον,
1496 2277 1590 2326 οἷον
1610 2280 1648 2325 εἰ
1667 2277 1720 2324 τὸ

296 2373 374 2415 μεν
403 2359 440 2401 Α
467 2357 531 2419 τῷ
562 2357 598 2399 Β
628 2351 699 2408 ἐξ
706 2351 892 2415 ἀνάγκης
921 2353 1116 2413 είληπται
1146 2349 1342 2408 ὑπάρχον
1370 2345 1401 2409 ἢ
1421 2345 1481 2408 μὴ
1509 2344 1723 2405 ὑπάρχον,

295 2419 346 2468 τὸ
374 2422 422 2467 δὲ
452 2424 490 2466 Β
511 2423 574 2484 τῷ
593 2423 638 2466 Γ
653 2417 854 2480 ὑπάρχον
881 2417 1042 2478 μόνον·
1069 2414 1210 2473 οὕτως
1235 2433 1317 2477 γαρ
1347 2413 1612 2476 εἰλημμένων
1635 2424 1725 2457 των

386 2540 429 2572 27
440 2535 619 2578 ἑαυτούς
605 2549 662 2572 zm.
675 2557 719 2564 -
743 2537 788 2571 28
807 2534 938 2576 ἄλλους
951 2537 990 2577 Α,
1016 2548 1056 2579 pr
1074 2535 1140 2569 Ba.
1154 2553 1197 2560 -
1220 2531 1412 2577 σχημάτων
1423 2526 1484 2564 'om
1502 2531 1536 2564 d.
1549 2530 1646 2563 -38
1663 2526 1726 2562 καὶ

300 2583 339 2618 ἐν
355 2584 471 2661 tqgsszl
491 2628 711 2681 προκεῖσθαι
728 2627 769 2667 A,
770 2638 836 2681 pr
856 2626 893 2659 C.
919 2642 962 2649 —
995 2624 1016 2658 5
1035 2621 1093 2668 τὸ]
1113 2621 1172 2658 οτι
1187 2618 1229 2657 τὸ
1251 2622 1289 2655 G.
1311 2639 1356 2645 —
1385 2617 1498 2664 ὅνπερ
1516 2629 1550 2652 ιι.
1574 2635 1618 2643 -
1641 2617 1662 2650 6
1679 2613 1720 2651 τό

299 2670 365 2716 μὲν
380 2670 547 2707 καθόλου
567 2672 618 2706 Οἱ.
642 2688 688 2697 --
717 2669 770 2704 7‘
755 2668 846 2706 όταν
877 2664 953 2704 τὸ
974 2669 1009 2702 C.
1033 2687 1079 2693 —-
1110 2670 1152 2702 10
1171 2665 1317 2710 vadem]
1334 2666 1369 2706 d,
1394 2677 1473 2698 corr
1494 2664 1539 2696 A.
1558 2679 1604 2687 —
1633 2661 1724 2695 τοῦ-

299 2727 343 2751 το
364 2718 400 2750 C·
425 2735 467 2741 —
492 2719 530 2751 ll
552 2714 752 2761 ἀναγκαῖος
768 2717 828 2760 du,
850 2713 1051 2760 αναγκαίος
1071 2714 1144 2755 ΑΒ,
1168 2724 1246 2746 corr
1266 2712 1336 2746 Cm.
1361 2729 1401 2737 —
1427 2707 1468 2744 δὲ
1487 2706 1552 2744 καὶ
1566 2718 1662 2742 κατα
1684 2706 1721 2740 G

301 2781 346 2789 —
371 2761 412 2796 16
428 2757 494 2797 τὸν
517 2773 573 2795 om
592 2761 629 2797 G.
