1884 3100
576 221 718 255 ΠΕΡΙ
746 220 1106 254 ΕΡΜΗΝΕῙΑΣ.
1487 218 1567 257 143

116 318 329 370 διστικόν.
349 316 403 366 τό
414 311 587 380 μὲνοῦν
600 316 719 366 οὕτω
734 315 929 366 δυνατὸν
938 316 1028 364 οὐκ
1037 316 1206 381 ἄληθες
1213 313 1324 364 κατὰ
1333 319 1420 363 τοῦ
1430 315 1564 379 ἅναγ-
1581 332 1617 361 15

116 391 252 436 καίου
272 385 425 444 ιιπλῶς
444 388 592 444 εἰπεῖν,
606 386 798 446 θάτερον
817 386 865 432 δε
885 383 1066 448 ιῖληθές.
1098 382 1206 433 ὥστε
1225 385 1316 432 ἐπεὶ
1335 388 1398 448 τῷ
1416 384 1462 431 ἐν
1486 385 1564 445 με’-

117 476 182 518 ρει
199 455 250 503 τὸ
269 453 477 501 καθόλου
503 455 660 511 ἕπεται,
692 458 754 519 τῷ
783 451 875 509 ἐξ)
845 452 1043 516 ανάγκης
1061 451 1155 500 ὄντι
1173 453 1317 500 ἕπεται
1335 450 1388 498 τὸ
1420 451 1563 499 δύνα-

117 531 227 571 σθαι
255 519 377 580 εἶναι,
409 540 469 568 ου
499 523 647 581 μέντοι
672 525 774 567 πᾶν.
811 521 884 566 καὶ
905 521 992 566 ἔστι
1017 518 1074 582 δὴ
1095 519 1208 584 α’ρχὴ
1231 522 1336 576 ἴσως
1354 517 1405 566 τό
1427 518 1564 582 ἄναγ-

115 597 245 638 καῖον
280 590 354 635 καὶ
391 586 453 650 μή
495 587 736 650 ἅναγκαῖον
766 587 942 633 πάντων
969 586 1000 650 ἢ
1027 593 1136 634 εἰναι
1172 608 1201 651 η
1231 585 1294 650 μὴ
1323 584 1456 646 εἶναι,
1488 588 1564 634 καὶ

115 657 169 705 τιὶ
192 656 304 703 ἄλλα
323 674 383 712 ως
400 673 576 712 τουτοις
598 653 947 701 ἀκολουθοῦντα
966 656 1217 702 ἐπισκοπεῖν
1238 659 1315 702 δεῖ.
1578 676 1616 704 20

251 719 459 781 Φανερὸν
478 720 535 786 δὴ
549 723 594 768 ἐκ
615 726 703 769 τῶν
723 723 961 784 εἰρημένων
971 720 1038 768 ὅτι
1057 720 1110 768 τὸ
1135 722 1181 779 ἐξ
1191 721 1387 785 οἷνάγκης
1400 719 1454 768 ὂν
1472 719 1566 768 κατ’

116 789 333 852 ἐνέργειαν
360 790 488 846 ἐστιν,
518 787 630 836 ὥστε
661 790 699 836 εἰ
727 790 918 849 πρότερα
939 787 994 836 τὰ
1016 788 1148 845 ἀΐδια,
1178 793 1249 836 καὶ
1272 790 1462 850 ἐνέργεια
1480 792 1566 836 δυ-

115 858 283 918 νάμεως
310 858 516 916 προτέρα.
557 858 630 903 καὶ
650 855 704 903 τὰ
725 858 804 916 μὲν
826 855 935 904 ἄνευ
958 856 1188 917 δυνάμεως
1209 858 1419 918 ἐνέργειαί
1441 857 1567 913 εἰσιν,

116 923 211 973 οἷον
233 925 279 971 αἱ
312 928 484 983 πρῶται
514 922 680 980 οὐσίαι,
709 922 763 969 τὰ
787 925 834 971 δὲ
853 923 959 985 μετιὶ
981 924 1223 985 δυνάμεως,
1250 922 1278 971 ἃ
1296 927 1352 985 τῇ
1369 924 1449 984 μὲν
1469 922 1566 984 φύ-

115 1006 181 1040 σει
194 991 384 1051 πρότερα
395 995 456 1057 τῷ
476 993 522 1038 δὲ
537 991 687 1057 χρόνῳ
706 988 886 1053 ὕστερα,
895 990 950 1038 τοὶ
972 993 1020 1038 δὲ
1041 991 1254 1039 οὐδέποτε
1277 992 1488 1053 ἐνέργειαί
1504 992 1565 1038 εἰ-
1581 1005 1617 1034 2⁵

115 1073 189 1108 σιν
209 1057 324 1106 α’λλιὶ
343 1058 555 1119 δυνάμεις
575 1058 729 1117 μόνον.

252 1124 458 1185 Πότερον
487 1126 535 1172 δὲ
558 1126 731 1172 ἐναντία
752 1122 914 1171 ἐστὶν
886 1143 918 1187 η
937 1124 1189 1185 κατάφασις
1207 1129 1263 1186 τῇ
1285 1123 1511 1186 αποφάσει
1538 1121 1568 1188 ἢ

113 1191 144 1255 ἡ
182 1191 433 1254 κατάφασις
464 1197 520 1253 τῇ
550 1191 811 1253 καταφάσει,
841 1193 916 1238 καὶ
946 1190 973 1238 6
998 1191 1133 1253 λόγος
1154 1196 1217 1258 τῷ
1236 1192 1357 1258 λόγῳ
1381 1190 1407 1239 ὁ
1428 1193 1567 1253 λέγων

114 1259 181 1308 ὅτι
215 1265 303 1318 πᾶς
341 1258 583 1319 ανθρωπος
615 1260 787 1316 δίκαιος
817 1262 880 1324 τῷ
914 1257 1066 1315 οὐδεὶς
1107 1239 1349 1319 ἄνθρωπος
1380 1261 1564 1316 δίκαιος,

114 1326 148 1391 ἢ
167 1326 220 1374 τὸ
238 1332 325 1385 πᾶς
347 1325 587 1386 ανθρωπος
605 1328 775 1383 δίκαιος
794 1329 856 1388 τῷ
875 1329 965 1383 πᾶς
991 1323 1233 1386 ανθρωπος
1264 1325 1434 1384 αδικος,
1468 1323 1565 1372 οἷον
1579 1342 1615 1371 ω

115 1397 205 1442 ἔστι
230 1396 429 1452 Καλλίας
447 1395 657 1452 δίκαιος-
678 1391 766 1440 οὐκ
796 1393 885 1439 ἔστι
905 1394 1107 1450 Καλλίας
1128 1394 1342 1451 δίκαιος-
1366 1394 1566 1452 Καλλίας

114 1461 270 1520 ἄδικός
279 1463 367 1509 ἐστι
381 1479 389 1489 ·
411 1462 575 1521 ποτέρα
587 1466 612 1508 6
618 1460 644 1524 ἡ
660 1461 830 1508 ἐναντία
841 1459 1010 1507 τούτων
1021 1480 1036 1514 ‚·
1056 1462 1094 1507 εἰ
1104 1459 1186 1523 γὰρ
1195 1459 1249 1507 τὰ
1260 1462 1338 1521 μὲν
1347 1462 1393 1508 ἐν
1402 1465 1456 1522 τῇ
1467 1480 1566 1522 φω-

112 1534 170 1591 νῇ
179 1528 520 1586 α’κολουθεῖτοῖς
533 1530 578 1576 ἐν
587 1533 641 1589 τῇ
654 1529 840 1592 διανοίᾳ,
849 1528 936 1574 ἐκεῖ
944 1529 990 1574 δὲ
1003 1528 1174 1575 ἐναντιά
1182 1528 1290 1584 δόξα
1302 1526 1331 1592 ἡ
1344 1532 1428 1575 τοῦ
1439 1529 1565 1575 ἐναν-

113 1598 226 1654 τίου,
247 1595 343 1644 οἷον
357 1594 426 1643 ὅτι
439 1601 528 1654 πᾶς
541 1595 785 1656 ἄνθρωπος
797 1596 968 1652 δίκαιος
979 1600 1034 1656 τῇ
1046 1600 1133 1653 πᾶς
1145 1594 1384 1656 ἄνθρωπος
1397 1594 1566 1653 ἄδικος,

114 1666 189 1711 καὶ
218 1666 286 1711 ἐπὶ
314 1668 404 1710 τῶν
437 1665 482 1710 ἐν
513 1668 567 1725 τῇ
595 1667 725 1724 φωνῇ
757 1662 1048 1723 καταφάσεων
1067 1662 1233 1726 ἀνάγκη
1256 1662 1423 1723 ὁμοίως
1442 1665 1616 1725 ἕχειν.35

114 1733 153 1779 εἰ
169 1733 215 1778 δὲ
234 1730 295 1794 μὴ
317 1732 404 1778 ἐκεῖ
417 1729 442 1793 ἢ
454 1736 538 1778 τοῦ
549 1732 749 1778 ἐναντίου
763 1728 871 1785 δόξα
882 1731 1052 1776 ἐναντία
1063 1731 1191 1787 ἐστίν,
1203 1729 1310 1778 οὐδὲ
1324 1729 1349 1794 ἡ
1361 1732 1565 1791 κατάφα-

114 1811 185 1856 σις
213 1803 269 1859 τῇ
301 1798 545 1857 καταφάσει
567 1799 686 1844 ἔσται
711 1798 895 1851 ἐναντία,
928 1795 1023 1842 ἀλλ’
1044 1796 1070 1860 ἡ
1093 1799 1298 1860 εἰρημένη
1322 1797 1564 1858 ἀπόφασις.

115 1863 225 1913 ω’στε
245 1866 454 1912 σκεπτέον
474 1866 581 1911 ποία
599 1863 710 1920 δόξα
731 1862 907 1927 αληθὴς
928 1867 1084 1917 ψευδεῖ
1093 1863 1203 1925 δόξη
1224 1866 1408 1921 ἐναντία,
1432 1864 1566 1911 πότε-

114 1951 195 1994 ρον
204 1931 245 2014 ἡ
265 1937 348 1995 τῆς
367 1931 636 1993 ἀποφάσεως
658 1929 685 1994 ἢ
700 1929 726 1994 ἡ
748 1950 800 1978 το
788 1930 1011 1978 ἐναντιόν
1031 1929 1138 1978 εἶναι
1163 1932 1429 1990 δοξάζουσα.
1455 1933 1566 1994 λέγω

114 2002 161 2047 δὲ
185 1993 281 2046 ωδε.
315 2000 403 2046 εστι
421 2019 486 2056 τις
510 1998 621 2055 δόξα
630 1997 899 2062 ἄληθηςτοῦ
909 1997 1132 2059 αγαθου“
1102 2018 1171 2046 οτι
1186 1998 1374 2061 αγαθόν
1390 1998 1504 2062 αλλη
1514 2000 1561 2046 δε
1580 2015 1616 2043 40

115 2065 184 2115 ὅτι
202 2065 288 2113 οὐκ
299 2065 475 2128 αγαθὸν
485 2066 697 2129 ψευδής,
682 2067 804 2124 ετέρα
816 2063 904 2112 δε’
875 2085 941 2112 οτι
952 2066 1104 2113 κακόν.
1139 2068 1303 2126 ποτέρα
1317 2065 1373 2130 δὴ
1390 2067 1562 2114 τούτων
1577 2075 1602 2108 b

113 2135 283 2182 ἐναντία
304 2138 358 2194 τῇ
380 2133 564 2198 αληθεῖ,·
584 2135 655 2180 καὶ
679 2135 718 2180 εἰ
737 2134 825 2180 ἔστι
847 2134 940 2194 μία,
958 2133 1062 2180 καθ’
1081 2133 1299 2193 ὁποτέραν
1319 2133 1348 2197 ἡ
1368 2135 1565 2188 ἐναντίας

112 2200 164 2249 τὸ
180 2220 259 2262 μεν
279 2199 368 2273 6¹)—
353 2201 498 2268 τούτῳ
521 2204 695 2248 οἴεσθαι
705 2219 784 2258 τας
805 2202 1000 2258 ἐναντίας
1020 2200 1152 2258 δόξας
1173 2201 1382 2260 ὡρίσθαι,
1402 2206 1465 2248 τῶ
1477 2206 1565 2248 τῶν

114 2265 368 2316 ἐναντίων
329 2274 450 2325 εἰναι,
461 2272 645 2326 ψεῦδος·
660 2273 744 2315 τοῦ
751 2288 834 2330 γαρ
846 2267 1066 2329 αγαθοῦ“
1038 2288 1106 2316 οτι
1117 2267 1290 2330 αγαθὸν
1300 2271 1370 2314 καὶ
1382 2273 1469 2315 τοῦ
1479 2287 1563 2314 κα·-

113 2341 201 2384 κοῦ
220 2334 289 2384 ὅτι
308 2334 451 2383 κακὸν
470 2334 500 2400 ἡ
522 2334 635 2400 αὐτὴ
647 2338 750 2393 ἴσως
766 2338 838 2382 καὶ
849 2334 1029 2399 ἀληθὴς
1052 2338 1183 2394 εσται,
1199 2338 1279 2383 εἴτε
1289 2337 1471 2394 πλείους
1483 2337 1564 2382 εἴτε
1580 2354 1598 2383 5

209 2495 249 2529 16
264 2494 306 2529 τὸ
322 2491 359 2528 ἐν
377 2491 476 2538 μέρει
494 2495 546 2540 τῷ
559 2495 600 2528 Θ.
622 2514 665 2519 -
693 2492 870 2536 18μέντοι
889 2490 930 2529 τὸ
950 2495 1026 2528 πᾶν
1041 2494 1116 2536 dfu,
1142 2506 1222 2527 corr
1248 2496 1291 2528 A.
1315 2513 1356 2519 —
1388 2496 1433 2527 90
1449 2487 1564 2530 τᾶλλα

117 2542 180 2575 Ge.
206 2542 318 2574 —12
336 2539 516 2582 πρότερον
533 2553 561 2573 e.
586 2559 632 2566 —-
657 2539 736 2573 ἴδια
754 2539 796 2580 G,
822 2551 864 2583 pr
886 2541 923 2573 C.
951 2558 993 2563 —
1019 2539 1098 2584 καὶ]
1122 2540 1183 2574 καὶ
1206 2538 1226 2583 ἡ
1246 2542 1292 2582 es.
1313 2561 1351 2565 —
1378 2541 1422 2573 25
1442 2538 1563 2587 χρόνῳ

114 2585 154 2621 δε
172 2598 207 2620 π.
231 2604 276 2612 —
300 2584 387 2620 34)
365 2600 386 2630 η
406 2583 427 2620 ὁ
446 2584 487 2619 τὸ
507 2598 535 2629 e,
562 2598 603 2628 pr
622 2586 656 2618 C.
672 2603 719 2608 —
744 2585 937 2624 &1:021ng
951 2582 1080 2627 .ἆ’·ιθρ.
1104 2597 1158 2617 om
1174 2588 1205 2627 f.
1221 2605 1268 2612 —
1293 2583 1391 2629 οἷον]
1414 2583 1510 2620 ἐστιν
1526 2598 1562 2621 π.

114 2649 158 2658 -
182 2633 222 2665 31
245 2634 289 2665 Κ.
308 2629 452 2670 δίκαιός
471 2630 546 2665 ἐστι
566 2643 600 2663 n.
628 2648 665 2655 -—
692 2631 736 2663 32
753 2627 799 2671 δὴ
819 2643 898 2663 corr
922 2632 966 2669 C,
991 2628 1031 2664 δε
1050 2632 1106 2672 ef,
1132 2642 1187 2662 om
1206 2643 1239 2663 π.
1266 2650 1307 2655 -—
1333 2631 1377 2664 34
1394 2627 1467 2686 οτι]
1491 2629 1561 2674 ἦῙ.

116 2677 226 2710 -36
245 2675 338 2719 μηδέ
358 2678 394 2710 C.
419 2695 465 2703 —
484 2678 527 2711 37
549 2674 691 2710 ε’στὶνη.
726 2695 754 2699 -
786 2673 938 2711 ἐναντια
959 2675 1059 2709 ε’σται
1073 2687 1102 2708 e.
1129 2694 1173 2701 —
1197 2677 1240 2710 38
1262 2674 1405 2719 ψευδὴς
1425 2675 1564 2722 ἀληθεῖ

116 2732 167 2764 eu,
191 2734 269 2755 corr
293 2723 331 2756 Β.
356 2742 401 2749 —
425 2721 527 2765 δόξει
546 2723 582 2755 C.
606 2741 652 2747 —
674 2721 716 2754 39
737 2717 833 2756 εἶναι
853 2730 888 2754 et
904 2723 947 2754 40
962 2733 1014 2761 τις
1032 2732 1087 2753 om
1110 2731 1142 2754 e.

203 2766 293 2801 zahl
311 2765 400 2812 ἄλλη
413 2779 446 2802 π.
459 2767 600 2811 -δὲῙ,
625 2786 666 2792 -
690 2767 713 2800 2
729 2765 825 2802 κατὰ
837 2765 1001 2812 ποτέραν
1018 2766 1168 2802 ἐναντία
1186 2779 1220 2800 τι
1231 2767 1308 2801 -3
1326 2766 1378 2812 τῷ
1391 2778 1448 2800 om
1469 2778 1497 2801 e.
1517 2786 1558 2794 —-

115 2812 137 2845 5
158 2811 260 2848 ἔσται
281 2824 338 2846 om
359 2814 420 2847 Cn.
