1826 3112
310 193 388 233 104
838 197 904 230 ΚΑ
917 195 1075 230 ΤΗΓΟ
1086 196 1217 229 ΡΙΑῙ.

312 304 405 347 πως
427 289 537 337 κατὰ
577 290 738 347 ταύτας
781 288 807 336 ὃ
849 288 1104 352 ἄνθρωπος,
1156 290 1267 352 ταχὺ
1313 292 1360 339 δὲ
1397 290 1661 352 μεταβάλλει7
1683 293 1729 339 ἐκ

315 361 487 416 θερμοῦ
504 355 677 438 ψυχρὸς
705 355 924 416 γινόμενος
956 358 1029 403 καὶ
1059 358 1104 403 ἐκ
1131 362 1214 404 τοῦ
1238 355 1449 419 ὑγιαίνειν
1478 358 1539 413 εἰς
1570 355 1620 403 τὸ
1646 375 1728 404 ’νο-

1812 352 1822 379 5

233 443 268 474 p
280 427 428 478 9σεῖν,
463 421 669 478 ὡσαύτως
694 422 741 467 δὲ
776 423 849 467 καὶ
882 422 949 468 ἐπὶ
977 441 1066 469 των
1095 421 1260 479 ἄλλων,
1294 424 1331 469 εἰ
1360 422 1420 485 μή
1452 438 1516 479 τις
1544 423 1618 468 καὶ
1645 441 1729 469 αυ-
1775 421 1813 485 ἐξ

315 492 400 533 τῶν
419 487 583 533 τούτων
603 486 804 548 τυγχάνοι
825 485 896 533 διὰ
917 487 1083 547 χρόνου
1106 493 1290 568 πλῆθος
1307 486 1394 551 ἤδη
1425 488 1732 550 πεφυσιωμένη
1776 489 1779 500 ³

313 554 386 598 καὶ
410 551 582 609 άνίατος
609 551 642 614 ἢ
669 552 787 599 πάνυ
817 554 1075 634 δυσκίνητος
1100 556 1230 610 οὐσα,
1270 551 1328 615 ἣν
1356 552 1410 599 ἄν
1437 571 1501 609 τις
1521 555 1624 609 ἴσως
1643 551 1730 608 ἕξιν

313 616 403 678 ἤδη
421 617 781 677 προσαγορεύσω.
837 618 1028 678 φανερὸν
1054 618 1150 664 δὲ““’
1123 637 1189 664 οτι
1211 623 1348 664 ταῦτα
1370 618 1607 678 βούλονται
1627 618 1730 675 ἕξεις

280 700 298 728 ⁵
314 679 513 742 λέγειν,“
485 700 513 726 α
537 683 626 727 ἐστι
644 682 1016 743 πολυχρονιώτερα
1033 685 1105 729 καὶ
1126 683 1464 746 δυσκινητότερα
1478 701 1488 710 ·
1522 682 1628 746 τούς
1646 682 1730 744 γὰρ

312 751 398 793 τῶν
418 747 660 810 ἐπιστημῶν
682 746 742 809 μὴ
767 748 887 794 πάνυ
913 749 1166 809 κατέχοντας
1196 747 1288 794 ἄλλ’
1322 748 1580 810 εὐκινήτους
1601 747 1732 805 ὄντας

313 830 371 858 ου
396 823 532 873 φασιν
568 811 652 868 ἕξιν
693 813 821 895 ἔχεινῆ,
864 814 1003 859 καίτοι
1045 814 1278 860 διάκεινταί
1312 814 1359 874 γέ
1391 827 1484 869 πως
1514 811 1622 859 κατὰ
1650 812 1730 876 τὴν
1791 847 1795 848 ⁷

312 876 588 959 ἐπιστήμην
569 877 597 940 η’
619 883 760 961 χεῖρον
784 876 816 940 ἢ
835 879 1013 937 βελτιον.
1050 877 1155 925 ωστε
1177 878 1372 938 διαφέρει
1393 877 1475 934 ἕξις
1493 878 1730 936 διαθέσεως

311 946 373 1006 τῷ
401 941 451 989 τὰ
482 960 559 1002 μεν
591 942 822 1005 εὐκίνητον
850 941 1065 1000 εἰναι,τὸ
1085 946 1130 990 δε
1161 943 1558 1004 πολυχρονιώτερόν
1585 962 1628 990 τε
1656 946 1731 990 καὶ

263 1025 297 1051 10
313 989 685 1069 δυσκινητότερον.
749 1009 830 1053 εἰσὶ
862 1009 907 1054 δε
940 1010 984 1055 αι
1004 1027 1080 1068 μεν
1096 1008 1198 1066 ἕξεις
1220 1011 1294 1055 καὶ
1329 1010 1568 1066 διαθέσεις,
1605 1010 1648 1055 αἱ
1681 1011 1728 1056 δε

311 1073 531 1129 διαθέσεις
561 1071 647 1118 οὐκ
676 1071 721 1128 ἐξ
745 1072 937 1136 ἀνάγκης
967 1073 1091 1130 ἕξεις·
1138 1077 1181 1121 οἱ
1209 1076 1285 1134 μὲν
1319 1073 1401 1135 γὰρ
1434 1073 1536 1131 ἕξεις
1565 1076 1729 1134 ἔχοντες

309 1139 383 1183 καὶ
413 1137 648 1184 διάκεινταί
674 1139 721 1200 γέ
755 1152 847 1196 πως
875 1138 967 1185 κατ’
994 1138 1157 1197 αὐτάς,
1203 1142 1246 1186 οἱ
1291 1141 1337 1186 δὲ
1379 1142 1636 1201 διακείμενοι
1670 1140 1729 1188 οὐ

311 1202 482 1259 πάντως
507 1205 581 1249 καὶ
613 1202 697 1258 ε’ξιν
727 1205 912 1264 ε’χουσιν.

428 1266 608 1329 Ἐτερον
630 1270 675 1314 δε
699 1270 823 1329 γένος
844 1268 1075 1331 ποιότητος
1096 1267 1199 1315 καθ’
1219 1267 1244 1314 ὃ
1263 1268 1504 1327 πυκτικοὺς
1525 1268 1556 1333 ἢ
1576 1274 1725 1331 δρομι-

262 1353 295 1380 15
309 1330 419 1388 κοῦς
440 1331 473 1396 ἢ
493 1332 717 1394 ὑγιεινούς
735 1354 763 1396 η
789 1335 994 1391 νοσώδεις
1014 1336 1190 1395 λέγομεν
1203 1368 1215 1390 ,
1250 1336 1322 1381 καὶ
1349 1334 1495 1392 ἁπλῶς
1515 1335 1598 1382 όσα
1617 1355 1724 1383 κατα

202 1420 207 1428 »
309 1396 497 1458 δύναμιν
527 1398 723 1461 φυσικὴν
760 1419 788 1461 η
821 1399 1064 1479 ἀδυναμίαν
1094 1401 1268 1460 λέγεται.
1336 1399 1395 1447 οὐ
1424 1420 1507 1462 γαρ
1537 1406 1598 1466 τῷ
1630 1406 1725 1448 δια-

307 1465 482 1509 κεῖσθαί
507 1465 555 1525 γε’
581 1479 673 1522 πως
705 1466 883 1511 ἕκαστον
918 1471 1004 1512 τῶν
1047 1465 1256 1512 τοιούτων
1296 1467 1484 1529 λέγεται,
1530 1448 1639 1513 ἄλλα
1665 1472 1726 1513 τῶ

308 1527 494 1588 δύναμιν
549 1531 656 1590 ε’χειν
702 1529 902 1593 φυσικην
952 1535 1038 1577 τοῦ
1050 1532 1265 1613 Ἢποιῆσαί
1299 1549 1340 1577 τι
1365 1531 1523 1595 ῥαδίως
1565 1552 1592 1595 η
1636 1552 1721 1596 μη-

307 1595 382 1639 δεν
415 1594 598 1654 πάσχειν
618 1630 630 1651 ,
670 1602 763 1642 οἱον
802 1599 1002 1642 πυκτικοὶ
1043 1594 1072 1658 ἢ
1119 1597 1316 1656 δρομικοὶ
1350 1599 1544 1659 λέγονται
1578 1597 1635 1644 οὐ
1666 1603 1726 1663 τῷ

258 1661 556 1707 ωδιακεῖσθαί
596 1676 688 1716 πως
732 1660 840 1708 ἄλλα
894 1666 954 1707 τῶ
1007 1662 1195 1721 δύναμιν
1246 1663 1353 1722 ε’χειν
1404 1662 1601 1725 φυσικὴν
1644 1668 1727 1710 τοῦ

303 1726 489 1787 ποιῆσαί
529 1744 567 1771 τι
612 1726 794 1790 ῥαδίως,
858 1725 1040 1787 ὑγιεινοὶ
1093 1729 1139 1773 δε
1192 1727 1386 1787 λέγονται
1437 1733 1497 1789 τῷ
1539 1729 1727 1813 δύναμιν

303 1790 411 1849 ε’χειν
437 1790 636 1852 φυσικὴν
665 1797 748 1838 τοῦ
779 1794 911 1854 μηδεν
941 1792 1118 1851 πάσχειν
1154 1791 1246 1839 ὑπὸ
1275 1811 1366 1839 των
1396 1793 1615 1853 τυχόντων
1642 1814 1722 1858 ρα-

304 1856 430 1913 δίως,
474 1856 680 1914 νοσώδεις
717 1859 763 1904 δὲ
805 1876 865 1922 τω
898 1858 1144 1918 ἀδυναμίαν
1175 1859 1282 1918 ἔχειν
1313 1858 1512 1922 φυσικην
1551 1863 1634 1906 τοῦ
1665 1859 1725 1923 μὴ

391 2049 434 2082 38
450 2048 635 2090 καταυτᾶς
652 2052 737 2094 (εἷο)
757 2053 797 2092 Β,
822 2049 901 2085 κατ’
917 2050 1081 2104 αὕτὰςῙὶ.
1105 2069 1149 2075 -
1172 2052 1215 2085 39
1235 2048 1425 2094 γενόμενος
1447 2052 1563 2105 Acdf.

390 2092 456 2125 9³2
474 2092 643 2147 τυγχάνει
666 2096 771 2137 Ceng.
794 2113 837 2120 —
871 2095 1037 2134 πλείονος
1051 2091 1124 2148 ἤδη
1145 2107 1187 2137 pr
1207 2106 1244 2138 g.
1269 2114 1315 2118 —
1350 2094 1626 2138 πεφυσιωμένος
1641 2107 1668 2129 e.
1679 2115 1724 2122 —
1792 2115 1794 2118 ·
1813 2102 1815 2111 ⁴

302 2137 323 2169 3
349 2131 519 2176 ἀκίνητος
547 2149 567 2179 η
600 2149 651 2170 ne.
676 2157 721 2162 —
755 2151 810 2176 τις
830 2151 879 2177 ως
895 2151 928 2170 ιι
956 2158 998 2164 -—-
1030 2141 1050 2171 4
1077 2135 1148 2181 ἤδη
1175 2152 1228 2170 om
1254 2149 1303 2188 g.
1316 2158 1361 2164 —
1398 2139 1681 2193 προσαγορεύσει
1702 2153 1725 2174 α

307 2181 374 2213 Vat
389 2180 473 2221 238,
509 2183 648 2223 corrA‚
681 2182 946 2236 προσαγορεύοι
972 2184 1040 2223 Cn,
1074 2180 1338 2236 προσαγορεύει
1357 2195 1415 2221 eu,
1449 2182 1723 2229 προσαγορεύσῃ
1775 2206 1815 2234 >1

302 2224 377 2268 dgi.
410 2243 452 2248 —
490 2207 659 2269 βούλεται
688 2227 720 2259 d.
745 2246 789 2252 —
830 2229 850 2260 5
875 2225 944 2283 γὰρ
968 2225 1014 2260 τοὶ
1039 2228 1111 2260 τῶν
1133 2239 1169 2259 rc
1200 2229 1236 2262 C.
1260 2246 1305 2252 —
1345 2228 1364 2260 6
1394 2225 1502 2266 ὄντας
1534 2240 1588 2261 om
1618 2229 1653 2261 C.
1678 2247 1722 2254 —-

300 2269 322 2300 7
347 2266 452 2311 ἔχειν]
482 2269 596 2302 εἰπεῖν
618 2281 646 2302 e.
671 2289 717 2294 ——
761 2272 780 2303 9
813 2269 882 2314 τὴν
907 2270 1008 2314 μὲνέ.
1025 2269 1052 2303 ἐ.
1077 2268 1144 2313 τὴν
1172 2270 1211 2304 δὲ
1237 2271 1573 2327 πολυχρονιωτέραν
1594 2284 1633 2306 τε
1660 2273 1723 2307 καὶ

300 2312 612 2367 δυσκινητοτέραν
625 2315 711 2368 Asg.
739 2334 783 2340 —
815 2327 853 2348 τε
873 2327 927 2347 om
948 2327 976 2349 e.
1001 2334 1043 2340 ·-
1077 2318 1113 2348 ll
1139 2314 1157 2349 ἕ
1155 2328 1281 2359 χοντες
1309 2313 1442 2356 εξειςε.
1469 2335 1510 2340 -
1547 2318 1587 2349 12
1603 2328 1642 2356 γε
1667 2330 1722 2349 om

303 2357 419 2397 Genus.
446 2375 490 2381 —
524 2356 618 2391 κατὰ
636 2357 772 2397 ταύτας
793 2360 922 2392 Redin
948 2379 991 2385 -—
1026 2361 1065 2392 13
1089 2328 1229 2400 ε’ξειςιι.
1254 2379 1296 2385 -
1335 2361 1374 2393 14
1393 2359 1564 2405 δεύτερον
1589 2361 1653 2402 dis.
1677 2379 1723 2386 -—

300 2399 340 2433 δὲ
364 2399 482 2443 γένος]
506 2399 603 2441 εἶδος
627 2414 654 2435 e.
681 2422 719 2428 —
757 2404 798 2436 14
827 2411 861 2436 et
887 2405 926 2438 15
950 2400 991 2447 ἢ]
1019 2404 1079 2437 καὶ
1097 2416 1128 2436 u.
1152 2421 1196 2429 —-
1229 2403 1376 2447 λέγομεν
1398 2405 1501 2437 omd.
1526 2424 1569 2430 —
1606 2406 1647 2438 16
1666 2404 1722 2438 λε’-

298 2456 425 2486 γονται
448 2445 524 2477 Ccu.
548 2465 587 2471 -—
622 2447 663 2480 τὸ
688 2448 730 2486 Α,
749 2460 790 2490 pr
808 2449 842 2481 d.
865 2466 910 2474 —-
944 2450 983 2481 17
1003 2447 1042 2490 γε’
1060 2460 1112 2480 om
1136 2449 1252 2503 Cenuf,.
1278 2466 1322 2473 -
1363 2447 1515 2492 λέγεται]
1541 2447 1649 2482 ποιὰν
1665 2448 1722 2483 λέ-

298 2490 451 2542 ζεταιΛ,
470 2488 560 2523 ποιὰ
577 2489 784 2546 λέγονταις.
802 2510 843 2516 ——
866 2492 955 2526 τὸά.
970 2510 1013 2517 -
1040 2493 1080 2525 18
1090 2488 1201 2535 τοῦ]
1187 2505 1207 2534 η
1224 2462 1508 2546 οἷδυναμίγαντοῦ
1521 2494 1665 2547 ABcsg.
1678 2512 1723 2518 —-

297 2543 340 2573 η.
374 2531 560 2575 .ποὶσχειν]
574 2536 639 2568 τοῦ
659 2535 772 2578 μηδεν
792 2534 943 2588 πάσχειν
958 2534 1031 2570 ὑπὸ
1056 2537 1128 2571 τῶν
1147 2534 1331 2589 τυχόντων
1353 2536 1487 2582 ῥᾳδίως
1509 2534 1600 2570 ἀλλὰ
1619 2538 1722 2581 ποιῆ-

299 2575 360 2607 σαί
379 2589 413 2608 τι
434 2576 567 2621 ῥᾳδίως
597 2580 663 2613 Pat
688 2581 754 2612 238
778 2582 910 2612 omissis
930 2582 974 2614 ΞΟ
993 2581 1080 2614 τοῦ.
1116 2579 1304 2624 .φνσικὴν.
1328 2599 1373 2606 ·-
1406 2581 1445 2613 19
1461 2582 1599 2614 παθεῖν
1617 2582 1653 2614 C.
1678 2601 1722 2606 —

299 2617 379 2651 οἷον
399 2619 434 2652 οὶ
447 2622 615 2656 πυκτικοὶ
634 2623 695 2657 καὶ
716 2625 770 2666 δρ.
798 2626 864 2659 Vat
880 2625 957 2658 238.
982 2643 1026 2650 —
1063 2625 1226 2669 λέγονται
1240 2632 1317 2657 ante
1333 2626 1377 2657 ΞΟ
1402 2621 1492 2658 α’λλοι
1521 2627 1591 2679 Ag.
1605 2643 1650 2650 —
1676 2627 1720 2658 20

298 2660 389 2695 ἀλλὰ
405 2665 455 2708 τῷ
477 2665 651 2718 δύναμιν]
672 2669 722 2713 τῷ
740 2636 782 2702 δε
804 2669 848 2701 di.
874 2687 917 2694 —
949 2668 1061 2712 φύσιν
1077 2671 1112 2713 d,
1137 2681 1191 2703 om
1217 2670 1253 2702 C·
1279 2686 1322 2692 -
1350 2669 1389 2702 21
1412 2665 1591 2723 ῥᾳδίως
1568 2682 1589 2712 η
1609 2667 1722 2722 μηδεν

297 2696 450 2749 πάσχειν
467 2721 523 2752 vy.
543 2722 584 2752 pr
606 2712 645 2744 Β.
671 2731 716 2738 -
739 2711 792 2756 δε]
811 2710 880 2759 γὰρ
905 2714 947 2756 A,
971 2725 1009 2749 τε
1029 2715 1068 2747 Β.
1095 2733 1135 2739 -
1167 2714 1211 2747 23
1232 2712 1297 2759 τῷ]
1317 2711 1380 2748 διὰ
1398 2712 1440 2747 τὸ
1457 2713 1519 2747 Ad.
1543 2731 1587 2739 —
1610 2712 1720 2748 δύνα-
