1838 3086
650 185 1035 221 Hermann-utica.
1526 181 1608 221 345

96 288 248 329 19b25
277 292 317 327 et
345 289 409 327 30.
437 286 588 325 Omnes
608 285 769 324 codices
789 284 938 323 habent
965 281 1117 335 δικαίῳ
1143 294 1218 335 pro
1237 278 1458 333 ἀνθρώπῳ
1484 284 1526 320 et
1551 279 1607 321 οὐ

149 351 300 405 δικαίῳ
329 364 401 404 pro
429 349 510 390 οὐκ
526 348 758 402 ἀνθρώπῳ.
803 347 991 387 Nostram
1020 347 1232 387 lectionem
1260 346 1298 384 in
1327 345 1466 383 multis
1494 345 1606 385 libris
1673 356 1679 361 ·

148 422 304 456 exstare
341 415 576 455 Ammonius
615 414 736 453 tradit
775 412 922 456 (schol.
951 413 1168 460 1221241),
1213 410 1404 448 Boethius
1441 414 1482 448 et
1518 410 1607 460 ipse

148 481 315 520 eandem
343 479 482 518 habuit
517 484 560 518 et
586 477 844 524 Herminum,
873 475 1140 527 Porphyrium
1168 478 1211 514 et
1239 473 1505 513 Alexandrum
1535 473 1608 511 ha-

146 545 282 584 buisse
309 548 446 582 aiictor
473 548 559 582 est:
597 542 704 582 unde
741 545 909 593 apparet
946 535 1160 578 lectionem
1198 535 1418 590 ἀνθρώπῳ
1455 541 1498 576 et
1525 535 1607 577 οὐκ

147 607 366 660 ἀνθρώπῳ
395 607 658 657 antiquiorem
688 618 779 644 esse
816 609 858 643 et
885 604 924 641 in
952 609 1183 642 contextum
1211 602 1483 654 recipiendam
1511 614 1606 653 pro-

147 677 241 724 pter
268 672 397 723 ipsam
426 671 706 709 difficultatem
736 681 853 720 quam
883 665 1040 711 habeat,
1071 667 1104 705 si
1133 667 1230 705 ferri
1258 666 1400 718 possit.
1437 666 1607 704 Alexan-

147 736 211 775 dri
233 735 456 775 'auctoritas
482 734 631 773 fecisse
660 733 833 780 videtur,
861 737 906 772 ut
933 731 972 769 in
995 730 1200 770 codicibus
1223 730 1370 769 nostris
1393 742 1470 768 non
1488 742 1608 781 repe-

145 800 296 840 riatur:
323 800 390 839 hic
426 799 532 838 enim
561 799 713 851 primus
743 811 830 837 eam
858 795 1002 836 reiecit
1022 796 1138 834 etita
1165 794 1356 842 correxit,
1383 800 1431 832 ut
1449 806 1608 833 omnem

147 864 429 903 difficultatem
459 863 680 902 sustulerit.
719 862 951 900 Ammonius
981 866 1023 898 et
1053 859 1245 898 Boethius
1275 858 1440 897 alteram
1471 858 1609 896 lectio-

146 940 237 967 nem
251 929 306 967 ita
335 927 558 967 defendunt
583 933 628 966 ut
645 932 855 977 utrumque
874 925 973 964 ferri
993 937 1114 975 posse
1136 925 1325 970 dixerint,
1355 923 1460 974 quia,
1484 934 1607 972 quum

148 992 390 1031 Aristoteles
429 991 613 1043 exempla
641 990 808 1037 afferat,
840 989 937 1028 nihil
966 989 1126 1027 intersit
1153 1001 1246 1026 num
1275 987 1430 1038 legatur
1459 984 1610 1041 δικαίῳ

148 1068 196 1094 an
226 1054 464 1108 ἀνθρώπῳε
501 1068 604 1106 quae
645 1055 804 1106 quidem
844 1052 1065 1103 explicandi
1103 1052 1206 1090 ratio
1245 1051 1376 1088 minus
1406 1051 1610 1102 probanda

84 1146 91 1151 -
146 1119 303 1158 videtur
331 1125 542 1171 propterea
570 1120 675 1169 qtzod
704 1120 779 1156 iam
808 1131 865 1159 vs.
895 1119 948 1155 20
975 1116 1215 1154 mentionem
1245 1114 1345 1152 fecit
1373 1116 1610 1155 enuntiatio-

147 1183 209 1222 nis
245 1180 331 1223 ἔστι
368 1183 532 1230 δίκαιος
569 1183 826 1233 ἄνθρωπος,
867 1194 990 1232 quare
1025 1193 1082 1217 vs.
1113 1181 1164 1216 25
1193 1184 1235 1217 et
1262 1181 1315 1216 30
1351 1179 1415 1217 vix
1445 1180 1611 1229 cogitari

148 1247 286 1287 licebit
315 1249 365 1287 de
394 1250 466 1286 alia
496 1248 780 1294 enuntiatione,
811 1246 849 1283 in
880 1258 955 1296 qua
984 1245 1216 1293 ἄνθρωπος
1232 1243 1282 1281 sit
1304 1243 1342 1280 id
1365 1242 1471 1293 quod
1492 1256 1610 1294 prae-

151 1310 329 1359 dicetur,
366 1325 444 1351 non
484 1313 524 1350 id
563 1312 667 1362 quod
705 1310 874 1348 orationi
912 1311 1135 1348 subiectum
1165 1309 1228 1346 sit.
1295 1306 1421 1345 Nobis
1451 1307 1612 1357 quidem

151 1375 252 1414 haec
281 1377 356 1415 alia
385 1377 539 1415 ratione
568 1374 813 1425 explananda
842 1374 1041 1412 videntur.
1086 1373 1199 1421 Quae
1229 1371 1398 1423 legimus
1428 1372 1614 1424 exempla

149 1453 207 1481 VS.
231 1442 403 1478 15—18
431 1441 510 1479 duo
547 1439 741 1477 terminos
780 1438 980 1475 habebant
1016 1431 1150 1482 (ἔστιν
1187 1441 1230 1474 et
1257 1435 1536 1485 ι>ἰ”νθρωποσ,.;)Ἴ
1571 1436 1613 1475 ἰη

148 1505 196 1543 iis
221 1517 322 1555 quae
343 1517 447 1543 nunc
470 1510 747 1554 proponuntur
765 1497 850 1541 ἔστι
872 1501 1036 1539 tertium
1066 1506 1129 1539 est
1158 1501 1264 1551 quod
1294 1501 1491 1539 adiicitur.
1529 1499 1611 1539 Iam

147 1568 223 1607 hos
252 1573 335 1606 tres
363 1567 559 1606 terminos
575 1567 843 1617 (ἅνθρωπος,
871 1563 1035 1611 δίκαιος
1069 1568 1111 1603 et
1139 1560 1245 1609 ἔστι)
1277 1576 1354 1602 non
1382 1564 1441 1602 sic
1469 1564 1612 1604 distin-

148 1634 209 1672 xit
236 1632 478 1672 Aristoteles
518 1636 562 1670 nt
596 1645 668 1670 nos
698 1633 898 1670 solemus:
935 1643 1013 1669 non
1041 1629 1143 1668 dixit
1171 1642 1292 1667 unum
1323 1629 1491 1666 orationi
1518 1629 1612 1667 sub-

149 1697 300 1734 iectum
329 1707 433 1740 esse,
463 1694 631 1731 alterum
662 1694 901 1744 praedicari,
929 1694 1092 1731 tertium
1122 1693 1309 1743 copulare
1340 1693 1506 1742 priores,
1531 1693 1613 1731 imo

149 1758 201 1797 de
229 1758 306 1796 hoc
336 1757 566 1795 discrimine
586 1763 722 1795 nostro
752 1757 839 1794 loco
869 1768 960 1794 eum
990 1767 1040 1792 ne
1070 1756 1307 1805 cogitavisse
1336 1757 1496 1805 quidem
1525 1757 1614 1807 ipsa

149 1823 362 1860 verborum
394 1820 604 1858 collocatio
633 1820 754 1858 docet
783 1815 868 1858 ἔστι
897 1817 1062 1865 δίκαιος
1090 1819 1348 1869 ἄνθρωπος,
1388 1832 1512 1870 quum
1550 1819 1612 1858 di-

150 1885 319 1925 cendum
343 1885 489 1924 suisset
516 1885 748 1935 ἄνθρωπος
777 1882 940 1930 δίκαιός
969 1880 1055 1922 ἐστι
1083 1884 1146 1922 vel
1175 1881 1409 1932 ἄνθρωπός
1438 1878 1525 1921 ἐστι
1553 1881 1614 1923 δί-

150 1962 292 1998 καιος,
333 1949 367 1987 si
405 1949 620 1987 discrimen
660 1948 767 1998 quod
808 1955 870 1986 est
905 1948 1010 1986 inter
1043 1948 1234 1986 terminos
1262 1948 1546 1986 enuntiationis
1573 1949 1614 1988 in

149 2019 283 2053 mente
304 2013 534 2051 habuisset:
563 2018 729 2063 apparet
758 2013 878 2064 igitur
898 2010 986 2051 ἔστι
1010 2012 1058 2049 ab
1074 2011 1288 2051 Aristotele
1306 2012 1384 2049 hoc
1406 2011 1496 2049 loco
1516 2012 1611 2063 poni

149 2091 226 2118 non
256 2082 297 2115 ut
325 2077 523 2128 copulam,
548 2078 618 2114 sed
643 2082 685 2114 ut
713 2078 875 2114 tertiam
904 2077 1098 2127 quandam
1130 2089 1300 2126 eamque
1330 2088 1462 2114 veram
1488 2089 1612 2116 enun-

149 2142 324 2180 tiationis
341 2146 508 2191 partem.
555 2141 671 2189 Quod
696 2140 730 2178 si
748 2142 953 2186 concedis,
982 2141 1120 2179 eadem
1148 2141 1263 2190 plane
1282 2140 1361 2177 erit
1377 2140 1476 2177 ratio
1495 2141 1608 2179 verbi

151 2203 238 2245 ἔστι
267 2205 306 2242 in
335 2204 384 2241 iis
416 2204 610 2254 exemplis
638 2217 739 2255 quae
767 2205 976 2243 habuimus
1005 2217 1062 2242 vs.
1084 2201 1412 2249 15—18OE6uv
1434 2204 1611 2254 ἄνθρω-

151 2272 251 2315 πος)
293 2273 412 2317 atque
449 2268 487 2305 in
524 2268 572 2305 iis
612 2281 714 2317 quae
749 2268 826 2305 iam
857 2269 1044 2319 proponit
1070 2264 1116 2307 ἐκ
1143 2267 1288 2319 τρίτου
1318 2275 1611 2320 προσκατηγο-

151 2330 370 2385 ρουμένου
410 2328 517 2374 (ἔστι
555 2329 719 2378 δίκαιος
745 2332 1023 2381 &altior-onom:
1052 2345 1141 2370 nam
1171 2339 1351 2370 naturam
1381 2334 1491 2371 verbi
1519 2346 1611 2373 esse

150 2399 190 2436 in
220 2396 494 2444 coniungendo
532 2397 702 2446 positam
742 2401 784 2435 et
812 2397 1033 2447 copulando
1062 2397 1315 2434 Aristotelem
1346 2410 1485 2447 parum
1515 2410 1608 2448 per-

150 2462 330 2514 spexisse
358 2464 497 2510 aperte
526 2459 671 2498 docent
700 2474 799 2511 quae
831 2461 998 2511 legimus
1028 2462 1177 2497 212125
1192 2472 1277 2509 sqq.
1295 2481 1349 2487 -
1371 2473 1609 2511 quamquam

151 2527 239 2565 aliis
278 2524 375 2562 locis
415 2527 468 2568 (v.
509 2537 610 2574 quae
645 2525 816 2563 diximus
851 2525 900 2563 ad
941 2526 1084 2562 16a12
1111 2529 1152 2562 et
1185 2524 1291 2567 b22)
1333 2524 1481 2575 optime
1517 2538 1607 2565 eam

152 2589 349 2639 cognitam
387 2587 576 2626 habuisse
614 2589 845 2627 videbatur:
884 2601 1007 2639 qnare
1043 2589 1163 2626 etiam
1197 2587 1355 2635 19b19,
1384 2589 1534 2627 25b22
1559 2587 1609 2629 τὸ

154 2651 268 2693 ἔστιν
305 2658 416 2691 recte
449 2653 547 2690 dicit
574 2665 650 2691 non
678 2654 1025 2705 κατηγορεῖσθαι,
1053 2652 1124 2690 sed
1151 2654 1608 2703 προσκατηγορεῖσθαι,

154 2729 191 2755 v.
220 2729 363 2756 comm.
394 2716 443 2754 ad
472 2717 626 2755 24b17
654 2739 705 2747 —
743 2718 848 2756 unde
884 2717 932 2755 fit
968 2721 1014 2754 ut
1052 2716 1157 2767 quod
1196 2716 1306 2755 dicat
1339 2715 1388 2757 τὸ
1424 2715 1510 2758 ἔστι
1537 2715 1610 2758 καὶ

156 2778 206 2820 τὸ
236 2778 317 2820 οὐκ
345 2777 432 2820 ἔστι
459 2781 587 2832 (quod
617 2793 673 2821 vs.
692 2782 744 2820 25
764 2782 860 2821 dicit
886 2777 959 2822 καὶ
984 2778 1013 2833 ἦ
1039 2778 1276 2833 ἀπόφασις)
1303 2781 1362 2837 τῷ
1389 2780 1610 2836 ἀνθρώπῳ
