<?xml version="1.0" encoding="UTF-8"?>
<!DOCTYPE html PUBLIC "-//W3C//DTD XHTML 1.0 Transitional//EN"
    "http://www.w3.org/TR/xhtml1/DTD/xhtml1-transitional.dtd">
<html xmlns="http://www.w3.org/1999/xhtml" xml:lang="en" lang="en">
 <head>
  <title>
</title>
<meta http-equiv="Content-Type" content="text/html;charset=utf-8" />
  <meta name='ocr-system' content='tesseract 3.04.00' />
  <meta name='ocr-capabilities' content='ocr_page ocr_carea ocr_par ocr_line ocrx_word'/>
</head>
<body>
  <div class='ocr_page' id='page_1' title='image "aristotelisorgan01arisuoft_0090.png"; bbox 0 0 1760 3112; ppageno 0'>
   <div class='ocr_carea' id='block_1_1' title="bbox 262 221 1310 273">
    <p class='ocr_par' dir='ltr' id='par_1_1' title="bbox 262 221 1310 273">
     <span class='ocr_line' id='line_1_1' title="bbox 262 221 1310 273; baseline 0.001 -17"><span class='ocrx_word' id='word_1_1' title='bbox 262 221 315 259; x_wconf 81' lang='lat'><strong><em>56</em></strong></span> <span class='ocrx_word' id='word_1_2' title='bbox 640 222 829 257; x_wconf 77' lang='lat' dir='ltr'><strong>Scholia</strong></span> <span class='ocrx_word' id='word_1_3' title='bbox 853 222 895 256; x_wconf 87' lang='lat' dir='ltr'><strong><em>in</em></strong></span> <span class='ocrx_word' id='word_1_4' title='bbox 928 222 1111 268; x_wconf 77' lang='lat' dir='ltr'><strong>Analyt.</strong></span> <span class='ocrx_word' id='word_1_5' title='bbox 1148 226 1310 273; x_wconf 77' lang='lat' dir='ltr'><strong>poster.</strong></span> 
     </span>
    </p>
   </div>
   <div class='ocr_carea' id='block_1_2' title="bbox 171 314 1687 1301">
    <p class='ocr_par' dir='ltr' id='par_1_2' title="bbox 171 314 1687 1301">
     <span class='ocr_line' id='line_1_2' title="bbox 265 314 1682 366; baseline 0.004 -17"><span class='ocrx_word' id='word_1_6' title='bbox 265 326 305 351; x_wconf 87' lang='grc' dir='ltr'><strong><em>τε</em></strong></span> <span class='ocrx_word' id='word_1_7' title='bbox 319 314 414 350; x_wconf 74' lang='grc' dir='ltr'><strong><em>κατὰ</em></strong></span> <span class='ocrx_word' id='word_1_8' title='bbox 429 315 567 357; x_wconf 80' lang='grc' dir='ltr'><strong><em>παντὸς</em></strong></span> <span class='ocrx_word' id='word_1_9' title='bbox 581 317 648 352; x_wconf 87' lang='grc' dir='ltr'><strong><em>τοῦ</em></strong></span> <span class='ocrx_word' id='word_1_10' title='bbox 663 317 815 363; x_wconf 84' lang='grc' dir='ltr'><strong><em>όριστοῦ</em></strong></span> <span class='ocrx_word' id='word_1_11' title='bbox 837 317 900 353; x_wconf 79' lang='grc' dir='ltr'><strong><em>καὶ</em></strong></span> <span class='ocrx_word' id='word_1_12' title='bbox 922 317 963 354; x_wconf 84' lang='grc' dir='ltr'><strong><em>τὸ</em></strong></span> <span class='ocrx_word' id='word_1_13' title='bbox 979 317 1146 354; x_wconf 76' lang='grc' dir='ltr'><strong><em>καθόλου</em></strong></span> <span class='ocrx_word' id='word_1_14' title='bbox 1166 319 1463 365; x_wconf 71' lang='grc' dir='ltr'><strong><em>κατηγορεῖσθαι·</em></strong></span> <span class='ocrx_word' id='word_1_15' title='bbox 1485 319 1596 355; x_wconf 87' lang='grc' dir='ltr'><strong><em>τοῦτο</em></strong></span> <span class='ocrx_word' id='word_1_16' title='bbox 1612 318 1682 366; x_wconf 78' lang='grc' dir='ltr'><strong><em>γὰρ</em></strong></span> 
     </span>
     <span class='ocr_line' id='line_1_3' title="bbox 266 370 1132 420; baseline 0.003 -15"><span class='ocrx_word' id='word_1_17' title='bbox 266 370 330 406; x_wconf 83' lang='grc' dir='ltr'><strong><em>καὶ</em></strong></span> <span class='ocrx_word' id='word_1_18' title='bbox 351 370 417 406; x_wconf 86' lang='grc' dir='ltr'><strong><em>τὸν</em></strong></span> <span class='ocrx_word' id='word_1_19' title='bbox 440 371 646 416; x_wconf 78' lang='grc' dir='ltr'><strong><em>φιλόσοφον</em></strong></span> <span class='ocrx_word' id='word_1_20' title='bbox 667 371 960 409; x_wconf 81' lang='grc' dir='ltr'><strong><em>ύπαινίττεσθαι.</em></strong></span> <span class='ocrx_word' id='word_1_21' title='bbox 1007 375 1132 420; x_wconf 70' lang='lat' dir='ltr'>Brodr.</span> 
     </span>
     <span class='ocr_line' id='line_1_4' title="bbox 175 426 1683 478; baseline 0.004 -17"><span class='ocrx_word' id='word_1_22' title='bbox 175 427 212 461; x_wconf 89' lang='lat' dir='ltr'><strong><em>9l</em></strong></span> <span class='ocrx_word' id='word_1_23' title='bbox 233 438 252 459; x_wconf 86' lang='lat' dir='ltr'>a</span> <span class='ocrx_word' id='word_1_24' title='bbox 356 426 601 470; x_wconf 81' lang='grc' dir='ltr'><strong><em>,,διπλώσας”,</em></strong></span> <span class='ocrx_word' id='word_1_25' title='bbox 631 426 795 463; x_wconf 79' lang='grc' dir='ltr'><em>τουτέστι</em></span> <span class='ocrx_word' id='word_1_26' title='bbox 827 427 895 464; x_wconf 91' lang='grc' dir='ltr'><strong><em>δυό</em></strong></span> <span class='ocrx_word' id='word_1_27' title='bbox 926 426 1035 475; x_wconf 75' lang='grc' dir='ltr'><strong><em>ὅρους</em></strong></span> <span class='ocrx_word' id='word_1_28' title='bbox 1059 429 1194 475; x_wconf 76' lang='grc' dir='ltr'><strong><em>ἐφεξῆς</em></strong></span> <span class='ocrx_word' id='word_1_29' title='bbox 1214 429 1336 477; x_wconf 77' lang='grc' dir='ltr'><strong><em>λαβών</em></strong></span> <span class='ocrx_word' id='word_1_30' title='bbox 1358 429 1396 467; x_wconf 77' lang='grc' dir='ltr'><strong><em>ἔν</em></strong></span> <span class='ocrx_word' id='word_1_31' title='bbox 1417 443 1457 467; x_wconf 82' lang='grc' dir='ltr'><strong><em>τε</em></strong></span> <span class='ocrx_word' id='word_1_32' title='bbox 1479 431 1526 478; x_wconf 82' lang='grc' dir='ltr'><strong><em>τῇ</em></strong></span> <span class='ocrx_word' id='word_1_33' title='bbox 1546 431 1683 476; x_wconf 79' lang='grc' dir='ltr'><strong><em>μείζονι</em></strong></span> 
     </span>
     <span class='ocr_line' id='line_1_5' title="bbox 207 472 1542 530; baseline 0.003 -14"><span class='ocrx_word' id='word_1_34' title='bbox 207 472 329 516; x_wconf 71' lang='grc' dir='ltr'><strong><em>21καὶ</em></strong></span> <span class='ocrx_word' id='word_1_35' title='bbox 353 481 517 518; x_wconf 74' lang='grc' dir='ltr'><strong><em>ἐλάττονι</em></strong></span> <span class='ocrx_word' id='word_1_36' title='bbox 539 482 725 528; x_wconf 77' lang='grc' dir='ltr'><strong><em>προτάσει.</em></strong></span> <span class='ocrx_word' id='word_1_37' title='bbox 770 484 888 530; x_wconf 79' lang='lat' dir='ltr'><strong>Marg.</strong></span> <span class='ocrx_word' id='word_1_38' title='bbox 911 484 1012 519; x_wconf 80' lang='grc'>1917.</span> <span class='ocrx_word' id='word_1_39' title='bbox 1539 485 1542 487; x_wconf 61' lang='grc'><strong>’</strong></span> 
     </span>
     <span class='ocr_line' id='line_1_6' title="bbox 174 534 1525 585; baseline 0.002 -13"><span class='ocrx_word' id='word_1_40' title='bbox 174 539 214 572; x_wconf 89' lang='grc'><strong><em>91</em></strong></span> <span class='ocrx_word' id='word_1_41' title='bbox 235 538 308 570; x_wconf 69' lang='grc'><strong><em>823</em></strong></span> <span class='ocrx_word' id='word_1_42' title='bbox 352 536 402 582; x_wconf 86' lang='grc' dir='ltr'><strong><em>μὴ</em></strong></span> <span class='ocrx_word' id='word_1_43' title='bbox 426 537 520 573; x_wconf 74' lang='grc' dir='ltr'><strong><em>κατὰ</em></strong></span> <span class='ocrx_word' id='word_1_44' title='bbox 542 537 692 573; x_wconf 89' lang='grc' dir='ltr'><strong><em>πάντων</em></strong></span> <span class='ocrx_word' id='word_1_45' title='bbox 715 534 811 573; x_wconf 77' lang='grc' dir='ltr'><strong><em>ὅσων</em></strong></span> <span class='ocrx_word' id='word_1_46' title='bbox 833 539 991 585; x_wconf 87' lang='grc' dir='ltr'><strong><em>λέγεται,</em></strong></span> <span class='ocrx_word' id='word_1_47' title='bbox 1017 538 1187 585; x_wconf 86' lang='grc' dir='ltr'><strong><em>δηλονότι</em></strong></span> <span class='ocrx_word' id='word_1_48' title='bbox 1213 541 1284 576; x_wconf 76' lang='grc' dir='ltr'><strong><em>τοῦ</em></strong></span> <span class='ocrx_word' id='word_1_49' title='bbox 1307 543 1348 575; x_wconf 86' lang='grc' dir='ltr'><strong><em>Γ.</em></strong></span> <span class='ocrx_word' id='word_1_50' title='bbox 1391 541 1525 575; x_wconf 84' lang='lat' dir='ltr'><strong>Prodr.</strong></span> 
     </span>
     <span class='ocr_line' id='line_1_7' title="bbox 173 589 1684 643; baseline 0.004 -17"><span class='ocrx_word' id='word_1_51' title='bbox 173 593 213 627; x_wconf 87' lang='lat'><strong><em>91</em></strong></span> <span class='ocrx_word' id='word_1_52' title='bbox 232 605 251 626; x_wconf 84' lang='lat' dir='ltr'>a</span> <span class='ocrx_word' id='word_1_53' title='bbox 356 594 478 628; x_wconf 88' lang='grc' dir='ltr'><strong><em>καίτοι</em></strong></span> <span class='ocrx_word' id='word_1_54' title='bbox 501 589 718 638; x_wconf 73' lang='grc' dir='ltr'><strong><em>ἀπορήσειεν</em></strong></span> <span class='ocrx_word' id='word_1_55' title='bbox 742 590 788 629; x_wconf 78' lang='grc' dir='ltr'><strong><em>ἄν</em></strong></span> <span class='ocrx_word' id='word_1_56' title='bbox 816 607 871 635; x_wconf 87' lang='grc' dir='ltr'><strong><em>τις</em></strong></span> <span class='ocrx_word' id='word_1_57' title='bbox 902 594 965 630; x_wconf 77' lang='grc' dir='ltr'><strong><em>διὰ</em></strong></span> <span class='ocrx_word' id='word_1_58' title='bbox 997 596 1034 630; x_wconf 88' lang='grc' dir='ltr'><strong><em>τί</em></strong></span> <span class='ocrx_word' id='word_1_59' title='bbox 1053 597 1118 640; x_wconf 86' lang='grc' dir='ltr'><strong><em>τῆς</em></strong></span> <span class='ocrx_word' id='word_1_60' title='bbox 1139 597 1303 640; x_wconf 78' lang='grc' dir='ltr'><strong><em>μείζονος</em></strong></span> <span class='ocrx_word' id='word_1_61' title='bbox 1324 595 1536 642; x_wconf 72' lang='grc' dir='ltr'><strong><em>προτάσεως</em></strong></span> <span class='ocrx_word' id='word_1_62' title='bbox 1557 595 1684 643; x_wconf 85' lang='grc' dir='ltr'><strong><em>ὁρικῆς</em></strong></span> 
     </span>
     <span class='ocr_line' id='line_1_8' title="bbox 205 637 1682 698; baseline 0.004 -17"><span class='ocrx_word' id='word_1_63' title='bbox 205 637 250 671; x_wconf 71' lang='lat'><strong><em>24</em></strong></span> <span class='ocrx_word' id='word_1_64' title='bbox 266 644 393 692; x_wconf 75' lang='grc' dir='ltr'><strong><em>οὔσης,</em></strong></span> <span class='ocrx_word' id='word_1_65' title='bbox 421 649 486 692; x_wconf 79' lang='grc' dir='ltr'><strong><em>τῆς</em></strong></span> <span class='ocrx_word' id='word_1_66' title='bbox 509 647 548 683; x_wconf 80' lang='grc' dir='ltr'><strong><em>δὲ</em></strong></span> <span class='ocrx_word' id='word_1_67' title='bbox 572 648 763 690; x_wconf 82' lang='grc' dir='ltr'><strong><em>ἐλάττονος</em></strong></span> <span class='ocrx_word' id='word_1_68' title='bbox 784 649 834 694; x_wconf 86' lang='grc' dir='ltr'><strong><em>μὴ</em></strong></span> <span class='ocrx_word' id='word_1_69' title='bbox 859 650 1053 696; x_wconf 78' lang='grc' dir='ltr'><strong><em>τοιαύτης,</em></strong></span> <span class='ocrx_word' id='word_1_70' title='bbox 1079 650 1123 687; x_wconf 80' lang='grc' dir='ltr'><strong><em>οῦ</em></strong></span> <span class='ocrx_word' id='word_1_71' title='bbox 1148 653 1193 698; x_wconf 88' lang='grc' dir='ltr'><strong><em>τῇ</em></strong></span> <span class='ocrx_word' id='word_1_72' title='bbox 1215 653 1353 696; x_wconf 76' lang='grc' dir='ltr'><strong><em>μείζονι</em></strong></span> <span class='ocrx_word' id='word_1_73' title='bbox 1375 653 1448 687; x_wconf 76' lang='grc' dir='ltr'><strong><em>τῶν</em></strong></span> <span class='ocrx_word' id='word_1_74' title='bbox 1470 650 1682 697; x_wconf 75' lang='grc' dir='ltr'><strong><em>προτάσεων</em></strong></span> 
     </span>
     <span class='ocr_line' id='line_1_9' title="bbox 264 702 1684 754; baseline 0.005 -18"><span class='ocrx_word' id='word_1_75' title='bbox 264 703 310 748; x_wconf 86' lang='grc' dir='ltr'><strong><em>τῇ</em></strong></span> <span class='ocrx_word' id='word_1_76' title='bbox 341 702 447 749; x_wconf 86' lang='grc' dir='ltr'><strong><em>ὁρικῇ</em></strong></span> <span class='ocrx_word' id='word_1_77' title='bbox 477 702 724 749; x_wconf 73' lang='grc' dir='ltr'><strong><em>ἀκολουθήσει</em></strong></span> <span class='ocrx_word' id='word_1_78' title='bbox 752 704 794 740; x_wconf 89' lang='grc' dir='ltr'><strong><em>τὸ</em></strong></span> <span class='ocrx_word' id='word_1_79' title='bbox 835 706 1128 752; x_wconf 89' lang='grc' dir='ltr'><strong><em>συμπέρασμα...</em></strong></span> <span class='ocrx_word' id='word_1_80' title='bbox 1159 708 1206 753; x_wconf 86' lang='grc' dir='ltr'><strong><em>τῇ</em></strong></span> <span class='ocrx_word' id='word_1_81' title='bbox 1243 707 1379 753; x_wconf 77' lang='grc' dir='ltr'><strong><em>χείρονι</em></strong></span> <span class='ocrx_word' id='word_1_82' title='bbox 1411 709 1546 752; x_wconf 75' lang='grc' dir='ltr'><strong><em>μᾶλλον</em></strong></span> <span class='ocrx_word' id='word_1_83' title='bbox 1578 704 1603 752; x_wconf 83' lang='grc' dir='ltr'><strong><em>ἢ</em></strong></span> <span class='ocrx_word' id='word_1_84' title='bbox 1635 708 1684 754; x_wconf 80' lang='grc' dir='ltr'><strong><em>τῇ</em></strong></span> 
     </span>
     <span class='ocr_line' id='line_1_10' title="bbox 265 757 1478 807; baseline 0.003 -16"><span class='ocrx_word' id='word_1_85' title='bbox 265 758 445 802; x_wconf 81' lang='grc' dir='ltr'><strong><em>κρείττονι</em></strong></span> <span class='ocrx_word' id='word_1_86' title='bbox 468 757 625 795; x_wconf 75' lang='grc' dir='ltr'><strong><em>ἕπεσθαι</em></strong></span> <span class='ocrx_word' id='word_1_87' title='bbox 646 759 688 795; x_wconf 83' lang='grc' dir='ltr'><strong><em>τὸ</em></strong></span> <span class='ocrx_word' id='word_1_88' title='bbox 715 759 952 807; x_wconf 83' lang='grc' dir='ltr'><strong><em>συμπέρασμα</em></strong></span> <span class='ocrx_word' id='word_1_89' title='bbox 974 762 1043 796; x_wconf 83' lang='grc' dir='ltr'><strong><em>δεῖ.</em></strong></span> <span class='ocrx_word' id='word_1_90' title='bbox 1088 762 1140 795; x_wconf 76' lang='lat' dir='ltr'><strong><em>ld.</em></strong></span> <span class='ocrx_word' id='word_1_91' title='bbox 1215 805 1218 807; x_wconf 17' lang='grc' dir='ltr'><strong>Α</strong></span> <span class='ocrx_word' id='word_1_92' title='bbox 1473 797 1478 802; x_wconf 67' lang='grc'><strong><em>,</em></strong></span> 
     </span>
     <span class='ocr_line' id='line_1_11' title="bbox 173 812 1684 863; baseline 0.003 -18"><span class='ocrx_word' id='word_1_93' title='bbox 173 814 213 846; x_wconf 88' lang='grc'><strong><em>91</em></strong></span> <span class='ocrx_word' id='word_1_94' title='bbox 231 824 250 845; x_wconf 83' lang='lat' dir='ltr'><strong>a</strong></span> <span class='ocrx_word' id='word_1_95' title='bbox 356 812 539 858; x_wconf 76' lang='grc' dir='ltr'><strong><em>ἐνδέχεται</em></strong></span> <span class='ocrx_word' id='word_1_96' title='bbox 560 815 611 859; x_wconf 87' lang='grc' dir='ltr'><strong><em>δέ,</em></strong></span> <span class='ocrx_word' id='word_1_97' title='bbox 637 817 759 860; x_wconf 88' lang='grc' dir='ltr'><strong><em>φησίν,</em></strong></span> <span class='ocrx_word' id='word_1_98' title='bbox 782 815 821 851; x_wconf 77' lang='grc' dir='ltr'><strong><em>ἐν</em></strong></span> <span class='ocrx_word' id='word_1_99' title='bbox 842 820 923 857; x_wconf 81' lang='grc' dir='ltr'><strong><em>ταῖς</em></strong></span> <span class='ocrx_word' id='word_1_100' title='bbox 932 816 1029 852; x_wconf 78' lang='grc' dir='ltr'><strong><em>-δυσὶ</em></strong></span> <span class='ocrx_word' id='word_1_101' title='bbox 1051 816 1271 863; x_wconf 83' lang='grc' dir='ltr'><strong><em>προτάσεσιν</em></strong></span> <span class='ocrx_word' id='word_1_102' title='bbox 1288 814 1338 857; x_wconf 73' lang='grc' dir='ltr'><strong><em>οἱς</em></strong></span> <span class='ocrx_word' id='word_1_103' title='bbox 1354 816 1393 852; x_wconf 78' lang='grc' dir='ltr'><strong><em>ἐν</em></strong></span> <span class='ocrx_word' id='word_1_104' title='bbox 1410 813 1434 851; x_wconf 78' lang='grc' dir='ltr'><em>ἃ</em></span> <span class='ocrx_word' id='word_1_105' title='bbox 1458 814 1609 857; x_wconf 68' lang='grc' dir='ltr'><strong><em>ταῦτ-οῖς</em></strong></span> <span class='ocrx_word' id='word_1_106' title='bbox 1627 816 1684 862; x_wconf 70' lang='lat'><strong><em>(2)</em></strong></span> 
     </span>
     <span class='ocr_line' id='line_1_12' title="bbox 206 858 1686 917; baseline 0.004 -15"><span class='ocrx_word' id='word_1_107' title='bbox 206 858 249 891; x_wconf 79' lang='lat'><strong><em>33</em></strong></span> <span class='ocrx_word' id='word_1_108' title='bbox 265 867 328 902; x_wconf 76' lang='grc' dir='ltr'><strong><em>καὶ</em></strong></span> <span class='ocrx_word' id='word_1_109' title='bbox 354 867 393 903; x_wconf 76' lang='grc' dir='ltr'><strong><em>ἐν</em></strong></span> <span class='ocrx_word' id='word_1_110' title='bbox 417 866 517 915; x_wconf 79' lang='grc' dir='ltr'><strong><em>ὅροις</em></strong></span> <span class='ocrx_word' id='word_1_111' title='bbox 535 867 844 917; x_wconf 83' lang='grc' dir='ltr'><strong><em>άρχοειδεστέροις</em></strong></span> <span class='ocrx_word' id='word_1_112' title='bbox 859 875 1007 908; x_wconf 82' lang='grc' dir='ltr'><strong><em>σκοπεῖν</em></strong></span> <span class='ocrx_word' id='word_1_113' title='bbox 1023 871 1065 907; x_wconf 82' lang='grc' dir='ltr'><strong><em>τὸ</em></strong></span> <span class='ocrx_word' id='word_1_114' title='bbox 1084 872 1286 916; x_wconf 86' lang='grc' dir='ltr'><strong><em>λεγόμενον,</em></strong></span> <span class='ocrx_word' id='word_1_115' title='bbox 1311 871 1399 914; x_wconf 79' lang='grc' dir='ltr'><strong><em>λέγω</em></strong></span> <span class='ocrx_word' id='word_1_116' title='bbox 1417 872 1463 916; x_wconf 86' lang='grc' dir='ltr'><strong><em>δὴ</em></strong></span> <span class='ocrx_word' id='word_1_117' title='bbox 1489 870 1531 907; x_wconf 82' lang='grc' dir='ltr'><strong><em>τὸ</em></strong></span> <span class='ocrx_word' id='word_1_118' title='bbox 1556 873 1591 907; x_wconf 86' lang='grc' dir='ltr'><strong><em>εἰ</em></strong></span> <span class='ocrx_word' id='word_1_119' title='bbox 1610 872 1686 908; x_wconf 80' lang='grc' dir='ltr'><strong><em>ἔστι</em></strong></span> 
     </span>
     <span class='ocr_line' id='line_1_13' title="bbox 265 922 1686 973; baseline 0.004 -16"><span class='ocrx_word' id='word_1_120' title='bbox 265 926 504 970; x_wconf 69' lang='grc' dir='ltr'><strong><em>συμπεράναι,</em></strong></span> <span class='ocrx_word' id='word_1_121' title='bbox 533 924 591 960; x_wconf 76' lang='grc' dir='ltr'><strong><em>ὅτι</em></strong></span> <span class='ocrx_word' id='word_1_122' title='bbox 613 925 655 962; x_wconf 80' lang='grc' dir='ltr'><strong><em>τὸ</em></strong></span> <span class='ocrx_word' id='word_1_123' title='bbox 682 932 710 961; x_wconf 89' lang='grc' dir='ltr'><em>Α</em></span> <span class='ocrx_word' id='word_1_124' title='bbox 734 926 883 972; x_wconf 87' lang='grc' dir='ltr'><strong><em>ὁρισμός</em></strong></span> <span class='ocrx_word' id='word_1_125' title='bbox 913 928 987 962; x_wconf 78' lang='grc' dir='ltr'><strong><em>ἐστι</em></strong></span> <span class='ocrx_word' id='word_1_126' title='bbox 1009 929 1077 962; x_wconf 85' lang='grc' dir='ltr'><strong><em>τοῦ</em></strong></span> <span class='ocrx_word' id='word_1_127' title='bbox 1101 930 1142 962; x_wconf 90' lang='grc' dir='ltr'><strong><em>Γ.</em></strong></span> <span class='ocrx_word' id='word_1_128' title='bbox 1190 925 1210 961; x_wconf 86' lang='grc' dir='ltr'><strong><em>ὁ</em></strong></span> <span class='ocrx_word' id='word_1_129' title='bbox 1241 925 1282 961; x_wconf 74' lang='grc' dir='ltr'><strong><em>δὲ</em></strong></span> <span class='ocrx_word' id='word_1_130' title='bbox 1310 922 1539 973; x_wconf 73' lang='grc' dir='ltr'><strong><em>Ἀλέξανδρός</em></strong></span> <span class='ocrx_word' id='word_1_131' title='bbox 1573 938 1686 972; x_wconf 85' lang='grc' dir='ltr'><strong><em>φησιν</em></strong></span> 
     </span>
     <span class='ocr_line' id='line_1_14' title="bbox 263 976 1687 1027; baseline 0.004 -14"><span class='ocrx_word' id='word_1_132' title='bbox 263 976 323 1013; x_wconf 74' lang='grc' dir='ltr'><strong><em>ὅτι</em></strong></span> <span class='ocrx_word' id='word_1_133' title='bbox 345 978 411 1024; x_wconf 82' lang='grc' dir='ltr'><strong><em>χρὴ</em></strong></span> <span class='ocrx_word' id='word_1_134' title='bbox 437 979 506 1015; x_wconf 74' lang='grc' dir='ltr'><strong><em>δύο</em></strong></span> <span class='ocrx_word' id='word_1_135' title='bbox 529 981 723 1026; x_wconf 78' lang='grc' dir='ltr'><strong><em>προτάσεις</em></strong></span> <span class='ocrx_word' id='word_1_136' title='bbox 744 981 998 1026; x_wconf 80' lang='grc' dir='ltr'><strong><em>προθεμένους</em></strong></span> <span class='ocrx_word' id='word_1_137' title='bbox 1020 981 1179 1026; x_wconf 86' lang='grc' dir='ltr'><strong><em>άμέσους</em></strong></span> <span class='ocrx_word' id='word_1_138' title='bbox 1210 979 1270 1016; x_wconf 77' lang='grc' dir='ltr'><strong><em>ἐπὶ</em></strong></span> <span class='ocrx_word' id='word_1_139' title='bbox 1291 980 1515 1027; x_wconf 79' lang='grc' dir='ltr'><strong><em>πραγμάτων</em></strong></span> <span class='ocrx_word' id='word_1_140' title='bbox 1538 985 1687 1019; x_wconf 75' lang='grc' dir='ltr'><strong><em>σκοπεῖν</em></strong></span> 
     </span>
     <span class='ocr_line' id='line_1_15' title="bbox 263 1031 1684 1085; baseline 0.004 -19"><span class='ocrx_word' id='word_1_141' title='bbox 263 1031 306 1067; x_wconf 83' lang='grc' dir='ltr'><strong><em>τὸ</em></strong></span> <span class='ocrx_word' id='word_1_142' title='bbox 331 1034 524 1077; x_wconf 86' lang='grc' dir='ltr'><strong><em>λεγόμενον</em></strong></span> <span class='ocrx_word' id='word_1_143' title='bbox 538 1047 546 1056; x_wconf 90' lang='grc'><em>·</em></span> <span class='ocrx_word' id='word_1_144' title='bbox 580 1035 665 1071; x_wconf 86' lang='grc' dir='ltr'><strong><em>τότε</em></strong></span> <span class='ocrx_word' id='word_1_145' title='bbox 687 1035 757 1082; x_wconf 82' lang='grc' dir='ltr'><strong><em>γὰρ</em></strong></span> <span class='ocrx_word' id='word_1_146' title='bbox 781 1036 1037 1082; x_wconf 81' lang='grc' dir='ltr'><strong><em>φανερώτερον</em></strong></span> <span class='ocrx_word' id='word_1_147' title='bbox 1060 1035 1120 1072; x_wconf 81' lang='grc' dir='ltr'><strong><em>ἐπὶ</em></strong></span> <span class='ocrx_word' id='word_1_148' title='bbox 1143 1035 1231 1079; x_wconf 69' lang='grc' dir='ltr'><strong><em>ὕλης</em></strong></span> <span class='ocrx_word' id='word_1_149' title='bbox 1254 1036 1519 1081; x_wconf 80' lang='grc' dir='ltr'><strong><em>ἐξεταζόμενον.</em></strong></span> <span class='ocrx_word' id='word_1_150' title='bbox 1565 1039 1684 1085; x_wconf 79' lang='lat' dir='ltr'><strong>Marg-</strong></span> 
     </span>
     <span class='ocr_line' id='line_1_16' title="bbox 172 1086 1614 1138; baseline 0.007 -19"><span class='ocrx_word' id='word_1_151' title='bbox 172 1086 212 1119; x_wconf 90' lang='grc'><strong><em>91</em></strong></span> <span class='ocrx_word' id='word_1_152' title='bbox 227 1086 249 1119; x_wconf 91' lang='lat' dir='ltr'>b</span> <span class='ocrx_word' id='word_1_153' title='bbox 267 1089 287 1121; x_wconf 82' lang='lat'><strong>3</strong></span> <span class='ocrx_word' id='word_1_154' title='bbox 355 1089 615 1132; x_wconf 80' lang='grc' dir='ltr'><strong><em>κατασκευάζει</em></strong></span> <span class='ocrx_word' id='word_1_155' title='bbox 637 1090 679 1126; x_wconf 84' lang='grc' dir='ltr'><strong><em>τὸ</em></strong></span> <span class='ocrx_word' id='word_1_156' title='bbox 705 1091 896 1138; x_wconf 85' lang='grc' dir='ltr'><strong><em>εἰρημένον</em></strong></span> <span class='ocrx_word' id='word_1_157' title='bbox 920 1091 958 1127; x_wconf 79' lang='grc' dir='ltr'><strong><em>ἐκ</em></strong></span> <span class='ocrx_word' id='word_1_158' title='bbox 981 1093 1052 1131; x_wconf 64' lang='grc' dir='ltr'><strong><em>τοῦ,</em></strong></span> <span class='ocrx_word' id='word_1_159' title='bbox 1071 1093 1207 1136; x_wconf 75' lang='grc' dir='ltr'><strong><em>μᾶλλον</em></strong></span> <span class='ocrx_word' id='word_1_160' title='bbox 1231 1090 1429 1137; x_wconf 77' lang='grc' dir='ltr'><strong><em>ἐπιχειρῶν.</em></strong></span> <span class='ocrx_word' id='word_1_161' title='bbox 1464 1093 1518 1135; x_wconf 72' lang='lat' dir='ltr'><strong><em>lb.</em></strong></span> <span class='ocrx_word' id='word_1_162' title='bbox 1611 1127 1614 1129; x_wconf 90' lang='lat'>.</span> 
     </span>
     <span class='ocr_line' id='line_1_17' title="bbox 171 1140 1687 1192; baseline 0.004 -15"><span class='ocrx_word' id='word_1_163' title='bbox 171 1141 249 1174; x_wconf 89' lang='lat' dir='ltr'><strong><em>9lb</em></strong></span> <span class='ocrx_word' id='word_1_164' title='bbox 356 1140 428 1178; x_wconf 65' lang='grc' dir='ltr'><strong><em>κᾶν</em></strong></span> <span class='ocrx_word' id='word_1_165' title='bbox 455 1142 524 1190; x_wconf 78' lang='grc' dir='ltr'><strong><em>γὰρ</em></strong></span> <span class='ocrx_word' id='word_1_166' title='bbox 555 1141 639 1191; x_wconf 74' lang='grc' dir='ltr'><strong><em>ὅροι</em></strong></span> <span class='ocrx_word' id='word_1_167' title='bbox 669 1146 733 1181; x_wconf 86' lang='grc' dir='ltr'><strong><em>καὶ</em></strong></span> <span class='ocrx_word' id='word_1_168' title='bbox 764 1145 817 1181; x_wconf 78' lang='grc' dir='ltr'><strong><em>ἐπ’</em></strong></span> <span class='ocrx_word' id='word_1_169' title='bbox 851 1144 1073 1192; x_wconf 74' lang='grc' dir='ltr'><strong><em>ἀμφοτέροις</em></strong></span> <span class='ocrx_word' id='word_1_170' title='bbox 1104 1150 1243 1182; x_wconf 87' lang='grc' dir='ltr'><strong><em>κεῖνται</em></strong></span> <span class='ocrx_word' id='word_1_171' title='bbox 1278 1148 1369 1192; x_wconf 81' lang='lat' dir='ltr'>(leg.</span> <span class='ocrx_word' id='word_1_172' title='bbox 1401 1145 1575 1191; x_wconf 81' lang='grc' dir='ltr'><strong><em>κέωνται)</em></strong></span> <span class='ocrx_word' id='word_1_173' title='bbox 1606 1149 1687 1189; x_wconf 88' lang='grc' dir='ltr'><strong><em>τοῖς</em></strong></span> 
     </span>
     <span class='ocr_line' id='line_1_18' title="bbox 228 1186 1686 1248; baseline 0.004 -16"><span class='ocrx_word' id='word_1_174' title='bbox 228 1186 250 1219; x_wconf 79' lang='lat'><em>7</em></span> <span class='ocrx_word' id='word_1_175' title='bbox 267 1198 488 1242; x_wconf 87' lang='grc' dir='ltr'><strong><em>διαστήμασι</em></strong></span> <span class='ocrx_word' id='word_1_176' title='bbox 520 1199 569 1244; x_wconf 82' lang='grc' dir='ltr'><em>μή</em></span> <span class='ocrx_word' id='word_1_177' title='bbox 594 1200 719 1243; x_wconf 88' lang='grc' dir='ltr'><strong><em>μέντοι</em></strong></span> <span class='ocrx_word' id='word_1_178' title='bbox 749 1201 812 1237; x_wconf 84' lang='grc' dir='ltr'><strong><em>καὶ</em></strong></span> <span class='ocrx_word' id='word_1_179' title='bbox 836 1199 885 1242; x_wconf 75' lang='grc' dir='ltr'><strong><em>ὥς</em></strong></span> <span class='ocrx_word' id='word_1_180' title='bbox 908 1199 989 1247; x_wconf 75' lang='grc' dir='ltr'><strong><em>ὅροι</em></strong></span> <span class='ocrx_word' id='word_1_181' title='bbox 1011 1202 1287 1248; x_wconf 74' lang='grc' dir='ltr'><strong><em>κατηγοροῦνται</em></strong></span> <span class='ocrx_word' id='word_1_182' title='bbox 1310 1196 1363 1236; x_wconf 75' lang='grc' dir='ltr'><strong><em>ὦν</em></strong></span> <span class='ocrx_word' id='word_1_183' title='bbox 1385 1204 1686 1248; x_wconf 75' lang='grc' dir='ltr'><strong><em>κατηγοροῦνται,</em></strong></span> 
     </span>
     <span class='ocr_line' id='line_1_19' title="bbox 267 1250 1070 1301; baseline 0.004 -13"><span class='ocrx_word' id='word_1_184' title='bbox 267 1250 348 1289; x_wconf 73' lang='grc' dir='ltr'><strong><em>οὐδ’</em></strong></span> <span class='ocrx_word' id='word_1_185' title='bbox 371 1251 488 1295; x_wconf 70' lang='grc' dir='ltr'><strong><em>οὕτως</em></strong></span> <span class='ocrx_word' id='word_1_186' title='bbox 504 1254 636 1300; x_wconf 79' lang='grc' dir='ltr'><strong><em>ὁρικῶς</em></strong></span> <span class='ocrx_word' id='word_1_187' title='bbox 658 1258 899 1301; x_wconf 82' lang='grc' dir='ltr'><strong><em>περανοῦμεν.</em></strong></span> <span class='ocrx_word' id='word_1_188' title='bbox 944 1258 1070 1291; x_wconf 76' lang='lat' dir='ltr'><strong>Prodr.</strong></span> 
     </span>
    </p>
   </div>
   <div class='ocr_carea' id='block_1_3' title="bbox 171 1304 1687 1492">
    <p class='ocr_par' dir='ltr' id='par_1_3' title="bbox 171 1304 1687 1492">
     <span class='ocr_line' id='line_1_20' title="bbox 171 1304 1687 1360; baseline 0.003 -16"><span class='ocrx_word' id='word_1_189' title='bbox 171 1304 247 1337; x_wconf 80' lang='lat' dir='ltr'><strong><em>9lb</em></strong></span> <span class='ocrx_word' id='word_1_190' title='bbox 357 1306 403 1344; x_wconf 90' lang='grc' dir='ltr'><strong><em>ου’</em></strong></span> <span class='ocrx_word' id='word_1_191' title='bbox 435 1309 504 1355; x_wconf 80' lang='grc' dir='ltr'><strong><em>γὰρ</em></strong></span> <span class='ocrx_word' id='word_1_192' title='bbox 537 1312 604 1354; x_wconf 85' lang='grc' dir='ltr'><strong><em>δεῖ,</em></strong></span> <span class='ocrx_word' id='word_1_193' title='bbox 638 1312 740 1356; x_wconf 84' lang='grc' dir='ltr'><strong><em>φησί,</em></strong></span> <span class='ocrx_word' id='word_1_194' title='bbox 771 1310 813 1346; x_wconf 87' lang='grc' dir='ltr'><strong><em>τὸ</em></strong></span> <span class='ocrx_word' id='word_1_195' title='bbox 849 1311 1085 1356; x_wconf 85' lang='grc' dir='ltr'><strong><em>συμπέρασμα</em></strong></span> <span class='ocrx_word' id='word_1_196' title='bbox 1116 1312 1289 1348; x_wconf 88' lang='grc' dir='ltr'><strong><em>τοιοῦτον</em></strong></span> <span class='ocrx_word' id='word_1_197' title='bbox 1321 1309 1416 1348; x_wconf 85' lang='grc' dir='ltr'><strong><em>εἶναι</em></strong></span> <span class='ocrx_word' id='word_1_198' title='bbox 1438 1312 1488 1354; x_wconf 68' lang='grc' dir='ltr'><strong><em>οἷς</em></strong></span> <span class='ocrx_word' id='word_1_199' title='bbox 1508 1311 1687 1360; x_wconf 82' lang='grc' dir='ltr'><strong><em>ῦπάρχειν</em></strong></span> 
     </span>
     <span class='ocr_line' id='line_1_21' title="bbox 206 1349 1046 1412; baseline 0.004 -14"><span class='ocrx_word' id='word_1_200' title='bbox 206 1349 248 1381; x_wconf 73' lang='lat'><strong><em>16</em></strong></span> <span class='ocrx_word' id='word_1_201' title='bbox 264 1364 350 1410; x_wconf 85' lang='grc' dir='ltr'><strong><em>περὶ</em></strong></span> <span class='ocrx_word' id='word_1_202' title='bbox 374 1362 490 1400; x_wconf 70' lang='grc' dir='ltr'><strong><em>αὐτοῦ</em></strong></span> <span class='ocrx_word' id='word_1_203' title='bbox 513 1364 564 1400; x_wconf 79' lang='grc' dir='ltr'><strong><em>ἔτι</em></strong></span> <span class='ocrx_word' id='word_1_204' title='bbox 587 1366 701 1411; x_wconf 81' lang='grc' dir='ltr'><strong><em>λαβὰς</em></strong></span> <span class='ocrx_word' id='word_1_205' title='bbox 724 1366 946 1412; x_wconf 79' lang='grc' dir='ltr'><strong><em>ἐρωτήσεων.</em></strong></span> <span class='ocrx_word' id='word_1_206' title='bbox 992 1369 1046 1401; x_wconf 84' lang='lat' dir='ltr'><strong><em>Id.</em></strong></span> 
     </span>
     <span class='ocr_line' id='line_1_22' title="bbox 171 1414 1687 1492; baseline 0.003 -38"><span class='ocrx_word' id='word_1_207' title='bbox 171 1414 249 1492; x_wconf 53' lang='lat'><strong><em>9122</em></strong></span> <span class='ocrx_word' id='word_1_208' title='bbox 270 1471 287 1486; x_wconf 54' lang='lat' dir='ltr'><em>u</em></span> <span class='ocrx_word' id='word_1_209' title='bbox 353 1418 608 1464; x_wconf 74' lang='grc' dir='ltr'><strong><em>ἀσυλλόγιστος</em></strong></span> <span class='ocrx_word' id='word_1_210' title='bbox 632 1421 653 1465; x_wconf 84' lang='grc' dir='ltr'><em>ἡ</em></span> <span class='ocrx_word' id='word_1_211' title='bbox 675 1422 800 1467; x_wconf 85' lang='grc' dir='ltr'><strong><em>χρῆσις</em></strong></span> <span class='ocrx_word' id='word_1_212' title='bbox 829 1423 971 1467; x_wconf 86' lang='grc' dir='ltr'><strong><em>γίνεται</em></strong></span> <span class='ocrx_word' id='word_1_213' title='bbox 1000 1422 1063 1457; x_wconf 79' lang='grc' dir='ltr'><strong><em>καὶ</em></strong></span> <span class='ocrx_word' id='word_1_214' title='bbox 1094 1421 1241 1457; x_wconf 77' lang='grc' dir='ltr'><strong><em>ἐκείνων</em></strong></span> <span class='ocrx_word' id='word_1_215' title='bbox 1276 1421 1400 1458; x_wconf 73' lang='grc' dir='ltr'><strong><em>αὐτῶν</em></strong></span> <span class='ocrx_word' id='word_1_216' title='bbox 1421 1425 1495 1458; x_wconf 73' lang='grc' dir='ltr'><strong><em>τῶν</em></strong></span> <span class='ocrx_word' id='word_1_217' title='bbox 1517 1424 1687 1459; x_wconf 71' lang='grc' dir='ltr'><strong><em>δυνατῶν</em></strong></span> 
     </span>
    </p>
   </div>
   <div class='ocr_carea' id='block_1_4' title="bbox 165 1476 1688 2012">
    <p class='ocr_par' dir='ltr' id='par_1_4' title="bbox 190 1476 1687 1524">
     <span class='ocr_line' id='line_1_23' title="bbox 190 1476 1687 1524; baseline 0.003 -15"><span class='ocrx_word' id='word_1_218' title='bbox 190 1516 194 1520; x_wconf 27' lang='lat'><strong>⁴</strong></span> <span class='ocrx_word' id='word_1_219' title='bbox 266 1488 385 1510; x_wconf 88' lang='grc' dir='ltr'><strong><em>οντων</em></strong></span> <span class='ocrx_word' id='word_1_220' title='bbox 407 1478 711 1520; x_wconf 82' lang='grc' dir='ltr'><strong><em>συλλογισθῆναι,</em></strong></span> <span class='ocrx_word' id='word_1_221' title='bbox 747 1476 827 1512; x_wconf 81' lang='grc' dir='ltr'><strong><em>οἷον</em></strong></span> <span class='ocrx_word' id='word_1_222' title='bbox 856 1477 898 1512; x_wconf 81' lang='grc' dir='ltr'><strong><em>τὸ</em></strong></span> <span class='ocrx_word' id='word_1_223' title='bbox 922 1479 1015 1524; x_wconf 75' lang='grc' dir='ltr'><strong><em>ζῷον</em></strong></span> <span class='ocrx_word' id='word_1_224' title='bbox 1049 1477 1110 1513; x_wconf 80' lang='grc' dir='ltr'><strong><em>διὰ</em></strong></span> <span class='ocrx_word' id='word_1_225' title='bbox 1133 1477 1243 1522; x_wconf 86' lang='grc' dir='ltr'><strong><em>μέσου</em></strong></span> <span class='ocrx_word' id='word_1_226' title='bbox 1266 1478 1336 1513; x_wconf 74' lang='grc' dir='ltr'><strong><em>τοῦ</em></strong></span> <span class='ocrx_word' id='word_1_227' title='bbox 1359 1478 1578 1522; x_wconf 76' lang='grc' dir='ltr'><strong><em>αἰσθητικοῦ</em></strong></span> <span class='ocrx_word' id='word_1_228' title='bbox 1601 1482 1687 1514; x_wconf 87' lang='grc' dir='ltr'><strong><em>συλ-</em></strong></span> 
     </span>
    </p>

    <p class='ocr_par' dir='ltr' id='par_1_5' title="bbox 266 1530 1682 1579">
     <span class='ocr_line' id='line_1_24' title="bbox 266 1530 1682 1579; baseline 0.002 -14"><span class='ocrx_word' id='word_1_229' title='bbox 266 1532 481 1576; x_wconf 84' lang='grc' dir='ltr'><strong><em>λογισθῆναι</em></strong></span> <span class='ocrx_word' id='word_1_230' title='bbox 505 1531 710 1576; x_wconf 90' lang='grc' dir='ltr'><strong><em>δυναμένου</em></strong></span> <span class='ocrx_word' id='word_1_231' title='bbox 733 1530 996 1577; x_wconf 76' lang='grc' dir='ltr'><strong><em>ἀσυλλογίστως</em></strong></span> <span class='ocrx_word' id='word_1_232' title='bbox 1019 1531 1252 1579; x_wconf 84' lang='grc' dir='ltr'><strong><em>λαμβάνεται.</em></strong></span> <span class='ocrx_word' id='word_1_233' title='bbox 1286 1533 1338 1566; x_wconf 79' lang='grc' dir='ltr'><strong><em>Ῐᾱ.</em></strong></span> <span class='ocrx_word' id='word_1_234' title='bbox 1358 1534 1499 1568; x_wconf 78' lang='lat' dir='ltr'><strong>Similia</strong></span> <span class='ocrx_word' id='word_1_235' title='bbox 1514 1535 1682 1569; x_wconf 79' lang='lat' dir='ltr'><strong>Riccard.</strong></span> 
     </span>
    </p>

    <p class='ocr_par' dir='ltr' id='par_1_6' title="bbox 172 1581 1688 1634">
     <span class='ocr_line' id='line_1_25' title="bbox 172 1581 1688 1634; baseline 0.004 -15"><span class='ocrx_word' id='word_1_236' title='bbox 172 1586 212 1619; x_wconf 88' lang='lat'><strong><em>91</em></strong></span> <span class='ocrx_word' id='word_1_237' title='bbox 227 1586 250 1618; x_wconf 92' lang='lat' dir='ltr'>b</span> <span class='ocrx_word' id='word_1_238' title='bbox 356 1587 474 1622; x_wconf 84' lang='grc' dir='ltr'><strong><em>ταῦτα</em></strong></span> <span class='ocrx_word' id='word_1_239' title='bbox 495 1586 561 1631; x_wconf 75' lang='grc' dir='ltr'><strong><em>μὲν</em></strong></span> <span class='ocrx_word' id='word_1_240' title='bbox 585 1581 651 1621; x_wconf 76' lang='grc' dir='ltr'><strong><em>οὖν</em></strong></span> <span class='ocrx_word' id='word_1_241' title='bbox 673 1589 844 1632; x_wconf 85' lang='grc' dir='ltr'><strong><em>παρίεται</em></strong></span> <span class='ocrx_word' id='word_1_242' title='bbox 865 1588 931 1632; x_wconf 80' lang='grc' dir='ltr'><strong><em>μὲν</em></strong></span> <span class='ocrx_word' id='word_1_243' title='bbox 953 1591 1030 1628; x_wconf 84' lang='grc' dir='ltr'><strong><em>τοῖς</em></strong></span> <span class='ocrx_word' id='word_1_244' title='bbox 1062 1586 1301 1633; x_wconf 75' lang='grc' dir='ltr'><strong><em>άπροσέκτοις</em></strong></span> <span class='ocrx_word' id='word_1_245' title='bbox 1322 1588 1386 1622; x_wconf 75' lang='grc' dir='ltr'><strong><em>καὶ</em></strong></span> <span class='ocrx_word' id='word_1_246' title='bbox 1407 1588 1688 1634; x_wconf 80' lang='grc' dir='ltr'><strong><em>συγκεχώρηται,</em></strong></span> 
     </span>
    </p>

    <p class='ocr_par' dir='ltr' id='par_1_7' title="bbox 204 1630 1687 1692">
     <span class='ocr_line' id='line_1_26' title="bbox 204 1630 1687 1692; baseline 0.002 -16"><span class='ocrx_word' id='word_1_247' title='bbox 204 1630 249 1664; x_wconf 71' lang='lat'><strong><em>28</em></strong></span> <span class='ocrx_word' id='word_1_248' title='bbox 265 1640 446 1686; x_wconf 81' lang='grc' dir='ltr'><strong><em>ἐνδέχεται</em></strong></span> <span class='ocrx_word' id='word_1_249' title='bbox 465 1641 504 1676; x_wconf 73' lang='grc' dir='ltr'><strong><em>δὲ</em></strong></span> <span class='ocrx_word' id='word_1_250' title='bbox 523 1643 630 1677; x_wconf 84' lang='grc' dir='ltr'><strong><em>λῦσαι</em></strong></span> <span class='ocrx_word' id='word_1_251' title='bbox 645 1642 685 1677; x_wconf 90' lang='grc' dir='ltr'><strong><em>τὸ</em></strong></span> <span class='ocrx_word' id='word_1_252' title='bbox 703 1641 899 1689; x_wconf 76' lang='grc' dir='ltr'><strong><em>ἁμάρτημα</em></strong></span> <span class='ocrx_word' id='word_1_253' title='bbox 913 1644 983 1679; x_wconf 79' lang='grc' dir='ltr'><strong><em>τοῦ</em></strong></span> <span class='ocrx_word' id='word_1_254' title='bbox 1005 1644 1133 1688; x_wconf 80' lang='grc' dir='ltr'><strong><em>(τοῦτο</em></strong></span> <span class='ocrx_word' id='word_1_255' title='bbox 1151 1643 1253 1686; x_wconf 81' lang='lat' dir='ltr'><strong>fort.)</strong></span> <span class='ocrx_word' id='word_1_256' title='bbox 1268 1638 1392 1687; x_wconf 75' lang='grc' dir='ltr'><strong><em>ὀρθῶς</em></strong></span> <span class='ocrx_word' id='word_1_257' title='bbox 1407 1644 1621 1689; x_wconf 79' lang='grc' dir='ltr'><strong><em>διαιροῦντα</em></strong></span> <span class='ocrx_word' id='word_1_258' title='bbox 1636 1647 1687 1692; x_wconf 75' lang='grc' dir='ltr'><strong><em>τῷ</em></strong></span> 
     </span>
    </p>

    <p class='ocr_par' dir='ltr' id='par_1_8' title="bbox 165 1695 1687 1746">
     <span class='ocr_line' id='line_1_27' title="bbox 165 1695 1687 1746; baseline 0.003 -16"><span class='ocrx_word' id='word_1_259' title='bbox 165 1698 167 1700; x_wconf 81' lang='grc'><strong>’</strong></span> <span class='ocrx_word' id='word_1_260' title='bbox 262 1695 377 1740; x_wconf 76' lang='grc' dir='ltr'><strong><em>μηδὲν</em></strong></span> <span class='ocrx_word' id='word_1_261' title='bbox 391 1695 458 1741; x_wconf 74' lang='grc' dir='ltr'><strong><em>μὲν</em></strong></span> <span class='ocrx_word' id='word_1_262' title='bbox 481 1696 705 1743; x_wconf 83' lang='grc' dir='ltr'><strong><em>συμβεβηκὸς</em></strong></span> <span class='ocrx_word' id='word_1_263' title='bbox 727 1697 945 1744; x_wconf 83' lang='grc' dir='ltr'><strong><em>λαμβάνειν,</em></strong></span> <span class='ocrx_word' id='word_1_264' title='bbox 968 1698 1093 1733; x_wconf 84' lang='grc' dir='ltr'><strong><em>πάντα</em></strong></span> <span class='ocrx_word' id='word_1_265' title='bbox 1117 1697 1156 1732; x_wconf 80' lang='grc' dir='ltr'><strong><em>δὲ</em></strong></span> <span class='ocrx_word' id='word_1_266' title='bbox 1177 1696 1224 1733; x_wconf 76' lang='grc' dir='ltr'><strong><em>τοὶ</em></strong></span> <span class='ocrx_word' id='word_1_267' title='bbox 1247 1696 1409 1743; x_wconf 81' lang='grc' dir='ltr'><strong><em>οὖσιοόδη</em></strong></span> <span class='ocrx_word' id='word_1_268' title='bbox 1431 1699 1495 1734; x_wconf 85' lang='grc' dir='ltr'><strong><em>καὶ</em></strong></span> <span class='ocrx_word' id='word_1_269' title='bbox 1518 1697 1556 1734; x_wconf 80' lang='grc' dir='ltr'><strong><em>ἒν</em></strong></span> <span class='ocrx_word' id='word_1_270' title='bbox 1577 1700 1630 1746; x_wconf 72' lang='grc' dir='ltr'><strong><em>τῷ</em></strong></span> <span class='ocrx_word' id='word_1_271' title='bbox 1650 1701 1687 1735; x_wconf 87' lang='grc' dir='ltr'><strong><em>τί</em></strong></span> 
     </span>
    </p>

    <p class='ocr_par' dir='ltr' id='par_1_9' title="bbox 261 1746 1688 1842">
     <span class='ocr_line' id='line_1_28' title="bbox 262 1746 1688 1801; baseline 0.003 -15"><span class='ocrx_word' id='word_1_272' title='bbox 262 1750 339 1786; x_wconf 78' lang='grc' dir='ltr'><strong><em>ἐστι</em></strong></span> <span class='ocrx_word' id='word_1_273' title='bbox 379 1746 442 1787; x_wconf 68' lang='grc' dir='ltr'><strong><em>καὶ</em></strong></span> <span class='ocrx_word' id='word_1_274' title='bbox 482 1751 576 1787; x_wconf 81' lang='grc' dir='ltr'><strong><em>κατὰ</em></strong></span> <span class='ocrx_word' id='word_1_275' title='bbox 607 1752 649 1788; x_wconf 88' lang='grc' dir='ltr'><strong><em>τὸ</em></strong></span> <span class='ocrx_word' id='word_1_276' title='bbox 681 1752 825 1798; x_wconf 72' lang='grc' dir='ltr'><strong><em>συνεχὲς</em></strong></span> <span class='ocrx_word' id='word_1_277' title='bbox 857 1752 931 1789; x_wconf 86' lang='grc' dir='ltr'><strong><em>α’πὸ</em></strong></span> <span class='ocrx_word' id='word_1_278' title='bbox 970 1754 1037 1789; x_wconf 87' lang='grc' dir='ltr'><strong><em>τοῦ</em></strong></span> <span class='ocrx_word' id='word_1_279' title='bbox 1070 1752 1219 1800; x_wconf 79' lang='grc' dir='ltr'><strong><em>πρώτου</em></strong></span> <span class='ocrx_word' id='word_1_280' title='bbox 1250 1752 1379 1798; x_wconf 86' lang='grc' dir='ltr'><strong><em>γένους</em></strong></span> <span class='ocrx_word' id='word_1_281' title='bbox 1409 1752 1478 1798; x_wconf 84' lang='grc' dir='ltr'><strong><em>τὴν</em></strong></span> <span class='ocrx_word' id='word_1_282' title='bbox 1509 1755 1688 1801; x_wconf 87' lang='grc' dir='ltr'><strong><em>διαίρεσιν</em></strong></span> 
     </span>
     <span class='ocr_line' id='line_1_29' title="bbox 261 1808 607 1842; baseline 0.003 -1"><span class='ocrx_word' id='word_1_283' title='bbox 261 1808 394 1842; x_wconf 86' lang='grc' dir='ltr'><strong><em>ποιεῖν.</em></strong></span> <span class='ocrx_word' id='word_1_284' title='bbox 440 1808 607 1842; x_wconf 80' lang='lat' dir='ltr'><strong>Riccard.</strong></span> 
     </span>
    </p>

    <p class='ocr_par' dir='ltr' id='par_1_10' title="bbox 351 1862 1687 1910">
     <span class='ocr_line' id='line_1_30' title="bbox 351 1862 1687 1910; baseline 0.002 -13"><span class='ocrx_word' id='word_1_285' title='bbox 351 1863 522 1908; x_wconf 85' lang='grc' dir='ltr'><strong><em>παρίεται</em></strong></span> <span class='ocrx_word' id='word_1_286' title='bbox 543 1863 609 1907; x_wconf 76' lang='grc' dir='ltr'><strong><em>μὲν</em></strong></span> <span class='ocrx_word' id='word_1_287' title='bbox 631 1865 749 1898; x_wconf 84' lang='grc' dir='ltr'><strong><em>ταῦτα</em></strong></span> <span class='ocrx_word' id='word_1_288' title='bbox 772 1866 849 1904; x_wconf 84' lang='grc' dir='ltr'><strong><em>τοῖς</em></strong></span> <span class='ocrx_word' id='word_1_289' title='bbox 881 1862 1121 1909; x_wconf 77' lang='grc' dir='ltr'><strong><em>άπροσέκτοις</em></strong></span> <span class='ocrx_word' id='word_1_290' title='bbox 1149 1864 1213 1899; x_wconf 83' lang='grc' dir='ltr'><strong><em>καὶ</em></strong></span> <span class='ocrx_word' id='word_1_291' title='bbox 1245 1863 1524 1910; x_wconf 75' lang='grc' dir='ltr'><strong><em>συγκεχώρηται.</em></strong></span> <span class='ocrx_word' id='word_1_292' title='bbox 1580 1863 1687 1900; x_wconf 79' lang='grc' dir='ltr'><strong><em>ἐνδέ-</em></strong></span> 
     </span>
    </p>

    <p class='ocr_par' dir='ltr' id='par_1_11' title="bbox 262 1917 1686 1966">
     <span class='ocr_line' id='line_1_31' title="bbox 262 1917 1686 1966; baseline 0.003 -15"><span class='ocrx_word' id='word_1_293' title='bbox 262 1929 364 1961; x_wconf 84' lang='grc' dir='ltr'><strong><em>χεται</em></strong></span> <span class='ocrx_word' id='word_1_294' title='bbox 388 1917 427 1952; x_wconf 78' lang='grc' dir='ltr'><strong><em>δὲ</em></strong></span> <span class='ocrx_word' id='word_1_295' title='bbox 450 1918 515 1952; x_wconf 81' lang='grc' dir='ltr'><strong><em>τὸν</em></strong></span> <span class='ocrx_word' id='word_1_296' title='bbox 538 1917 663 1964; x_wconf 76' lang='grc' dir='ltr'><strong><em>ὀρθῶς</em></strong></span> <span class='ocrx_word' id='word_1_297' title='bbox 696 1919 759 1954; x_wconf 80' lang='grc' dir='ltr'><strong><em>καὶ</em></strong></span> <span class='ocrx_word' id='word_1_298' title='bbox 782 1919 971 1964; x_wconf 83' lang='grc' dir='ltr'><strong><em>φρονίμως</em></strong></span> <span class='ocrx_word' id='word_1_299' title='bbox 1004 1919 1224 1965; x_wconf 75' lang='grc' dir='ltr'><strong><em>διαιροῦντα</em></strong></span> <span class='ocrx_word' id='word_1_300' title='bbox 1246 1918 1384 1959; x_wconf 83' lang='grc' dir='ltr'><strong><em>ταύτας</em></strong></span> <span class='ocrx_word' id='word_1_301' title='bbox 1407 1920 1596 1966; x_wconf 77' lang='grc' dir='ltr'><strong><em>ἰατρεῦσαι</em></strong></span> <span class='ocrx_word' id='word_1_302' title='bbox 1617 1919 1686 1961; x_wconf 75' lang='grc' dir='ltr'><strong><em>τὰς</em></strong></span> 
     </span>
    </p>

    <p class='ocr_par' dir='ltr' id='par_1_12' title="bbox 261 1971 580 2012">
     <span class='ocr_line' id='line_1_32' title="bbox 261 1971 580 2012; baseline -0.003 -5"><span class='ocrx_word' id='word_1_303' title='bbox 261 1971 408 2012; x_wconf 86' lang='grc' dir='ltr'><strong><em>νόσους.</em></strong></span> <span class='ocrx_word' id='word_1_304' title='bbox 453 1974 580 2007; x_wconf 84' lang='lat' dir='ltr'><strong>Prodr.</strong></span> 
     </span>
    </p>
   </div>
   <div class='ocr_carea' id='block_1_5' title="bbox 158 2025 1685 2405">
    <p class='ocr_par' dir='ltr' id='par_1_13' title="bbox 158 2025 1685 2405">
     <span class='ocr_line' id='line_1_33' title="bbox 168 2025 1685 2074; baseline 0.002 -13"><span class='ocrx_word' id='word_1_305' title='bbox 168 2027 208 2060; x_wconf 90' lang='grc'><strong><em>91</em></strong></span> <span class='ocrx_word' id='word_1_306' title='bbox 223 2025 245 2058; x_wconf 92' lang='lat' dir='ltr'>b</span> <span class='ocrx_word' id='word_1_307' title='bbox 351 2026 393 2062; x_wconf 83' lang='grc' dir='ltr'><strong><em>τὸ</em></strong></span> <span class='ocrx_word' id='word_1_308' title='bbox 419 2028 471 2067; x_wconf 88' lang='grc' dir='ltr'><strong><em>εἰς</em></strong></span> <span class='ocrx_word' id='word_1_309' title='bbox 493 2029 626 2071; x_wconf 81' lang='grc' dir='ltr'><strong><em>γνῶσιν</em></strong></span> <span class='ocrx_word' id='word_1_310' title='bbox 649 2026 802 2074; x_wconf 78' lang='grc' dir='ltr'><strong><em>ὁρισμοῦ</em></strong></span> <span class='ocrx_word' id='word_1_311' title='bbox 825 2026 1097 2074; x_wconf 85' lang='grc' dir='ltr'><strong><em>συμβάλλεσθαι</em></strong></span> <span class='ocrx_word' id='word_1_312' title='bbox 1118 2027 1186 2073; x_wconf 85' lang='grc' dir='ltr'><strong><em>τὴν</em></strong></span> <span class='ocrx_word' id='word_1_313' title='bbox 1208 2028 1388 2074; x_wconf 86' lang='grc' dir='ltr'><strong><em>διαίρεσιν</em></strong></span> <span class='ocrx_word' id='word_1_314' title='bbox 1397 2028 1447 2074; x_wconf 80' lang='grc' dir='ltr'><em>μή</em></span> <span class='ocrx_word' id='word_1_315' title='bbox 1462 2027 1587 2073; x_wconf 86' lang='grc' dir='ltr'><strong><em>μέντοι</em></strong></span> <span class='ocrx_word' id='word_1_316' title='bbox 1604 2031 1685 2065; x_wconf 90' lang='grc' dir='ltr'><strong><em>συλ-</em></strong></span> 
     </span>
     <span class='ocr_line' id='line_1_34' title="bbox 201 2071 1142 2128; baseline 0 -11"><span class='ocrx_word' id='word_1_317' title='bbox 201 2071 247 2103; x_wconf 78' lang='lat'><strong><em>34</em></strong></span> <span class='ocrx_word' id='word_1_318' title='bbox 262 2083 475 2127; x_wconf 75' lang='grc' dir='ltr'><strong><em>λογιστικοῖς</em></strong></span> <span class='ocrx_word' id='word_1_319' title='bbox 499 2082 767 2118; x_wconf 79' lang='grc' dir='ltr'><strong><em>α’ποδεικνύναι</em></strong></span> <span class='ocrx_word' id='word_1_320' title='bbox 789 2081 855 2117; x_wconf 89' lang='grc' dir='ltr'><strong><em>τὸν</em></strong></span> <span class='ocrx_word' id='word_1_321' title='bbox 880 2081 1042 2128; x_wconf 89' lang='grc' dir='ltr'><strong><em>ὁρισμόν.</em></strong></span> <span class='ocrx_word' id='word_1_322' title='bbox 1088 2084 1142 2118; x_wconf 78' lang='lat' dir='ltr'><strong><em>ld.</em></strong></span> 
     </span>
     <span class='ocr_line' id='line_1_35' title="bbox 169 2134 1684 2185; baseline 0.004 -15"><span class='ocrx_word' id='word_1_323' title='bbox 169 2136 208 2170; x_wconf 92' lang='lat'><strong><em>91</em></strong></span> <span class='ocrx_word' id='word_1_324' title='bbox 222 2136 245 2168; x_wconf 90' lang='lat' dir='ltr'>b</span> <span class='ocrx_word' id='word_1_325' title='bbox 350 2148 485 2182; x_wconf 87' lang='grc' dir='ltr'><strong><em>,,συμπ.</em></strong></span> <span class='ocrx_word' id='word_1_326' title='bbox 499 2136 696 2182; x_wconf 82' lang='grc' dir='ltr'><strong><em>-μέσων”</em></strong></span> <span class='ocrx_word' id='word_1_327' title='bbox 717 2139 874 2173; x_wconf 83' lang='grc' dir='ltr'><strong><em>τοιαῦτα</em></strong></span> <span class='ocrx_word' id='word_1_328' title='bbox 898 2136 931 2173; x_wconf 90' lang='grc' dir='ltr'><strong><em>δ’</em></strong></span> <span class='ocrx_word' id='word_1_329' title='bbox 962 2134 1009 2173; x_wconf 75' lang='grc' dir='ltr'><strong><em>ὁὲν</em></strong></span> <span class='ocrx_word' id='word_1_330' title='bbox 1041 2136 1114 2174; x_wconf 84' lang='grc' dir='ltr'><strong><em>εἶεν</em></strong></span> <span class='ocrx_word' id='word_1_331' title='bbox 1135 2137 1182 2174; x_wconf 79' lang='grc' dir='ltr'><strong><em>τὰ</em></strong></span> <span class='ocrx_word' id='word_1_332' title='bbox 1205 2137 1413 2174; x_wconf 69' lang='grc' dir='ltr'><strong><em>ὑποθετικοὶ</em></strong></span> <span class='ocrx_word' id='word_1_333' title='bbox 1435 2151 1474 2175; x_wconf 83' lang='grc' dir='ltr'><strong><em>τε</em></strong></span> <span class='ocrx_word' id='word_1_334' title='bbox 1491 2139 1554 2175; x_wconf 74' lang='grc' dir='ltr'><strong><em>καὶ</em></strong></span> <span class='ocrx_word' id='word_1_335' title='bbox 1576 2152 1684 2185; x_wconf 88' lang='grc' dir='ltr'><strong><em>μονο-</em></strong></span> 
     </span>
     <span class='ocr_line' id='line_1_36' title="bbox 202 2181 791 2238; baseline 0 -10"><span class='ocrx_word' id='word_1_336' title='bbox 202 2181 247 2214; x_wconf 82' lang='lat'><strong><em>37</em></strong></span> <span class='ocrx_word' id='word_1_337' title='bbox 263 2189 442 2238; x_wconf 83' lang='grc' dir='ltr'><strong><em>λήμματα.</em></strong></span> <span class='ocrx_word' id='word_1_338' title='bbox 488 2194 653 2228; x_wconf 82' lang='lat' dir='ltr'><strong>Riccard.</strong></span> <span class='ocrx_word' id='word_1_339' title='bbox 788 2230 791 2233; x_wconf 64' lang='grc'><strong><em>,</em></strong></span> 
     </span>
     <span class='ocr_line' id='line_1_37' title="bbox 164 2245 1685 2295; baseline 0.002 -12"><span class='ocrx_word' id='word_1_340' title='bbox 164 2247 207 2280; x_wconf 76' lang='grc'><strong><em>92</em></strong></span> <span class='ocrx_word' id='word_1_341' title='bbox 227 2258 246 2279; x_wconf 84' lang='lat' dir='ltr'>a</span> <span class='ocrx_word' id='word_1_342' title='bbox 350 2245 434 2293; x_wconf 89' lang='grc' dir='ltr'><strong><em>ἤτοι</em></strong></span> <span class='ocrx_word' id='word_1_343' title='bbox 465 2248 486 2283; x_wconf 89' lang='grc' dir='ltr'><strong><em>ὁ</em></strong></span> <span class='ocrx_word' id='word_1_344' title='bbox 515 2247 588 2283; x_wconf 82' lang='grc' dir='ltr'><strong><em>οἶπό</em></strong></span> <span class='ocrx_word' id='word_1_345' title='bbox 621 2250 695 2283; x_wconf 78' lang='grc' dir='ltr'><strong><em>τῶν</em></strong></span> <span class='ocrx_word' id='word_1_346' title='bbox 728 2250 919 2294; x_wconf 71' lang='grc' dir='ltr'><strong><em>διαφορῶν</em></strong></span> <span class='ocrx_word' id='word_1_347' title='bbox 950 2249 1023 2283; x_wconf 80' lang='grc' dir='ltr'><strong><em>τῶν</em></strong></span> <span class='ocrx_word' id='word_1_348' title='bbox 1047 2246 1086 2284; x_wconf 79' lang='grc' dir='ltr'><strong><em>ἐκ</em></strong></span> <span class='ocrx_word' id='word_1_349' title='bbox 1108 2250 1174 2294; x_wconf 83' lang='grc' dir='ltr'><strong><em>τῆς</em></strong></span> <span class='ocrx_word' id='word_1_350' title='bbox 1206 2248 1415 2295; x_wconf 81' lang='grc' dir='ltr'><strong><em>διαιρέσεως</em></strong></span> <span class='ocrx_word' id='word_1_351' title='bbox 1438 2247 1685 2294; x_wconf 85' lang='grc' dir='ltr'><strong><em>συναγόμενος</em></strong></span> 
     </span>
     <span class='ocr_line' id='line_1_38' title="bbox 226 2292 1384 2351; baseline 0.001 -13"><span class='ocrx_word' id='word_1_352' title='bbox 226 2292 246 2324; x_wconf 76' lang='lat'>3</span> <span class='ocrx_word' id='word_1_353' title='bbox 264 2301 331 2338; x_wconf 72' lang='grc' dir='ltr'><strong><em>οὐκ</em></strong></span> <span class='ocrx_word' id='word_1_354' title='bbox 354 2301 624 2348; x_wconf 78' lang='grc' dir='ltr'><strong><em>άναγκαστικιὸς</em></strong></span> <span class='ocrx_word' id='word_1_355' title='bbox 647 2304 833 2339; x_wconf 85' lang='grc' dir='ltr'><strong><em>δείκνυται</em></strong></span> <span class='ocrx_word' id='word_1_356' title='bbox 858 2300 915 2339; x_wconf 72' lang='grc' dir='ltr'><strong><em>ὅτι</em></strong></span> <span class='ocrx_word' id='word_1_357' title='bbox 938 2303 1034 2339; x_wconf 78' lang='grc' dir='ltr'><strong><em>ἐστὶν</em></strong></span> <span class='ocrx_word' id='word_1_358' title='bbox 1057 2303 1217 2350; x_wconf 83' lang='grc' dir='ltr'><strong><em>ὁρισμός.</em></strong></span> <span class='ocrx_word' id='word_1_359' title='bbox 1265 2306 1384 2351; x_wconf 71' lang='lat' dir='ltr'>Marg-</span> 
     </span>
     <span class='ocr_line' id='line_1_39' title="bbox 158 2357 1683 2405; baseline 0.004 -14"><span class='ocrx_word' id='word_1_360' title='bbox 158 2358 202 2391; x_wconf 76' lang='lat'><strong><em>92</em></strong></span> <span class='ocrx_word' id='word_1_361' title='bbox 227 2369 246 2389; x_wconf 88' lang='lat' dir='ltr'>a</span> <span class='ocrx_word' id='word_1_362' title='bbox 354 2357 445 2394; x_wconf 72' lang='grc' dir='ltr'><strong><em>ὥστε</em></strong></span> <span class='ocrx_word' id='word_1_363' title='bbox 479 2359 514 2394; x_wconf 90' lang='grc' dir='ltr'><strong><em>εἰ</em></strong></span> <span class='ocrx_word' id='word_1_364' title='bbox 540 2359 602 2394; x_wconf 82' lang='grc' dir='ltr'><strong><em>καὶ</em></strong></span> <span class='ocrx_word' id='word_1_365' title='bbox 637 2360 788 2404; x_wconf 86' lang='grc' dir='ltr'><strong><em>δοίημεν</em></strong></span> <span class='ocrx_word' id='word_1_366' title='bbox 812 2360 849 2394; x_wconf 80' lang='grc' dir='ltr'><strong><em>ἐκ</em></strong></span> <span class='ocrx_word' id='word_1_367' title='bbox 874 2358 1084 2405; x_wconf 72' lang='grc' dir='ltr'><strong><em>διαιρέσεως</em></strong></span> <span class='ocrx_word' id='word_1_368' title='bbox 1114 2373 1149 2395; x_wconf 90' lang='grc' dir='ltr'><strong><em>τι</em></strong></span> <span class='ocrx_word' id='word_1_369' title='bbox 1172 2360 1405 2403; x_wconf 80' lang='grc' dir='ltr'><strong><em>δείκνυσθαι,</em></strong></span> <span class='ocrx_word' id='word_1_370' title='bbox 1429 2359 1506 2396; x_wconf 76' lang='grc' dir='ltr'><strong><em>ἀλλ’</em></strong></span> <span class='ocrx_word' id='word_1_371' title='bbox 1529 2359 1683 2398; x_wconf 72' lang='grc' dir='ltr'><strong><em>ἀπόδει-</em></strong></span> 
     </span>
    </p>
   </div>
   <div class='ocr_carea' id='block_1_6' title="bbox 179 2402 1683 2795">
    <p class='ocr_par' dir='ltr' id='par_1_14' title="bbox 179 2402 1683 2795">
     <span class='ocr_line' id='line_1_40' title="bbox 225 2402 1683 2461; baseline 0.003 -13"><span class='ocrx_word' id='word_1_372' title='bbox 225 2402 246 2435; x_wconf 84' lang='lat'>5</span> <span class='ocrx_word' id='word_1_373' title='bbox 265 2414 318 2456; x_wconf 84' lang='grc' dir='ltr'><strong><em>ξις</em></strong></span> <span class='ocrx_word' id='word_1_374' title='bbox 349 2415 520 2450; x_wconf 80' lang='grc' dir='ltr'><strong><em>ἐντεῦθεν</em></strong></span> <span class='ocrx_word' id='word_1_375' title='bbox 553 2413 598 2450; x_wconf 90' lang='grc' dir='ltr'><strong><em>ου’</em></strong></span> <span class='ocrx_word' id='word_1_376' title='bbox 621 2416 759 2459; x_wconf 76' lang='grc' dir='ltr'><strong><em>γίνεται</em></strong></span> <span class='ocrx_word' id='word_1_377' title='bbox 784 2413 958 2460; x_wconf 80' lang='grc' dir='ltr'><strong><em>ὁρισμοῦ,</em></strong></span> <span class='ocrx_word' id='word_1_378' title='bbox 994 2414 1072 2450; x_wconf 76' lang='grc' dir='ltr'><strong><em>ἐπεὶ</em></strong></span> <span class='ocrx_word' id='word_1_379' title='bbox 1097 2415 1189 2460; x_wconf 78' lang='grc' dir='ltr'><strong><em>μηδὲ</em></strong></span> <span class='ocrx_word' id='word_1_380' title='bbox 1222 2413 1371 2461; x_wconf 82' lang='grc' dir='ltr'><strong><em>ὁρισμὸς</em></strong></span> <span class='ocrx_word' id='word_1_381' title='bbox 1398 2417 1537 2461; x_wconf 88' lang='grc' dir='ltr'><strong><em>γίνεται</em></strong></span> <span class='ocrx_word' id='word_1_382' title='bbox 1559 2420 1683 2453; x_wconf 85' lang='grc' dir='ltr'><strong><em>συλλο-</em></strong></span> 
     </span>
     <span class='ocr_line' id='line_1_41' title="bbox 261 2466 1220 2516; baseline 0 -12"><span class='ocrx_word' id='word_1_383' title='bbox 261 2468 388 2514; x_wconf 82' lang='grc' dir='ltr'><strong><em>γισμὸς</em></strong></span> <span class='ocrx_word' id='word_1_384' title='bbox 411 2466 494 2515; x_wconf 83' lang='grc' dir='ltr'><strong><em>ἤτοι</em></strong></span> <span class='ocrx_word' id='word_1_385' title='bbox 516 2470 753 2516; x_wconf 86' lang='grc' dir='ltr'><strong><em>συμπέρασμα</em></strong></span> <span class='ocrx_word' id='word_1_386' title='bbox 777 2469 1005 2512; x_wconf 78' lang='grc' dir='ltr'><strong><em>ἀποδείξεως.</em></strong></span> <span class='ocrx_word' id='word_1_387' title='bbox 1053 2472 1220 2505; x_wconf 80' lang='lat' dir='ltr'><strong>Riccard.</strong></span> 
     </span>
     <span class='ocr_line' id='line_1_42' title="bbox 179 2520 1682 2573; baseline 0.003 -14"><span class='ocrx_word' id='word_1_388' title='bbox 179 2520 250 2554; x_wconf 74' lang='lat' dir='ltr'><strong><em>92a</em></strong></span> <span class='ocrx_word' id='word_1_389' title='bbox 351 2522 427 2560; x_wconf 75' lang='grc' dir='ltr'><strong><em>ἀλλ’</em></strong></span> <span class='ocrx_word' id='word_1_390' title='bbox 449 2521 522 2572; x_wconf 77' lang='grc' dir='ltr'><strong><em>οἷρα</em></strong></span> <span class='ocrx_word' id='word_1_391' title='bbox 543 2523 636 2571; x_wconf 77' lang='grc' dir='ltr'><strong><em>(ἄρα</em></strong></span> <span class='ocrx_word' id='word_1_392' title='bbox 657 2527 741 2568; x_wconf 80' lang='lat' dir='ltr'>ms.)</span> <span class='ocrx_word' id='word_1_393' title='bbox 773 2525 869 2561; x_wconf 76' lang='grc' dir='ltr'><strong><em>ἔστιν</em></strong></span> <span class='ocrx_word' id='word_1_394' title='bbox 900 2523 1094 2568; x_wconf 79' lang='grc' dir='ltr'><strong><em>άποδεῖξαι</em></strong></span> <span class='ocrx_word' id='word_1_395' title='bbox 1128 2524 1193 2562; x_wconf 83' lang='grc' dir='ltr'><strong><em>τὸν</em></strong></span> <span class='ocrx_word' id='word_1_396' title='bbox 1223 2524 1384 2571; x_wconf 71' lang='grc' dir='ltr'><strong><em>ου’σιοίδη</em></strong></span> <span class='ocrx_word' id='word_1_397' title='bbox 1408 2527 1471 2562; x_wconf 77' lang='grc' dir='ltr'><strong><em>καὶ</em></strong></span> <span class='ocrx_word' id='word_1_398' title='bbox 1495 2524 1682 2573; x_wconf 87' lang='grc' dir='ltr'><strong><em>ὁριστικόν</em></strong></span> 
     </span>
     <span class='ocr_line' id='line_1_43' title="bbox 224 2565 1681 2629; baseline 0.003 -15"><span class='ocrx_word' id='word_1_399' title='bbox 224 2565 244 2597; x_wconf 75' lang='grc'>6</span> <span class='ocrx_word' id='word_1_400' title='bbox 261 2577 369 2623; x_wconf 85' lang='grc' dir='ltr'><strong><em>λόγον</em></strong></span> <span class='ocrx_word' id='word_1_401' title='bbox 401 2580 438 2622; x_wconf 75' lang='grc' dir='ltr'><strong><em>ἐξ</em></strong></span> <span class='ocrx_word' id='word_1_402' title='bbox 469 2580 681 2622; x_wconf 80' lang='grc' dir='ltr'><strong><em>ὑποθέσεως</em></strong></span> <span class='ocrx_word' id='word_1_403' title='bbox 702 2580 796 2627; x_wconf 84' lang='grc' dir='ltr'><strong><em>μέσῳ</em></strong></span> <span class='ocrx_word' id='word_1_404' title='bbox 830 2582 925 2626; x_wconf 84' lang='lat' dir='ltr'><strong>(cod.</strong></span> <span class='ocrx_word' id='word_1_405' title='bbox 957 2581 1086 2626; x_wconf 88' lang='grc' dir='ltr'><strong><em>μέσου)</em></strong></span> <span class='ocrx_word' id='word_1_406' title='bbox 1116 2580 1340 2628; x_wconf 82' lang='grc' dir='ltr'><strong><em>χρησάμενον</em></strong></span> <span class='ocrx_word' id='word_1_407' title='bbox 1363 2578 1438 2628; x_wconf 74' lang='grc' dir='ltr'><strong><em>ὅρῳ</em></strong></span> <span class='ocrx_word' id='word_1_408' title='bbox 1462 2584 1514 2629; x_wconf 75' lang='grc' dir='ltr'><strong><em>τῷ</em></strong></span> <span class='ocrx_word' id='word_1_409' title='bbox 1539 2583 1681 2629; x_wconf 75' lang='grc' dir='ltr'><strong><em>ὁρισμῷ</em></strong></span> 
     </span>
     <span class='ocr_line' id='line_1_44' title="bbox 258 2633 1679 2683; baseline 0.004 -15"><span class='ocrx_word' id='word_1_410' title='bbox 258 2635 325 2669; x_wconf 84' lang='grc' dir='ltr'><strong><em>τοῦ</em></strong></span> <span class='ocrx_word' id='word_1_411' title='bbox 349 2633 502 2680; x_wconf 82' lang='grc' dir='ltr'><strong><em>ὁρισμοῦ</em></strong></span> <span class='ocrx_word' id='word_1_412' title='bbox 536 2635 695 2682; x_wconf 87' lang='grc' dir='ltr'><strong><em>λαβόντα</em></strong></span> <span class='ocrx_word' id='word_1_413' title='bbox 728 2649 767 2672; x_wconf 86' lang='grc' dir='ltr'><strong><em>τε</em></strong></span> <span class='ocrx_word' id='word_1_414' title='bbox 798 2635 1117 2678; x_wconf 71' lang='grc' dir='ltr'><strong><em>’ὁποθετικῶςτὸν</em></strong></span> <span class='ocrx_word' id='word_1_415' title='bbox 1139 2635 1314 2681; x_wconf 87' lang='grc' dir='ltr'><strong><em>μέλλοντα</em></strong></span> <span class='ocrx_word' id='word_1_416' title='bbox 1342 2637 1573 2683; x_wconf 85' lang='grc' dir='ltr'><strong><em>ποιήσασθαι</em></strong></span> <span class='ocrx_word' id='word_1_417' title='bbox 1609 2637 1679 2682; x_wconf 88' lang='grc' dir='ltr'><strong><em>τὴν</em></strong></span> 
     </span>
     <span class='ocr_line' id='line_1_45' title="bbox 260 2686 1680 2739; baseline 0.004 -16"><span class='ocrx_word' id='word_1_418' title='bbox 260 2686 452 2732; x_wconf 71' lang='grc' dir='ltr'><strong><em>ἀπόδειξιν</em></strong></span> <span class='ocrx_word' id='word_1_419' title='bbox 477 2688 627 2737; x_wconf 78' lang='grc' dir='ltr'><strong><em>ὁρισμόν</em></strong></span> <span class='ocrx_word' id='word_1_420' title='bbox 649 2691 714 2736; x_wconf 75' lang='grc' dir='ltr'><strong><em>μὲν</em></strong></span> <span class='ocrx_word' id='word_1_421' title='bbox 739 2690 834 2727; x_wconf 80' lang='grc' dir='ltr'><strong><em>εἶναι</em></strong></span> <span class='ocrx_word' id='word_1_422' title='bbox 856 2693 919 2728; x_wconf 80' lang='grc' dir='ltr'><strong><em>καὶ</em></strong></span> <span class='ocrx_word' id='word_1_423' title='bbox 949 2692 1063 2737; x_wconf 78' lang='grc' dir='ltr'><strong><em>φύσιν</em></strong></span> <span class='ocrx_word' id='word_1_424' title='bbox 1093 2694 1160 2730; x_wconf 77' lang='grc' dir='ltr'><strong><em>τοῦ</em></strong></span> <span class='ocrx_word' id='word_1_425' title='bbox 1180 2690 1391 2739; x_wconf 86' lang='grc' dir='ltr'><strong><em>πράγματος</em></strong></span> <span class='ocrx_word' id='word_1_426' title='bbox 1413 2692 1520 2738; x_wconf 90' lang='grc' dir='ltr'><strong><em>λόγον</em></strong></span> <span class='ocrx_word' id='word_1_427' title='bbox 1543 2693 1582 2728; x_wconf 79' lang='grc' dir='ltr'><strong><em>ἐκ</em></strong></span> <span class='ocrx_word' id='word_1_428' title='bbox 1604 2694 1680 2729; x_wconf 74' lang='grc' dir='ltr'><strong><em>τῶν</em></strong></span> 
     </span>
     <span class='ocr_line' id='line_1_46' title="bbox 261 2745 1678 2795; baseline 0.003 -16"><span class='ocrx_word' id='word_1_429' title='bbox 261 2745 365 2780; x_wconf 87' lang='grc' dir='ltr'><strong><em>ἰδίων</em></strong></span> <span class='ocrx_word' id='word_1_430' title='bbox 397 2745 434 2780; x_wconf 82' lang='grc' dir='ltr'><strong><em>ἐν</em></strong></span> <span class='ocrx_word' id='word_1_431' title='bbox 465 2747 515 2791; x_wconf 80' lang='grc' dir='ltr'><strong><em>τῷ</em></strong></span> <span class='ocrx_word' id='word_1_432' title='bbox 546 2749 582 2782; x_wconf 87' lang='grc' dir='ltr'><strong><em>τί</em></strong></span> <span class='ocrx_word' id='word_1_433' title='bbox 613 2747 688 2783; x_wconf 82' lang='grc' dir='ltr'><strong><em>ε’στι</em></strong></span> <span class='ocrx_word' id='word_1_434' title='bbox 717 2748 1012 2794; x_wconf 87' lang='grc' dir='ltr'><strong><em>λαμβανόμενον,</em></strong></span> <span class='ocrx_word' id='word_1_435' title='bbox 1045 2746 1134 2795; x_wconf 72' lang='grc' dir='ltr'><strong><em>ὅπερ</em></strong></span> <span class='ocrx_word' id='word_1_436' title='bbox 1166 2748 1261 2785; x_wconf 80' lang='grc' dir='ltr'><strong><em>ἐστὶν</em></strong></span> <span class='ocrx_word' id='word_1_437' title='bbox 1283 2746 1307 2794; x_wconf 76' lang='grc' dir='ltr'><em>ἡ</em></span> <span class='ocrx_word' id='word_1_438' title='bbox 1339 2750 1469 2794; x_wconf 78' lang='grc' dir='ltr'><strong><em>μείζων</em></strong></span> <span class='ocrx_word' id='word_1_439' title='bbox 1490 2747 1678 2795; x_wconf 81' lang='grc' dir='ltr'><strong><em>πρότασις,</em></strong></span> 
     </span>
    </p>
   </div>
  </div>
 </body>
</html>
