1838 3086
624 215 884 262 Analytica
903 213 1078 260 priora.
1528 210 1608 250 411

151 330 243 357 nam
282 316 519 357 Aristoteles
555 316 712 355 videtur
748 315 928 354 scribere
964 313 1140 353 voluisse
1175 311 1260 352 νῦν
1294 307 1332 350 δ’
1362 306 1517 361 ὅμοιον
1542 305 1608 350 λέ-

149 389 318 434 γουσιν,
340 377 573 432 ὡσπερανεὶ
587 378 660 420 καὶ
679 377 762 419 άπὸ
786 378 873 418 τῶν
890 376 1184 430 ὑποδημάτων
1200 373 1424 422 duodenos:
1457 374 1608 414 etenim

149 445 236 496 καί,
276 447 380 498 quod
410 446 509 484 latet
537 445 575 483 in
605 443 799 496 particula
830 443 926 491 κᾶν,
956 456 1044 482 cum
1075 441 1336 493 sequentibus
1365 439 1608 491 coniungen-

150 511 244 550 dum
275 516 348 550 est.

97 575 248 613 34240
276 572 347 613 διὰ
373 575 452 612 τοῦ
488 570 635 622 τρίτου
665 577 752 622 σχ.,
791 570 831 611 h.
862 583 898 608 e.
927 583 1001 621 pcr
1038 570 1317 621 syllogismum
1345 567 1398 607 ln
1427 561 1480 607 ἐς
1515 578 1607 606 uam

149 639 368 690 propositio
404 637 528 674 maior
567 648 683 686 quam
723 634 935 672 habuimus
972 646 1028 671 vs.
1070 637 1121 671 38
1157 632 1205 673 τὸ
1244 631 1322 684 μὲν
1356 662 1368 674 .
1401 662 1412 674 .
1437 661 1450 674 .
1483 631 1526 671 Γ
1557 630 1609 669 de

149 707 263 752 parte
293 706 434 751 negat:
472 711 595 749 quare
634 697 721 737 cod.
751 710 780 736 n
807 696 936 737 παντὶ
964 698 1118 736 addidit
1146 703 1238 736 ante
1264 701 1335 749 τῷ.
1363 720 1417 727 ·-
1454 695 1527 736 Vs.
1556 696 1610 734 41

147 762 277 805 παντὶ
297 761 543 816 ἐνδέχεσθαι
562 760 790 814 ὑπάρχεινε
819 774 907 800 nam
936 759 984 800 τὸ
1012 757 1256 813 ἐνδέχεσθαι
1281 760 1488 814 ὑπάρχειν
1515 773 1611 800 oon-

152 842 326 880 sequens
355 835 419 868 est
445 830 524 867 τοῦ
555 825 772 878 ὑπάρχειν,
802 826 906 877 quod
937 826 1153 865 sumsimus
1180 839 1238 864 vs.
1268 828 1333 865 34.

96 894 220 932 34b3
249 895 426 946 ποιῆσαι
451 891 500 932 τὸ
528 890 758 932 ἀδύνατον.
823 889 910 928 Νοη
947 889 1048 929 facit
1075 890 1355 929 deductionem
1385 888 1433 927 ad
1463 890 1612 928 absur-

150 958 245 996 dum
281 958 410 1008 qualis
452 957 541 995 fieri
581 957 684 994 solet
712 954 844 1007 posito
871 966 943 1004 eo,
985 954 1091 1004 quod
1131 954 1374 992 conclusioni
1401 956 1612 1006 repugnat,

150 1021 192 1061 h.
221 1035 254 1060 e.
285 1021 415 1072 posita
456 1020 730 1071 propositione
766 1016 815 1058 τὸ
855 1019 895 1057 A
932 1015 990 1070 μὴ
1030 1015 1278 1070 ἐνδέχεσθαι
1313 1015 1443 1058 παντὶ
1469 1017 1530 1073 τῷ
1559 1017 1611 1068 Γ,

150 1085 221 1124 sed
261 1098 310 1124 ex
349 1085 395 1122 iis
425 1085 524 1135 ipsis
564 1083 899 1135 propositionibus
937 1095 1035 1133 quas
1072 1083 1182 1121 initio
1211 1083 1437 1132 habuimus,
1466 1082 1521 1121 ita
1547 1086 1610 1122 ta-

149 1161 239 1187 men
269 1148 428 1193 sumtis,
458 1153 501 1185 ut
528 1148 673 1186 falsum
703 1148 757 1186 sit
785 1147 891 1197 quod
919 1147 1078 1185 edicant
1103 1159 1235 1198 neque
1261 1151 1394 1185 tamen
1422 1146 1512 1185 fieri
1539 1159 1612 1186 ne-

151 1217 292 1263 queat,
332 1212 547 1251 concludit.
615 1211 676 1249 Ex
718 1211 781 1249 his
815 1211 936 1261 igitur
963 1211 1162 1260 colligitur
1188 1209 1237 1250 τὸ
1261 1211 1302 1249 A
1329 1208 1459 1250 παντὶ
1484 1210 1546 1266 τῷ
1574 1210 1619 1250 Γ

151 1272 421 1327 ἐνδέχεσθαι,
463 1276 569 1326 quod
605 1287 842 1325 quamquam
884 1273 1030 1312 falsum
1070 1287 1162 1313 esse
1199 1280 1355 1326 potest,
1393 1272 1614 1315 ἀδύνατον

152 1353 243 1379 esse
272 1354 349 1379 non
377 1344 523 1391 potest.
563 1340 641 1378 lam
670 1343 714 1377 ut
742 1338 860 1376 fieret
887 1338 1089 1384 deductio,
1118 1340 1355 1377 sumendum
1385 1344 1471 1378 erat
1495 1337 1544 1380 τὸ
1572 1340 1616 1379 Α

151 1401 210 1456 μὴ
251 1399 493 1456 ἐνδέχεσθαι
529 1401 654 1443 παντὶ
690 1406 748 1454 τῷ
778 1402 838 1450 Γ,
867 1403 974 1452 quod
1004 1401 1222 1442 ἀδύνατον
1250 1416 1341 1442 esse
1369 1408 1492 1455 patet,
1521 1406 1614 1456 quia

149 1466 198 1508 τὸ
235 1471 276 1507 Α
312 1465 440 1508 παντὶ
479 1468 538 1523 τῷ
578 1469 620 1508 Γ
649 1464 897 1518 ἐνδέχεσθαι
932 1479 1010 1505 non
1039 1466 1258 1507 ἀδύνατον
1286 1481 1377 1506 esse
1405 1468 1612 1507 intellexi-

150 1546 260 1571 mus:
299 1534 357 1572 sin
395 1536 527 1571 autem
566 1533 661 1570 illud
691 1530 940 1578 άδύνατον,
984 1535 1151 1582 apparet
1188 1532 1484 1571 conclusionem
1521 1545 1615 1572 esse

153 1597 303 1636 debere
331 1596 379 1636 τὸ
408 1597 450 1635 A
476 1593 605 1635 παντὶ
631 1600 689 1648 τῷ
720 1597 763 1635 Γ
786 1592 1042 1646 ἐνδέχεσθαι.
1069 1616 1124 1623 ——
1156 1594 1222 1633 Sic
1250 1597 1476 1635 excusanda
1503 1601 1615 1636 certe

149 1661 311 1700 videtur
339 1661 650 1707 demonstratio,
680 1673 757 1710 qua
785 1660 825 1698 in
855 1660 916 1698 his
948 1672 1043 1698 usus
1073 1664 1154 1697 est:
1183 1659 1222 1698 in
1252 1673 1431 1699 errorem
1460 1661 1616 1700 induxit

152 1724 412 1765 Aristotelem
443 1724 592 1775 duplex
623 1724 823 1775 oppositio
851 1725 932 1763 τοῦ
961 1722 1208 1771 ἀδυνάτου,
1237 1725 1302 1762 cui
1330 1722 1546 1774 opponitur
1574 1727 1617 1764 et

150 1786 200 1828 τὸ
239 1786 428 1828 δυνατὸν
465 1793 506 1826 et
543 1786 592 1827 τὸ
629 1786 882 1838 ἀναγκαῖον.
948 1787 1129 1837 Namque
1167 1789 1200 1826 si
1228 1789 1262 1826 A
1291 1792 1353 1826 est
1380 1785 1616 1839 ἀδύνατον,

152 1865 229 1892 non
260 1853 439 1904 sequitur
468 1852 631 1890 Non-A
662 1864 753 1889 esse
781 1850 1048 1902 ἀναγκαῖον,
1088 1852 1161 1890 sed
1198 1851 1296 1890 nihil
1331 1853 1513 1903 sequitur
1538 1853 1616 1893 nisi

151 1916 319 1956 Non-A
347 1929 439 1954 esse
468 1914 548 1955 οὐκ
576 1913 796 1955 ἀδύνατον
824 1928 854 1956 s.
885 1914 1086 1955 δυνατόν.

99 1982 221 2021 34ὴῖ
253 1981 382 2030 Quum
413 1980 651 2018 Aristoteles
689 1979 754 2017 hic
792 1979 937 2018 doceat
974 1980 1082 2018 omni
1119 1984 1302 2031 tempore
1329 1980 1493 2020 easdem
1521 1993 1616 2020 esse

151 2045 301 2084 debere
329 2045 648 2095 propositiones,
685 2055 734 2081 ex
763 2044 904 2094 quibus
935 2043 1003 2081 flat
1027 2043 1294 2095 syllogismus,
1323 2049 1364 2083 ut
1392 2045 1499 2095 quod
1526 2045 1614 2084 edi·

154 2113 244 2148 cant
278 2121 357 2147 non
398 2120 635 2158 suspensum
666 2108 719 2146 sit
747 2120 797 2146 ex
825 2107 957 2146 causis
996 2108 1184 2157 externis,
1218 2110 1364 2147 mirum
1390 2114 1476 2157 est,
1506 2108 1614 2159 quod

153 2185 231 2212 non
258 2171 454 2210 intellexit
475 2184 591 2221 quam
621 2171 740 2210 dubia
769 2176 811 2210 et
837 2171 990 2210 incerta
1019 2173 1070 2210 sit
1098 2185 1144 2210 ea
1173 2173 1472 2211 demonstrandi
1499 2173 1615 2221 ratio,

155 2248 231 2286 qun
253 2235 376 2286 magis
398 2235 560 2284 exponit
579 2247 695 2284 quam
716 2235 880 2286 colligit,
909 2235 1014 2285 quod
1039 2237 1136 2283 vult,
1166 2237 1347 2275 terminis
1369 2236 1516 2284 allatis,
1546 2227 1615 2288 qui

158 2312 245 2339 eam
274 2299 378 2336 inter
407 2310 452 2335 se
482 2299 670 2335 rationem
701 2298 874 2338 habeant
901 2312 1016 2349 quam
1048 2313 1112 2338 res
1142 2300 1328 2351 postulet.

103 2364 256 2403 34b10
284 2361 365 2402 οὐκ
405 2359 521 2401 ἔσται
559 2361 862 2413 συλλογισμός,
902 2376 1139 2414 quamquam
1180 2377 1229 2403 ex
1268 2364 1612 2416 propositionibus

157 2440 258 2477 quae
286 2427 458 2465 nonnisi
488 2426 538 2464 de
567 2428 770 2478 praesenti
797 2433 981 2479 tempore
1009 2429 1289 2478 intelligantur,
1319 2430 1614 2469 conclusionem

154 2491 244 2530 fieri
273 2491 323 2529 de
351 2496 534 2541 tempore
563 2492 764 2542 praesenti
792 2504 908 2530 nemo
937 2493 1012 2530 erit
1039 2493 1105 2542 qui
1134 2496 1268 2544 neget.
1321 2493 1452 2543 Quum
1481 2498 1615 2533 autem

156 2552 205 2595 τὸ
244 2550 511 2607 ἐνδέχεσθαι,
549 2551 597 2594 τὸ
643 2552 771 2594 παντὶ
807 2553 1012 2608 ὑπάρχειν
1049 2561 1091 2595 et
1129 2570 1229 2608 quae
1258 2557 1320 2596 his
1349 2558 1494 2596 similia
1523 2561 1616 2598 suut

158 2620 352 2672 temporis
382 2620 576 2658 rationem
608 2632 684 2658 non
714 2620 949 2667 admittant,
985 2621 1055 2659 sed
1085 2621 1124 2660 in
1154 2622 1395 2672 cogitatione
1425 2623 1507 2660 sola
1536 2635 1614 2674 po-

159 2683 234 2722 sita
271 2684 353 2723 sint
391 2685 469 2730 (sie
506 2684 593 2722 sind
624 2689 743 2723 etwas
771 2684 858 2723 rein
886 2685 1149 2736 Logisches)‚
1177 2691 1342 2737 apparet
1370 2687 1490 2726 etiam
1519 2699 1614 2726 con-

160 2747 376 2786 clusionem
405 2761 507 2799 quae
535 2748 629 2787 inde
656 2749 728 2787 fiat
754 2749 946 2800 temporis
975 2750 1168 2788 rationem
1197 2751 1426 2791 excludere.

110 2811 259 2852 34b24
284 2814 342 2863 τῷ
370 2812 407 2852 Β
434 2810 659 2866 ὑπάρχειν,
696 2812 823 2853 intell.
861 2810 904 2862 ἐξ
940 2810 1152 2866 ἀνάγκης,
1188 2815 1293 2867 quod
1332 2827 1412 2856 nou
1448 2816 1614 2866 addidit,
