1884 3100
608 214 1528 254 KATHPOP1A1.85

79 315 199 375 τινὸς
215 315 465 378 ἀνθρώπου
482 315 896 380 κατηγορηθήσεται
917 314 968 363 τὸ
993 317 1128 399 ζῷον·
1163 314 1203 360 εἰ
1219 310 1304 376 γὰρ
1313 310 1424 359 κατὰ
1437 330 1523 376 μη-

79 383 206 443 δενὸς
232 402 322 431 των
351 387 484 431 τινῶν
511 382 786 446 ἀνθρώπων,
833 382 943 431 οὐδὲ
973 381 1086 429 κατὰ
1113 379 1361 442 ἀνθρώπου
1393 377 1562 438 ὅλως.ῑ)

78 452 212 500 πάλιν
238 450 291 499 τό
321 456 476 515 χρῶμα
506 452 552 499 ἐν
574 451 761 513 σώματι·
792 449 972 498 ου’κοῦν
989 451 1064 497 καὶ
1083 450 1128 498 ἐν
1149 450 1238 497 τινὶ
1263 448 1452 510 σώματι·
1485 449 1526 496 εἰ

78 518 162 583 γάρ
201 517 262 583 μὴ
293 520 340 566 ἐν
375 520 460 567 τινὶ
498 523 584 566 τῶν
618 517 725 566 καθ’
761 518 944 575 ἕκαστα,
989 517 1098 565 ου’δὲ
1126 518 1174 564 ἐν
1202 516 1369 578 σώματι
1398 513 1526 574 ὅλως.

79 585 189 635 ωστε
221 585 274 633 τὰ
311 584 426 633 ἄλλα
462 586 605 634 παντα
635 585 733 650 ἤτοι
771 585 877 633 καθ’
907 584 1210 646 ὑποκειμένων
1243 585 1409 647 λέγεται
1439 587 1528 631 τῶν

76 654 260 712 πρώτων
276 652 448 701 οὕσιων
470 651 500 717 ἢ
520 654 566 701 ἐν
582 651 893 714 ὑποκειμέναις
914 652 1070 710 αὐταῖς
1102 653 1232 700 ἐστίν.
1287 650 1349 716 μὴ
1368 650 1527 699 ουσσόν
1542 667 1560 694 ⁵

76 716 162 770 οὖν
182 739 272 769 των
290 721 473 784 πρώτων
491 720 659 769 ουσιῶν
677 720 900 779 ἀδύνατον
918 726 1006 769 τῶν
1025 719 1170 768 ἄλλων
1187 738 1229 766 τι
1249 717 1370 767 εἶναι.

216 793 317 837 Τῶν
344 790 393 837 δε
416 790 630 852 δευτέρων
654 788 823 837 οὐσιῶν
854 794 1022 851 μᾶλλον
1051 787 1188 836 οὐσία
1208 786 1260 834 τὸ
1290 784 1407 844 εἶδος
1440 788 1527 831 τοῦ

74 856 255 920 γένους·
291 857 433 919 εγγιον
453 855 537 919 γὰρ
556 861 637 921 τῆς
660 857 837 921 πρώτης
856 856 1020 915 ου’σίας
1037 857 1164 904 ἐστίν.
1208 853 1285 902 ἐὰν
1306 852 1390 917 γὰρ
1411 851 1524 900 ἄπο-

40 960 42 963 ,
76 927 185 990 διδῷ
205 942 271 982 τις
288 923 369 989 τὴν
387 925 566 988 πρώτην
586 923 748 972 οὐσίαν
772 926 816 971 τί
841 925 953 982 ἐστι,
991 922 1329 1007 γνωριμώτερον
1356 921 1432 968 καὶ
1456 920 1525 967 οἰ-

74 992 298 1054 κειότερον
325 991 551 1039 αποδῡίσει
572 990 623 1039 τὸ
646 989 763 1050 εἶδος
783 990 1032 1049 αποδιδούς
1050 990 1187 1073 ἤπερ
1185 988 1236 1037 τὸ
1253 990 1394 1051 γένος,
1428 984 1526 1035 οἷον
1541 1002 1576 1030 10

74 1057 153 1107 τὸν
174 1058 272 1106 τινὰ
295 1058 538 1119 ἄνθρωπον
560 1058 808 1119 οἷποδιδούς
817 1059 1149 1145 γνωριμώτερον
1168 1055 1224 1104 ἂν
1237 1053 1475 1120 αποδοίη”
1445 1073 1524 1102 αν-

74 1132 262 1190 θρωπον
295 1124 325 1190 ἢ
358 1129 472 1193 ζῷον
502 1125 771 1185 αποδιδούς·
816 1126 867 1174 τὸ
885 1129 964 1188 μὲν
982 1125 1066 1189 γὰρ
1089 1128 1205 1173 ἴδιον
1237 1129 1407 1186 μᾶλλον
1438 1126 1527 1170 τοῦ

75 1193 196 1253 τινὸς
213 1194 476 1257 ανθρώπου,
495 1193 546 1241 τὸ
573 1196 621 1242 δὲ
642 1194 908 1257 κοινότερον.
942 1196 1018 1241 καὶ
1032 1192 1084 1240 τὸ
1102 1195 1142 1240 τὶ
1158 1192 1343 1254 δένδρον
1362 1190 1524 1238 ἀποδι-

74 1261 188 1320 δοὺς
215 1261 541 1326 γνωριμώτερον
561 1261 783 1310 ἀποδῶσει
815 1262 1001 1323 δένδρον
1028 1257 1278 1317 ἄποδιδους
1304 1257 1339 1323 ἢ
1362 1256 1523 1320 φυτόν.

75 1330 134 1378 ἔτι
160 1331 205 1377 αἱ
243 1335 411 1416 πρῶται.
439 1329 591 1378 οὐσίαι
624 1328 698 1378 διὰ
732 1328 784 1377 τὸ
813 1335 906 1389 τοῖς
937 1328 1090 1386 ἄλλοις
1132 1325 1301 1374 απασιν
1340 1324 1524 1374 ὑποκεῖ-
1541 1337 1576 1365 1⁶

75 1403 186 1445 σθαι
225 1399 298 1444 καὶ
335 1397 479 1446 πάντα
519 1396 574 1445 τὰ
616 1396 728 1445 αλλα
767 1396 878 1445 κατὰ
915 1396 1086 1444 τούτων
1116 1399 1461 1459 κατηγορεῖσθαι
1492 1390 1527 1456 ἢ

76 1466 122 1513 ἐν
141 1464 322 1522 ταύταις
342 1462 452 1513 εἶναι
479 1464 552 1512 διὰ
578 1470 714 1513 τοῦτο
732 1465 920 1527 μάλιστα
943 1463 1095 1513 οὐσίαι
1115 1464 1325 1525 λέγονται.
1395 1481 1456 1519 ως
1476 1461 1526 1507 δέ

72 1551 119 1595 γε
144 1533 189 1580 αἱ
217 1538 389 1594 πρῶται
419 1532 572 1581 ουσίαι
603 1531 721 1595 πρὸς
749 1532 803 1580 τὰ
839 1532 951 1580 ἄλλα
983 1531 1128 1580 πάντα
1160 1532 1359 1593 εχουσιν,
1404 1526 1525 1576 οὕτω

74 1602 149 1648 καὶ
179 1598 230 1647 τὰ
262 1597 379 1660 εἶδος
407 1599 525 1662 πρὸς
553 1599 604 1647 τὸ
634 1601 759 1664 γένος
788 1602 893 1663 εχει·
940 1599 1173 1649 ὑπόκειται
1207 1597 1291 1661 γὰρ
1324 1595 1376 1644 τὸ
1407 1593 1525 1654 εἶδος

74 1673 135 1734 τῷ
162 1667 400 1731 γένει·τά
428 1670 506 1730 μεν
536 1666 621 1732 γὰρ
655 1669 759 1733 γένη
792 1667 905 1716 κατὰ
931 1673 1019 1715 τῶν
1049 1669 1178 1715 εἰδῶν
1205 1669 1576 1729 κατηγορεῖται,ιο

74 1734 127 1783 τὰ
159 1737 207 1783 δὲ
236 1737 332 1799 εἴδη
362 1735 472 1783 κατὰ
504 1740 591 1784 τῶν
617 1741 755 1798 γενῶν
778 1735 865 1784 οὐκ
896 1734 1189 1820 αντιξῖτρέφει.
1254 1731 1366 1780 ωστε
1385 1733 1461 1779 καὶ
1478 1731 1526 1778 ἐκ

73 1801 244 1851 τούτων
259 1801 311 1849 τὸ
331 1801 449 1862 εἶδος
467 1807 552 1850 τοῦ
573 1804 734 1866 γένους
750 1807 921 1866 μᾶλλον
942 1801 1091 1850 ουσία.
1128 1799 1282 1848 αὐτων
1299 1801 1347 1847 δε
1357 1803 1445 1847 τῶν
1463 1799 1524 1845 εἰ·

164 1952 209 1986 38
218 1948 260 1986 τὸ
275 1952 303 1992 ζ.
314 1963 442 1994 κατηγ.
432 1952 502 1993 ,fa.
514 1969 555 1974 —-
581 1950 684 1990 τινὸς
695 1963 736 2007 pr
747 1963 802 1984 om
818 1963 846 1984 e.
860 1947 1314 2008 -κατηγορηθήσεταιτὸ
1335 1950 1364 1990 ζ.
1375 1960 1432 1981 om
1445 1948 1527 1982 Gne.

165 1996 232 2031 2b1
257 1993 344 2032 οὔτε
361 1998 412 2039 uf.
438 2016 480 2021 —
507 1993 616 2039 κατὰ]
637 1994 732 2031 κατὰ
750 1997 862 2039 tofis.
890 2017 929 2022 ·-
957 1999 978 2030 2
997 1995 1141 2053 σώματί
1158 2008 1231 2030 τινι
1249 2005 1287 2039 g.
1312 2012 1358 2020 -
1389 1994 1410 2028 3
1434 1991 1528 2047 μηδὲ

77 2041 115 2078 ἓν
127 2043 163 2086 d,
180 2043 297 2076 forth.
321 2061 368 2067 —
393 2042 416 2075 4
436 2038 523 2095 ἤτοι
541 2053 597 2074 om
614 2054 640 2075 e.
666 2061 712 2068 -
734 2042 877 2085 λέγεται
890 2049 969 2075 ante
981 2039 1042 2075 5*
1018 2056 1038 2084 η
1055 2053 1117 2086 ug.
1145 2060 1186 2065 —
1213 2040 1355 2083 λέγεται
1368 2046 1450 2094 P⁰‚⁵t
1459 2051 1528 2072 ου-

75 2089 166 2124 σιῶν
177 2089 285 2129 Cnah,
302 2099 450 2133 τωνπρ.
466 2084 605 2121 ου’σιῶν
622 2088 695 2120 roh
717 2088 884 2120 ub1locus
900 2088 1142 2136 paucioribUS.
1157 2104 1199 2110 —
1224 2086 1315 2128 λέγ..
1350 2082 1529 2129 .ου’σιων]

75 2133 218 2169 τούτων
235 2132 376 2187 λέγεται
395 2133 430 2166 ἀ.
452 2152 497 2158 —-
521 2133 542 2166 6
558 2146 595 2167 τι
610 2134 687 2168 τῶν
701 2129 822 2168 ἄλλων
831 2135 906 2176 vsu.
932 2152 979 2158 —-
1002 2140 1086 2177 post
1106 2136 1204 2167 εἰναι
1213 2132 1451 2185 ABCuagnef
1462 2130 1527 2162 ad-

75 2181 164 2212 dunt
187 2180 289 2212 haec:
313 2177 439 2214 πάντα
460 2176 534 2234 γὰρς
555 2176 602 2212 τὰ
627 2176 718 2212 ἄλλα
735 2177 820 2233 ἤτοι
836 2177 927 2213 καθ’
924 2177 1196 2234 υποκειμένων
1220 2175 1368 2212 τούτων
1385 2175 1529 2216 λεγεται

75 2238 99 2268 η
130 2223 168 2259 ἐν
191 2222 454 2278 ’ὑποκειμέναις
483 2222 618 2262 αὐταῖς
639 2222 749 2268 ἐστίν,
775 2235 867 2259 ωστε
884 2221 934 2267 μὴ
965 2222 1089 2259 ου’σῶν
1111 2224 1188 2259 τῶν
1211 2220 1371 2277 πρώτων
1389 2218 1528 2255 οὐσιῶν

77 2268 265 2305 ἀδύνατον
283 2270 359 2305 τῶν
375 2265 495 2303 αλλων
513 2282 548 2303 τι
565 2267 672 2304 εἶναι.
697 2289 742 2296 -
765 2271 788 2304 7
805 2268 848 2305 τὸ
867 2267 966 2309 εἶδος
985 2268 1096 2305 ου’σία
1115 2282 1149 2303 a.
1174 2288 1220 2294 ——
1243 2270 1266 2302 8
1282 2266 1412 2310 γένους
1430 2264 1529 2300 ἐστὶν

13 2337 19 2343 -
77 2315 199 2359 ἔγγιον
219 2327 247 2350 e.
272 2335 318 2340 —-
348 2316 369 2350 9
391 2327 454 2348 και
475 2315 707 2370 οἰκειότερον
721 2327 776 2347 om
794 2328 828 2350 ιι.
853 2336 897 2341 -—
933 2317 975 2349 10
997 2313 1118 2370 εἶδος]
1133 2314 1232 2353 εἶδος
1246 2314 1386 2357 μᾶλλον
1405 2323 1457 2345 uc.
1483 2329 1529 2335 —

77 2359 286 2417 ἀποδιδοὺς
302 2367 382 2405 post
396 2359 501 2401 γένος
512 2361 589 2403 dhf.
614 2380 659 2386 —
683 2356 788 2414 ἢιιεῙ.
813 2380 859 2388 —
882 2358 965 2396 οἷον
976 2360 1058 2406 τὸν]
1078 2359 1146 2395 τὸν
1163 2357 1299 2413 γὰρῙ.
1303 2377 1346 2383 -
1374 2359 1415 2391 11
1433 2354 1529 2390 εἰπο-

77 2404 206 2446 διδούς
228 2414 308 2440 ante
332 2403 417 2441 12⁴*
392 2420 420 2461 η
434 2417 473 2451 g,
499 2418 554 2439 om
573 2419 606 2439 ιι.
631 2425 677 2431 -
717 2403 925 2446 &nomenve
950 2419 1006 2447 τις
1034 2419 1142 2451 γνωρ.
1155 2408 1189 2447 s.
1214 2423 1262 2430 —
1284 2399 1332 2438 ὂὶν
1349 2399 1531 2444 ἀποδοίη]

77 2448 305 2487 ἅποδώσει’“
282 2465 329 2486 αν
346 2463 376 2492 c,
397 2448 583 2486 ἀποδώσει
601 2463 635 2494 α,
663 2449 852 2486 ἀποδώσει
868 2465 923 2492 τις
943 2465 977 2486 ιι.
1002 2471 1047 2479 -
1075 2450 1238 2494 α’ποδοίη
1254 2462 1310 2487 τις
1325 2446 1533 2502 ἄνθρωπον

79 2500 146 2543 Cg
169 2516 214 2524 —-
241 2477 496 2541 ἅνθροδπον..
508 2525 514 2531 .
536 2495 757 2553 ἀποδιδούς]
786 2496 1012 2543 οἰκειότερον
1038 2494 1246 2552 ανθρωπον
1269 2490 1484 2550 ᾇποδιδοὺς
1508 2486 1531 2535 ἢ

78 2545 174 2599 ζῷον
188 2554 242 2587 ne,
268 2542 472 2588 ἄνθρωπον
484 2538 723 2583 ἀποδιδοὺς
708 2541 730 2586 η’
746 2544 850 2600 ζῷον
855 2556 890 2578 ιι.
921 2562 963 2570 -
991 2545 1034 2578 12
1047 2537 1287 2583 ἀποδιδοὺςῆ
1303 2540 1398 2584 ζῷον
1413 2539 1468 2581 Cf.
1485 2555 1531 2562 -

78 2587 285 2629 ἀποδιδοὺς
305 2601 360 2622 om
377 2601 416 2634 g.
442 2608 484 2614 -
507 2590 647 2645 μᾶλλον
664 2596 746 2633 post
767 2590 810 2623 13
826 2587 937 2643 ἄνθρ.
960 2601 988 2622 e.
1013 2607 1058 2613 —-
1086 2590 1128 2622 14
1146 2598 1254 2631 γνωρ-
1271 2585 1336 2620 καὶ
1352 2583 1534 2618 οἰκειότε-

3 2656 14 2664 -
78 2647 174 2689 ρον
158 2631 271 2669 dno&
298 2635 356 2667 Cu.
383 2653 429 2660 —
452 2647 499 2668 αν
523 2633 686 2678 ἀποδοίη
702 2636 735 2677 s.
762 2653 802 2659 —
829 2631 1078 2672 ἀποδιδοὺς.
1091 2633 1266 2678 .δε’νδρον
1286 2643 1327 2673 pr
1345 2641 1401 2663 om
1425 2630 1461 2663 Ῑι.
1486 2647 1530 2655 -—

80 2680 133 2713 alt
151 2676 373 2737 ἀποδιδοὺς]
391 2679 453 2715 καὶ
471 2679 697 2726 οἰκειότερον
715 2690 744 2713 e.
769 2698 813 2705 —-
839 2680 882 2714 15
898 2677 950 2714 ἔτι
969 2677 1009 2714 δε
1029 2678 1070 2713 αἱ
1092 2679 1195 2732 Cdfh.
1222 2695 1266 2703 —·
1289 2676 1404 2711 πᾶσιν
1417 2676 1470 2718 uf·
1487 2693 1532 2699 --

82 2726 126 2759 16
151 2723 198 2758 τὰ
217 2723 309 2761 ἄλλα
325 2725 451 2760 πάντα
469 2738 523 2760 ue.
550 2746 594 2751 -
636 2727 679 2759 17
701 2723 835 2764 αὐταῖς
850 2725 965 2779 Aeglz.
992 2743 1036 2750 —
1070 2721 1217 2780 ον’σίαι]
1241 2716 1368 2756 ονσίαι
1384 2720 1532 2767 πρῶται

81 2770 212 2824 deglm.
224 2789 270 2797 —-
294 2770 335 2806 δέ
348 2772 400 2826 γε]
420 2764 487 2805 οὖν
507 2783 535 2805 e.
553 2791 595 2797 -
622 2771 664 2806 18
676 2768 802 2805 πάντα
818 2767 867 2804 τοὶ
880 2770 1015 2812 ἄλλαα,
1036 2763 1151 2805 τᾶλλα
1165 2780 1201 2811 ιι,
1214 2767 1342 2804 πάντα
1353 2777 1475 2802 omme.
1487 2784 1533 2791 --

82 2815 127 2850 19
143 2812 214 2861 γάρ
231 2827 309 2858 πως
325 2815 368 2853 τὸ
390 2818 474 2862 Gfg.
498 2837 543 2843 —
565 2818 610 2852 20
626 2814 722 2853 κατὰ
739 2826 796 2850 om
821 2816 920 2860 Cnef
