1794 3086
595 212 845 259 Analytica
869 210 1044 257 priora.
1503 209 1585 251 467

131 314 206 354 bus
232 312 390 353 medius
417 312 609 370 terminus
640 312 891 365 praedicatur
918 312 970 353 de
995 308 1200 351 extremis.
1254 308 1494 350 Aristoteles
1521 310 1585 350 di-

131 378 189 418 cit
214 377 315 417 hoc:
342 375 611 431 λέγεταίπως
627 374 736 428 πρὸς
761 374 867 418 αὐτὸ
894 376 944 418 τὸ
971 373 1115 428 μέσον,
1141 371 1191 414 τὸ
1217 369 1341 426 γένος
1368 371 1581 425 δηλονότι.

78 443 165 483 481)
177 443 228 481 35
255 441 493 494 Exemplum
521 444 584 482 est
611 440 773 481 secundi
802 441 1022 495 syllogismi
1049 440 1201 492 figurae
1228 438 1392 478 tertiae:
1420 439 1462 478 A
1484 438 1582 491 χρό-

132 519 210 555 νος
238 502 362 556 δέων,
391 507 428 547 Β
454 505 615 558 καιρός,
643 506 687 546 Γ
706 504 821 554 θεός.

78 573 198 611 49αό
225 570 266 612 εἲ
288 583 381 620 πως
405 573 542 619 ἄλλως
567 568 730 620 πίπτει,
770 570 805 609 si
830 581 907 608 non
935 568 1139 620 profertur
1166 568 1337 620 simplici
1365 580 1482 615 casu,
1509 567 1583 607 sed

131 650 221 676 cum
251 636 628 689 praepositionibus,
657 634 718 673 vel
746 646 984 685 quocunque
1012 634 1087 672 alio
1114 634 1233 672 modo
1262 633 1363 672 ratio
1391 632 1581 684 exprimi-

128 705 195 739 tur
221 713 323 751 quae
350 701 452 739 inter
479 698 670 738 terminos
696 697 923 737 intercedit.
943 718 997 725 -—
1022 696 1134 736 Talia
1162 697 1403 737 Aristoteles
1432 697 1581 737 addere

129 763 325 817 solen-ut
352 768 540 803 caveatur
567 775 617 802 ne
644 763 738 814 quid
764 762 1091 814 praetermissum
1119 761 1185 811 sit,
1214 761 1320 812 quod
1348 774 1426 801 non
1454 761 1582 802 nomi-

129 829 254 868 natim
282 828 451 876 dixerit,
495 827 679 867 etiamsi
707 827 795 879 ipse
821 825 917 866 nihil
944 826 984 865 in
1011 830 1144 864 mente
1170 825 1317 864 habeat
1345 827 1454 877 quod
1482 826 1583 865 adii-

129 893 311 933 ciendum
340 894 405 941 sit,
433 892 486 931 cf.
517 892 662 931 56b8:
700 903 870 942 namque
896 903 1056 942 semper
1083 889 1158 929 sibi
1184 893 1299 928 cavet
1325 889 1582 939 Aristoteles,

130 970 180 997 ue
217 957 313 1008 quid
350 956 617 996 confidentius
653 954 763 995 dicat
801 955 906 1007 quod
933 968 1010 994 non
1039 955 1136 994 satis
1164 959 1335 1003 constet,
1362 966 1399 994 v.
1426 955 1584 995 408b9

126 1020 176 1062 τὸ
203 1019 250 1062 δὲ
277 1020 547 1062 διανοεῖσθαι
573 1017 600 1073 ἢ
627 1021 829 1060 τοιοῦτον
855 1017 960 1067 ἴσως
985 1016 1013 1072 ἢ
1041 1016 1186 1071 ἕτερόν
1211 1031 1265 1060 τι.

187 1127 287 1181 Gap.
323 1127 390 1169 37.
455 1127 586 1167 Ratio
619 1125 813 1166 habenda
853 1131 913 1166 est
953 1126 998 1165 in
1035 1124 1332 1165 ratiocinando
1367 1124 1582 1164 modorum

77 1192 271 1242 omnium,
298 1192 605 1246 quibuscunque
634 1192 812 1231 alterum
839 1190 893 1231 de
927 1191 1061 1231 altero
1090 1189 1307 1230 enuntiari
1325 1194 1478 1243 potest.

75 1281 213 1327 4927,
243 1278 295 1320 cf.
325 1280 524 1318 1017a22
551 1275 653 1318 καθ’
683 1275 791 1318 αὐτὰ
819 1274 870 1318 δὲ’
893 1272 1004 1318 εἶναι
1021 1274 1184 1329 λέγεται
1202 1271 1362 1329 ὅσαπερ
1385 1274 1583 1329 σημαίνει

128 1341 181 1383 τὰ
207 1342 396 1396 σχήματα
422 1344 495 1397 τῆς
523 1341 805 1395 κατηγορίας·
838 1340 1002 1396 ὁσαχῶς
1039 1340 1123 1396 γὰρ
1158 1340 1346 1395 λέγεται,
1372 1350 1583 1382 τοσαυτα-

127 1408 212 1461 χῶς
237 1406 286 1448 τὸ
314 1403 425 1449 εἶναι
451 1408 658 1461 σημαίνει.

186 1514 284 1568 Gap.
318 1514 385 1555 38.
426 1514 545 1565 Quod
582 1515 764 1554 iteratur
814 1515 859 1553 in
889 1513 1242 1567 propositionibus
1277 1526 1371 1553 cum
1404 1513 1585 1553 termino

75 1579 234 1619 maiore
262 1579 595 1631 coniungendam
625 1584 698 1619 est.
724 1580 778 1618 2⁷
808 1576 907 1618 Non
935 1579 1036 1617 item
1062 1577 1256 1617 sumendi
1273 1583 1372 1618 sunt
1399 1578 1584 1626 termini,

74 1643 114 1683 si
148 1642 248 1697 quid
281 1644 475 1683 universe
514 1649 555 1683 et
590 1643 836 1696 simpliciter
871 1642 1081 1696 colligitur
1119 1647 1161 1682 et
1196 1643 1236 1682 si
1260 1641 1362 1696 quid
1388 1655 1481 1683 cum
1509 1642 1585 1683 ad-

76 1709 291 1748 iunctione
317 1706 510 1761 quadam.

75 1795 161 1834 492
177 1795 226 1832 ll
255 1785 677 1846 ἐπαναδιπλούμενον
704 1792 849 1831 dicitur
873 1791 914 1830 in
936 1791 1116 1831 oratione
1136 1792 1242 1843 quod
1269 1793 1438 1841 accedit,
1465 1806 1583 1845 prae-

129 1857 266 1898 sertim
285 1859 318 1896 si
341 1859 396 1898 ita
418 1858 588 1907 accedit,
608 1861 655 1897 ut
675 1869 815 1896 sensus
843 1860 913 1894 aut
937 1855 1078 1894 leviter
1103 1861 1174 1895 aut
1200 1857 1361 1896 omnino
1388 1870 1467 1896 non
1494 1870 1583 1898 mu-

127 1927 245 1963 tetur.
284 1924 489 1962 1003b28
515 1920 588 1963 καὶ
615 1920 693 1974 οὐχ
719 1918 864 1971 ἕτερόν
890 1932 931 1959 τι
959 1917 1085 1971 δηλοῖ
1107 1917 1215 1960 κατὰ
1240 1917 1321 1973 τὴν
1347 1917 1459 1969 λέξιν
1485 1918 1583 1962 ἐπα-

128 1985 472 2038 ναδιπλούμενον
504 1986 554 2028 τὸ
591 1981 650 2034 εἷς
678 1983 792 2026 ἐστὶν
828 1985 1061 2035 ἄνθρωπος
1095 1982 1169 2025 καὶ
1203 1982 1318 2025 ἔστιν
1344 1986 1582 2038 ἄνθρωπος

124 2079 136 2090 .
157 2081 169 2093 .
188 2080 199 2091 .
222 2047 327 2091 ὥστε
361 2050 555 2103 φανερὸν
592 2049 669 2104 ὅτι
692 2049 721 2104 ἤ
759 2048 992 2101 πρόσθεσις
1019 2047 1066 2090 ἐν
1092 2048 1258 2098 τούτοις
1284 2049 1415 2091 ταύτὸ
1443 2050 1579 2105 δηλοῖ.

126 2117 279 2155 91321
318 2114 356 2156 εἰ
392 2114 439 2156 δὲ
479 2115 537 2170 μὴ
566 2114 681 2157 οὕτω
708 2129 772 2163 τις
798 2114 976 2168 λήψεται
1001 2112 1228 2163 διπλώσας,
1255 2115 1297 2154 h.
1325 2129 1360 2155 e.
1387 2117 1466 2156 nisi
1493 2118 1583 2168 quis

125 2180 422 2231 propositiones
451 2182 506 2220 ita
533 2185 686 2230 sumat,
723 2183 771 2220 ut
805 2181 848 2228 in
876 2185 1043 2231 utraque
1070 2180 1240 2220 alterum
1267 2175 1315 2220 ἐν
1340 2179 1400 2237 τῷ
1425 2179 1467 2220 τί
1494 2178 1582 2222 ἐστι

125 2243 392 2294 praedicetur.
426 2246 607 2286 910b27
633 2241 1033 2286 ἐπαναδιπλοῦσθαι
1059 2245 1260 2298 significat
1279 2245 1361 2292 „ad
1382 2245 1581 2298 integrum

128 2307 304 2347 redire''.

74 2372 127 2411 49
138 2373 222 2426 ulfi
248 2370 475 2412 Notandum
503 2376 566 2412 est
593 2374 712 2414 verbo
738 2374 1006 2426 κατηγορεῖν,
1035 2373 1141 2424 quod
1161 2372 1404 2426 Philoponus
1433 2375 1579 2422 (schol.

125 2437 322 2483 182a29)
362 2449 440 2475 non
468 2436 546 2476 nisi
573 2437 626 2477 de
653 2451 702 2477 eo
730 2439 809 2478 dici
835 2438 1011 2486 notavit,
1048 2438 1156 2488 quod
1192 2450 1289 2476 casu
1326 2443 1438 2478 recto
1466 2452 1581 2491 prae-

125 2500 296 2549 dicetur,
323 2501 390 2540 hic
417 2500 473 2540 ita
502 2501 558 2541 uti
583 2502 868 2553 Aristotelem,
903 2507 948 2541 ut
972 2501 1091 2540 etiam
1121 2502 1173 2542 de
1199 2514 1297 2541 casu
1325 2502 1485 2555 obliquo
1512 2517 1579 2543 ac-

125 2565 307 2618 cipiatur.

74 2630 223 2668 49ει18
251 2626 368 2679 ὅπερ.
411 2629 500 2668 Ηοο
525 2630 757 2681 pronomine
783 2630 908 2670 utitur
936 2628 1187 2677 Aristoteles,
1215 2633 1260 2668 ut
1285 2630 1483 2682 significet
1508 2632 1580 2672 ali-

127 2705 242 2744 quam
271 2707 354 2734 rem
374 2694 431 2733 ita
459 2695 708 2733 coniunctam
737 2707 827 2734 esse
855 2707 945 2734 cum
974 2693 1141 2732 alterius
1169 2692 1226 2732 rei
1246 2697 1400 2742 natura,
1427 2701 1470 2735 ut
1488 2709 1576 2735 eam

128 2757 416 2810 complectatur
455 2759 561 2798 sicut
597 2771 722 2810 genus
760 2759 947 2811 speciem.
1026 2760 1172 2798 &3³30
1208 2752 1312 2810 ὅπερ
1346 2757 1428 2813 γὰρ
1467 2760 1577 2817 ζῳόν

129 2817 241 2862 ἐστιν
277 2820 303 2863 ὁ
329 2823 577 2875 ἄνθρωπος.
635 2824 810 2862 116326
849 2819 977 2863 οὐδὲν
1003 2819 1085 2874 γὰρ
1112 2820 1274 2875 λέγεται
1301 2818 1405 2878 ὅπερ
1432 2825 1480 2867 τὸ
1507 2823 1577 2879 γέ-

1234 2887 1314 2923 3οὴ
