1826 3112
244 212 322 250 292
838 204 1133 256 categoriae.

300 309 427 348 subito
455 309 594 348 transit
621 307 669 346 ad
701 307 952 352 femininum,
982 320 1057 346 non
1095 308 1301 347 ferendum
1338 308 1437 355 erit,
1474 309 1561 347 coll.
1597 310 1721 348 fiblfi

296 370 422 424 ἀρετὴ
458 370 582 422 κακίᾳ
608 366 813 409 ἐναντίον.
869 371 1040 407 111516
1068 368 1175 421 ῥᾷον
1200 369 1229 422 ἦ
1256 367 1514 422 ἐπιχείρησις.
1551 373 1628 409 117
1638 372 1660 409 b
1673 374 1722 410 19

298 434 351 482 οὐ
398 433 478 486 γὰρ
517 433 690 473 κάλλιον
727 431 751 472 ὁ
784 430 987 483 πίθηκος,
1030 431 1274 484 ὁμοιότερον
1312 432 1357 473 δὲ
1392 437 1450 484 τῷ
1495 432 1721 486 α’νθρώπῳ.

296 499 408 536 8781)
425 501 467 534 11
496 495 524 548 ἦ
551 495 607 542 εἰς
634 495 681 536 τὸ
708 494 814 535 κατὰ
841 496 972 547 φύσιν
995 495 1094 543 ὁδὸς
1115 495 1198 549 ἡδύ
1226 494 1349 544 ἐστιν,
1374 494 1447 535 ἐὰν
1473 492 1502 547 ’ᾖ
1532 495 1722 548 αἰσθητή.

297 562 469 599 ’127816
498 561 592 598 οὔτε
620 558 848 610 φλεβώδεις
884 558 1040 608 ὁμοίως
1077 559 1143 604 (αἱ
1177 562 1394 610 γυναῖκες)
1420 558 1724 610 γλαφυρώτερά

297 634 340 661 τε
365 619 437 661 καὶ
466 622 650 672 λειότερα
676 621 727 662 τὰ
753 623 904 674 θήλεαι
932 636 1030 672 quae
1057 636 1175 672 quum
1209 625 1260 661 ita
1292 623 1389 671 sint,
1431 625 1477 661 ab
1499 622 1723 660 Aristotelis

296 685 390 723 stilo
402 685 615 724 abhorrere
627 699 702 724 non
725 687 941 736 putaverim
963 686 1065 735 quod
1087 686 1253 724 habetur
1273 683 1480 736 850334ἢ
1506 680 1569 724 ὅτι
1588 683 1724 723 αἴτιόν

296 744 410 787 ἐστιν
436 745 459 786 ὁ
485 747 660 799 μοχλός,
690 747 820 799 ζυγὸν
839 746 899 788 ὢν
926 748 1118 788 κάτωθεν
1140 744 1235 798 ἔχον
1262 746 1309 786 τὸ
1339 747 1543 798 σπαρτίον
1567 745 1639 787 καὶ
1667 746 1725 793 εἰς

296 811 423 850 ἄνισα
450 808 729 863 διῃρημένον,
758 814 795 850 in
823 813 965 861 quibus
997 812 1090 848 Bkk.
1121 823 1257 848 vocem
1283 808 1343 849 ὢν
1371 812 1522 848 uncinis
1551 811 1722 849 inclusit.

355 914 451 966 Cap.
468 915 505 952 6.
537 915 654 962 Quod
673 920 871 967 quantum
896 919 955 951 est
977 913 1020 951 id
1047 914 1112 951 vel
1135 913 1355 952 discretum
1388 926 1474 951 esse
1499 915 1724 961 (numerus,

245 978 398 1023 oratio)
427 977 493 1014 vel
521 978 757 1020 continuum
786 978 932 1021 (linea,
960 977 1210 1028 supevficies,
1236 988 1404 1028 corpus;
1431 980 1603 1027 tempus,
1630 988 1724 1026 spa-

243 1041 366 1083 tium)
400 1039 597 1089 exemplis
625 1038 939 1078 demonstratur.
980 1040 1097 1076 5a15
1126 1038 1274 1082 Linea,
1303 1040 1552 1090 superficies,
1582 1049 1727 1089 corpus

245 1106 284 1139 et
311 1101 492 1152 spatium
534 1105 723 1138 constant
762 1114 784 1139 e
814 1099 1003 1151 partibus
1035 1101 1282 1152 positionem
1315 1100 1520 1152 quandam
1548 1101 1657 1138 inter
1682 1112 1727 1138 se

243 1163 496 1209 habentibus,
523 1175 605 1200 non
631 1163 694 1200 ita
714 1175 928 1210 ῃιιπιενιιε,
956 1168 1117 1214 tempus
1147 1169 1186 1201 et
1215 1165 1360 1202 oratio.
1412 1166 1462 1200 38
1491 1162 1593 1200 Sola
1620 1174 1727 1214 quae

243 1225 541 1264 nominavimus
566 1225 736 1276 proprie
766 1224 961 1263 dicuutur
989 1231 1158 1276 quanta,
1186 1227 1345 1279 reliqua
1373 1226 1510 1264 omnia
1536 1238 1618 1263 non
1646 1225 1727 1262 nisi

242 1292 445 1340 quatenus
474 1287 530 1325 ad
556 1287 631 1325 illa
658 1286 926 1326 reducuntur.
964 1289 1050 1326 bll
1077 1288 1140 1325 Ei
1164 1288 1271 1339 quod
1297 1293 1494 1340 quantum
1523 1291 1596 1334 est,
1624 1286 1728 1324 nihil

245 1351 523 1389 contrarium.-
551 1350 714 1387 tollitur
742 1349 968 1402 difficultas
995 1362 1116 1401 quam
1144 1350 1266 1388 habet
1294 1350 1436 1400 magni
1465 1354 1506 1387 et
1529 1349 1654 1400 parvi
1671 1349 1727 1386 si-

242 1413 482 1464 miliumque
516 1412 730 1463 oppositio.
771 1414 890 1450 6a12
921 1411 1037 1459 Quod
1065 1413 1108 1449 in
1135 1413 1271 1463 spatio
1306 1413 1556 1451 contrarium
1597 1416 1656 1449 est
1684 1410 1728 1449 id

242 1475 423 1528 maxime
456 1475 501 1512 iu
538 1474 815 1526 quantitatem
857 1475 1057 1512 convenit.
1114 1475 1163 1510 19
1205 1474 1388 1512 Gradum
1425 1487 1505 1512 mm
1544 1473 1727 1511 admittit

243 1538 464 1590 quantitas.
494 1539 545 1575 26
569 1537 816 1588 Aequalitas
837 1541 877 1574 et
902 1536 1179 1588 inaequalitas
1208 1538 1387 1575 maxime
1407 1537 1604 1589 propriae
1630 1542 1727 1574 sunt

244 1599 501 1653 quantitatis·

242 1683 369 1721 4b20
395 1684 472 1722 τοῦ
500 1681 544 1721 δὲ
570 1684 721 1722 ποσοῦ.
761 1684 931 1721 102οειῖ
965 1682 1102 1723 ποσὸν
1139 1679 1299 1732 λέγεται
1336 1681 1383 1721 τὸ
1420 1682 1631 1732 διαιρετὸν
1671 1681 1728 1729 εἰς

292 1743 357 1784 ἀεὶ
381 1743 639 1795 ὑπάρχοντα,
668 1736 730 1784 ὧν
756 1742 955 1795 ἑκάτερον
980 1744 1006 1796 ἢ
1035 1744 1211 1784 ἕκαστον
1237 1741 1284 1783 ἔν
1309 1757 1348 1783 τι
1373 1744 1444 1784 καὶ
1469 1745 1565 1785 τόδε
1591 1758 1631 1784 τι
1657 1743 1728 1785 πέ-

296 1821 433 1859 φυκεν
468 1803 589 1847 εἶναι.
625 1809 789 1860 πλῆθος
815 1806 892 1860 μὲν
920 1803 998 1847 οὖν
1025 1807 1160 1848 ποσόν
1184 1821 1224 1846 τι
1250 1805 1303 1846 ἂν
1330 1806 1566 1860 ἀριθμητὸν
1591 1804 1634 1859 ᾖ,
1663 1807 1730 1858 μέ-

295 1873 425 1922 γεθος
451 1869 497 1910 δὲ
525 1869 579 1910 ἂν
605 1867 809 1922 μετρητὸν
835 1867 876 1922 ᾗ.
907 1869 1066 1921 λέγεται
1083 1869 1128 1911 δὲ
1153 1872 1317 1923 πλῆθος
1343 1868 1420 1920 μὲν
1445 1870 1492 1911 τὸ
1521 1870 1730 1920 διαιρετὸν

296 1933 475 1984 δυνάμει
503 1932 561 1980 εἰς
587 1931 645 1985 μὴ
675 1935 852 1985 συνεχῆ,
882 1932 1059 1985 μέγεθος
1086 1932 1132 1974 δὲ
1158 1932 1205 1973 τὸ
1235 1933 1292 1980 εἷς
1319 1936 1484 1986 συνεχῆ.
1521 1932 1730 1985 μεγέθους

301 1995 348 2036 δὲ
373 1996 421 2036 τὸ
449 1995 526 2048 μὲν
553 1994 620 2047 ἐφ’
645 1998 693 2036 ἓν
720 1994 889 2046 συνεχὲς
914 1999 1060 2048 μῆκος,
1087 1996 1135 2035 τὸ
1161 1995 1196 2035 δ’
1226 1993 1292 2035 ἐπὶ
1316 1995 1395 2035 δύο
1419 1996 1585 2045 πλάτος,
1613 1996 1660 2037 τὸ
1689 1996 1728 2037 δ’

296 2056 364 2098 ἐπὶ
383 2058 479 2109 τρία
501 2058 649 2110 βάθος.
679 2058 841 2099 τούτων
859 2057 904 2098 δὲ
931 2060 1098 2111 πλῆθος
1124 2055 1171 2098 τὸ
1198 2057 1513 2109 πεπερασμένον
1532 2058 1608 2110 μὲν
1634 2058 1730 2111 ἀρι-

296 2121 419 2174 θμός,
443 2123 577 2175 μῆκος
605 2121 650 2162 δὲ
676 2121 861 2173 γραμμή,
888 2121 1042 2168 πλάτος
1067 2119 1111 2161 δὲ
1142 2118 1385 2173 ἐπιφάνεια,
1415 2122 1551 2173 βάθος
1579 2121 1624 2163 δὲ
1652 2123 1729 2163 σῶ-

297 2198 368 2236 μα.
424 2181 483 2224 ἔτι
517 2184 570 2225 τὰ
596 2183 672 2236 μὲν
697 2182 856 2236 λέγεται
883 2186 982 2224 καθ’
1011 2183 1118 2224 αὐτὰ
1151 2184 1262 2224 ποσὰ
1300 2186 1422 2233 ἄττα,
1461 2184 1514 2225 τὰ
1540 2183 1586 2225 δὲ
1624 2183 1731 2225 κατὰ

298 2247 576 2300 συμβεβηκός.
640 2248 905 2300 opponuntur
942 2247 990 2288 τὸ
1027 2245 1162 2288 ποσὸν
1197 2253 1238 2287 et
1274 2247 1321 2287 τὸ
1358 2247 1484 2288 ποιόν
1514 2251 1730 2287 1063α2ῗι

297 2314 425 2351 τοῦτο
449 2309 495 2351 δὲ
521 2311 588 2358 (τὸ
611 2311 756 2356 ποιὸν)
783 2312 858 2363 τῆς
885 2309 1116 2363 ὡρισμένης
1143 2311 1323 2363 φύσεως,
1351 2308 1398 2351 τὸ
1426 2310 1471 2350 δὲ
1497 2311 1631 2350 ποσὸν
1656 2312 1732 2364 τῆς

301 2373 514 2425 ἀορίστου.
536 2397 588 2403 -—
617 2376 720 2412 1016
732 2378 786 2413 a5
815 2372 983 2426 συνεχὲς
1021 2373 1066 2415 δὲ
1094 2377 1165 2423 (de
1193 2388 1270 2425 quo
1296 2387 1330 2414 v.
1361 2374 1475 2412 Biese
1502 2374 1536 2412 ΙΙ
1562 2388 1602 2425 p.
1630 2376 1727 2420 226)

299 2435 461 2489 λέγεται
497 2429 550 2477 οὗ
584 2436 746 2488 κίνησις
780 2436 870 2488 μία
891 2439 990 2477 καθ’
1031 2434 1135 2478 αὐτὸ
1168 2434 1239 2477 καὶ
1274 2434 1331 2488 μὴ
1367 2431 1460 2476 οἷόν
1499 2449 1543 2475 τε
1572 2437 1728 2483 ἄλλως·

301 2500 377 2551 μία
398 2499 436 2540 δ’
459 2492 513 2540 οὗ
540 2498 787 2550 ἀδιαίρετος,
814 2499 1048 2553 ἀδιαίρετος
1075 2501 1120 2542 δὲ
1145 2499 1251 2542 κατὰ
1279 2498 1446 2551 χρόνον.
1487 2500 1587 2538 καθ’
1624 2498 1730 2539 αὐτὰ

302 2562 348 2603 δὲ
383 2565 537 2617 συνεχῆ
575 2558 655 2603 ὅσα
681 2560 738 2615 μὴ
765 2561 856 2616 ἁφῇ
884 2563 942 2603 ἕν.
984 2568 1153 2604 106935
1179 2563 1226 2604 τὸ
1255 2561 1299 2603 δὲ
1327 2560 1496 2614 συνεχὲς
1518 2557 1618 2614 ὅπερ
1640 2560 1728 2613 ἐχό-

299 2627 428 2677 μενόν
464 2639 505 2667 τι
534 2624 562 2677 ἢ
590 2624 840 2677 ἀπτόμενον.
876 2625 982 2679 λέγω
1010 2626 1055 2668 δὲ
1081 2624 1267 2678 συνεχές,
1315 2621 1416 2666 ὅταν
1440 2622 1569 2665 ταύτὸ
1606 2624 1727 2677 γένη-

299 2701 368 2728 ται
406 2688 478 2730 καὶ
509 2687 557 2729 ἓν
591 2685 639 2729 τὸ
679 2686 875 2742 ἑκάτερον
913 2689 1040 2742 πέρας
1079 2686 1140 2738 οἷς
1165 2688 1369 2730 ἅπτονται
1394 2687 1465 2728 καὶ
1518 2685 1723 2740 συνέχον-

300 2762 389 2802 ται,
423 2749 526 2794 ὥστε
561 2751 692 2806 δῆλον
727 2748 793 2794 ὅτι
815 2748 864 2795 τὸ
891 2752 1058 2807 συνεχὲς
1084 2752 1131 2795 ἐν
1155 2752 1320 2801 τούτοις
1349 2749 1390 2801 ἐξ
1417 2743 1478 2793 ὧν
1506 2752 1552 2792 ἓν
1578 2765 1618 2792 τι
1646 2750 1721 2792 πέ-
