1734 3100
197 221 275 274 2166
718 236 966 281 Analytica
990 239 1160 282 priora.

197 333 354 374 481118*
372 332 451 374 οὐκ
477 332 561 373 ἔστι
589 331 635 373 δὲ
659 332 709 373 τὸ
726 361 736 370 .
757 362 767 372 .
788 361 799 372 .
817 347 947 385 neque
967 335 1168 375 conclusio
1195 347 1322 386 neque
1349 332 1563 386 propositio
1589 343 1671 371 mu-

249 397 311 436 ior
335 410 469 442 casum
496 401 649 436 rectum
677 397 810 442 habet,
837 398 909 436 sed
938 399 1066 437 minor
1091 398 1185 437 sola.

200 460 348 498 48b21
377 456 444 498 ὁτὲ
479 456 556 510 μὲν
591 456 843 510 λεγομένους
890 462 1070 512 exemplo
1108 466 1171 500 est
1205 459 1395 512 τάγαθόν
1433 454 1675 509 ἐστιγένος

251 535 311 562 vs,
337 524 408 569 263
445 519 512 561 ὁτὲ
548 519 593 561 δὲ
619 521 676 575 μὴ
702 521 956 574 λεγομένους
993 524 1174 575 exemplo
1201 530 1264 563 est
1289 526 1367 563 τοῦ
1394 522 1564 574 ἀγαθοῦ
1592 518 1677 560 ἐστὶ

251 583 375 636 γένος
401 598 456 625 vs,
483 589 546 625 23.
599 586 721 625 Iidem
759 589 912 627 termini
949 593 1040 626 sunt
1074 588 1114 625 in
1143 592 1308 638 utroque
1336 587 1516 637 exemplo
1543 586 1584 623 A
1609 582 1675 636 γέ-

253 661 343 696 νος,
366 649 401 687 Β
419 645 633 701 ἓπιότήμη,
662 648 765 690 Γτὸ
786 649 964 701 ἀγαθόν.
1009 651 1162 690 Accidit
1189 651 1228 689 in
1254 651 1315 689 his
1345 648 1546 688 Aristoteli
1572 647 1676 698 quod

251 713 338 763 ipse
372 714 587 751 cavendum
626 726 714 751 esse
750 715 1014 764 praemonuit:
1053 715 1230 766 peccavit
1265 713 1368 752 enim
1404 710 1520 764 παρὰ
1544 709 1593 751 τὸ
1619 708 1675 761 μὴ

251 775 390 822 καλῶς
424 772 664 815 ἐκτίθεσθαι
698 770 800 823 τοὺς
826 774 980 827 ὅρουςε
1008 788 1173 825 namque
1191 776 1354 814 <medius
1381 776 1572 814 terminus
1600 787 1676 813 non

253 851 352 879 unus
375 843 495 877 estet
515 840 620 878 idem
639 840 678 877 in
698 841 846 879 maiore
874 844 914 878 et
940 841 979 878 in
1004 839 1152 876 minore
1177 839 1456 889 propositione,
1484 837 1676 887 siquidem

252 901 294 940 in
320 901 388 939 ina
416 905 493 948 (vs.
522 904 574 940 22
605 906 647 940 et
675 905 747 947 24)
783 904 972 941 terminus
1012 901 1049 939 Β
1086 905 1148 939 est
1172 897 1220 940 τὸ
1248 892 1300 939 οὗ
1328 897 1438 939 ἐστὶν
1464 897 1678 951 ἐπιστήμη,

253 965 293 1004 h.
319 977 356 1004 e.
384 962 432 1003 τὸ
460 962 692 1015 ἐπιστητόν,
720 965 758 1004 in
785 966 862 1004 hac
886 977 980 1003 vero
1006 962 1035 1016 ἦ
1062 961 1275 1016 ἐπιστήμη.

202 1028 353 1066 48b27
379 1026 456 1067 τὸν
482 1027 614 1068 αὐτὸν
641 1025 693 1080 δὴ
717 1057 727 1067 .
748 1057 757 1067 .
780 1057 790 1067 .
823 1028 880 1067 Ut
905 1028 1154 1079 praedicatur
1181 1028 1345 1066 alterum
1374 1027 1424 1066 de
1449 1026 1575 1065 altero
1603 1037 1680 1064 non

254 1090 380 1129 solum
409 1103 503 1130 casu
531 1096 654 1141 recto,
685 1091 755 1130 sed
785 1091 902 1130 etiam
931 1091 1103 1141 obliquo,
1131 1092 1186 1129 sic
1213 1091 1328 1129 etiam
1357 1095 1520 1140 negatur
1547 1094 1589 1128 et
1614 1101 1679 1127 re-

255 1157 320 1192 cto
348 1166 442 1193 casu
469 1160 511 1193 et
537 1155 705 1205 obliquo.

202 1217 353 1255 48b30
382 1215 461 1257 οὐκ
496 1216 578 1257 ἔστι
604 1217 807 1270 κινήσεως
832 1230 884 1265 κ..
910 1230 946 1256 v,
972 1218 1147 1257 225b15
1175 1216 1254 1256 οὐκ
1281 1213 1364 1256 ἔστι
1389 1214 1590 1267 κινήσεως
1616 1212 1678 1254 κί-

254 1287 372 1331 νησις
400 1278 500 1320 οὐδὲ
532 1279 728 1331 γενέσεως
761 1279 919 1332 γένεσις
946 1279 1038 1320 οὐδ’
1066 1278 1173 1327 ὅλως
1200 1278 1405 1332 μεταβολὴ
1435 1278 1679 1330 μεταβολῆς,

256 1344 359 1394 quod
380 1346 589 1395 exponitur
611 1346 657 1383 iis
679 1357 777 1396 quae
805 1350 1031 1395 sequuntur.
1061 1344 1362 1383 Generationem
1390 1355 1479 1382 esse
1506 1342 1679 1392 speciem

256 1413 387 1446 motus
413 1408 581 1446 vidimus
609 1410 764 1455 15a13,
791 1409 858 1446 ubi
886 1407 938 1447 cf.
966 1420 1067 1457 quae
1093 1408 1273 1446 diximus.
1321 1406 1524 1458 Colligitur
1541 1417 1606 1445 vs.
1630 1405 1680 1442 31

255 1470 384 1521 primo
403 1471 521 1509 modo
547 1471 743 1510 secundae
767 1471 928 1521 figurae,
956 1483 1013 1510 vs.
1033 1473 1084 1508 32
1111 1471 1284 1509 secundo
1312 1469 1489 1508 eiusdem
1517 1469 1681 1520 figurae.

257 1534 410 1572 Docent
441 1533 541 1571 haec
577 1534 754 1584 exempla
791 1534 931 1572 melius
970 1546 1084 1584 quam
1120 1546 1167 1571 ea
1194 1533 1244 1571 de
1271 1533 1411 1583 quibus
1438 1532 1604 1570 diximus
1631 1529 1681 1567 ad

206 1611 209 1613 “
255 1608 312 1634 vs.
341 1597 391 1634 21
429 1596 719 1634 conclusionem
746 1596 893 1634 habere
920 1608 1036 1646 posse
1064 1607 1198 1634 casum
1234 1600 1408 1640 rectum,
1451 1605 1682 1644 quamquam

257 1663 423 1708 utraque
443 1659 662 1708 propositio
681 1659 824 1697 habeat
843 1659 1054 1707 obliquum.
1076 1679 1124 1685 —
1145 1657 1214 1697 Vs.
1244 1660 1293 1695 31
1321 1655 1479 1708 ἡδονῆς
1498 1654 1535 1695 δ’
1556 1653 1681 1703 ἔστιν,

256 1734 345 1760 nam
372 1719 507 1772 ἡδονή
535 1718 621 1760 ἐστι
647 1720 810 1771 κίνησις
835 1723 920 1760 τῶν
945 1717 1096 1772 ἡδέων,
1123 1732 1159 1760 v,
1187 1721 1368 1758 666a11.

205 1786 352 1825 48b34
379 1784 531 1822 Eodem
566 1784 684 1822 modo
713 1797 779 1822 res
809 1796 853 1822 se
879 1785 1000 1823 habet
1026 1784 1248 1834 ubicunque
1273 1783 1313 1820 in
1341 1781 1589 1820 conclusione
1614 1792 1683 1819 ne-

257 1852 374 1899 gatur
400 1847 566 1885 alterum
594 1847 645 1884 de
671 1846 819 1896 altero,
857 1846 959 1897 qnod
996 1859 1118 1897 genus
1157 1846 1328 1892 (medius
1356 1844 1565 1888 terminus)
1595 1855 1682 1882 cer-

259 1915 340 1949 tam
367 1909 558 1959 quandam
587 1910 779 1947 rationem
810 1910 882 1955 (cf.
904 1911 1144 1954 49a2—5)
1173 1910 1291 1948 habet
1318 1908 1366 1946 ad
1395 1921 1440 1946 ea
1468 1908 1518 1945 dc
1545 1907 1682 1957 quibus

257 1972 527 2025 praedicatur:
567 1984 654 2010 nam
693 1969 797 2011 αὐτὸ
824 1985 880 2010 vs.
910 1974 959 2009 35
995 1972 1167 2010 refertur
1201 1972 1358 2027 quidem
1387 1971 1436 2009 ad
1463 1969 1685 2021 πρόβλημα

261 2036 363 2087 quod
388 2035 617 2086 praecessit,
642 2035 711 2073 sed
739 2035 1033 2085 intelligendum
1062 2039 1123 2073 est
1150 2035 1200 2073 de
1227 2035 1403 2073 terminis
1430 2034 1497 2083 qui
1525 2033 1685 2071 conclu-

259 2100 406 2138 sionem
449 2095 515 2142 (τὸ
540 2095 781 2149 πρόβλημα)
820 2099 1073 2138 constituunt.
1138 2097 1205 2135 Sic
1233 2110 1449 2149 pronomen
1477 2094 1603 2145 αὐτό,
1641 2099 1686 2134 ut

261 2162 360 2200 dicit
376 2160 427 2199 H.
448 2161 610 2199 Rassow
630 2161 858 2200 Aristotelis
886 2162 936 2199 de
956 2162 1124 2200 notionis
1146 2161 1370 2199 definitione
1392 2159 1579 2206 doctrina,
1611 2159 1685 2197 Be-

260 2226 335 2265 rol.
363 2225 464 2262 1843
492 2238 528 2275 p.
548 2226 598 2262 55
625 2228 704 2262 not.
727 2226 763 2273 l,
791 2224 893 2271 „etsi
921 2236 1066 2273 genere
1093 2225 1254 2263 vetitum
1279 2223 1344 2271 sit,
1373 2223 1420 2260 ad
1438 2219 1687 2273 ἐπιφάνειαν

263 2287 513 2327 referendum
548 2287 636 2324 est''
674 2289 808 2326 10291)
822 2289 870 2325 19
906 2285 1009 2327 ἀλλὰ
1049 2284 1134 2340 μὴν
1171 2283 1269 2327 οὐδὲ
1306 2284 1354 2325 τὸ
1382 2283 1423 2334 ἐξ
1449 2284 1612 2336 ἀμφοῖν
1636 2283 1685 2325 τὸ
1721 2305 1723 2308 -

210 2363 212 2365 ’
264 2345 486 2400 ἐπιφανείᾳ
519 2349 648 2401 λευκῇ
686 2344 806 2390 εἶναι.
862 2348 932 2390 διὰ
957 2350 998 2389 τί
1006 2366 1018 2398 ,·
1059 2349 1122 2391 ὅτι
1161 2349 1380 2402 πρόσεστιν
1409 2348 1538 2389 αὐτός
1565 2361 1686 2398 quare

264 2424 342 2451 non
379 2412 576 2461 probanda
611 2414 688 2451 erit
723 2414 842 2453 lectio
871 2411 992 2466 αὕτη,
1021 2428 1134 2466 quam
1162 2413 1319 2467 plurimi
1346 2413 1502 2452 codices
1530 2412 1688 2451 habent.

265 2473 413 2514 '150118
439 2477 541 2515 πᾶσι
558 2473 640 2528 γὰρ
659 2475 825 2524 τούτοις
849 2476 1006 2528 γίνεται
1034 2477 1081 2531 (ἦ
1106 2477 1190 2517 τῶν
1214 2475 1486 2527 καταμηνίων
1511 2473 1685 2526 ἀπόκρι-

267 2541 376 2586 σις),
411 2539 500 2585 τοῖς
533 2538 611 2590 μὲν
636 2539 811 2590 πλείων,
838 2543 927 2588 τοῖς
954 2540 993 2581 δ’
1020 2538 1213 2588 ἐλάττων,
1241 2542 1329 2587 τοῖς
1357 2538 1403 2580 δὲ
1427 2537 1610 2590 τοσαύτη
1636 2535 1685 2579 τὸ

267 2602 429 2654 πλῆθος
448 2598 552 2642 ὥστε
572 2601 677 2644 ὅσον
695 2617 742 2656 γε
758 2601 1052 2656 ἐπισημαίνειν.
1091 2605 1156 2646 Cf.
1177 2617 1276 2656 quae
1303 2604 1467 2643 diximus
1495 2603 1543 2641 ad
1571 2604 1597 2640 4
1610 2603 1633 2641 b
1647 2604 1687 2651 4,

267 2665 316 2704 ud
343 2668 436 2704 6118
463 2673 505 2705 et
532 2668 581 2706 ad
610 2669 729 2707 lohl
747 2669 819 2708 sub
843 2669 911 2710 fin.
951 2668 1174 2708 Alexander
1198 2674 1307 2707 recte
1334 2667 1522 2715 explicuit
1547 2665 1595 2706 τὸ
1620 2663 1688 2717 γέ-

266 2740 342 2774 νος
377 2742 448 2779 per
473 2726 522 2770 τὸ
548 2728 700 2781 μέσον,
740 2744 868 2783 neque
892 2736 1022 2771 tamen
1048 2732 1254 2782 quidquam
1282 2730 1435 2769 videtur
1462 2730 1687 2769 mutandum

270 2803 384 2830 esse:
411 2804 499 2832 nam
529 2805 659 2834 sermo
686 2800 748 2835 est
775 2795 825 2835 de
853 2795 1089 2848 syllogismis
1118 2794 1313 2834 secundae
1339 2794 1499 2844 figurae,
1528 2793 1567 2831 in
1594 2793 1686 2844 qui-
