1826 3112
256 191 334 229 106
782 190 1163 226 ΚΑΤΗΓΟΡΙΛΙ.

258 286 397 348 ὠχρὸς
415 289 486 334 καὶ
504 288 686 334 ἕκαστον
702 291 787 334 τῶν
803 286 1012 333 τοιούτων
1025 304 1035 313 ·
1071 284 1181 333 ὥστε
1199 287 1270 333 καὶ
1293 288 1412 343 εἴτις
1428 285 1563 347 φύσει
1583 290 1669 333 τῶν

257 354 468 404 τοιούτων
482 372 522 400 τι
537 358 695 400 παθῶν
712 353 945 408 πέπονθεν,
975 353 1021 399 ἔκ
1038 370 1166 399 τινων
1187 357 1389 413 φυσικῶν
1405 351 1670 412 συμπτωμά-

213 433 247 461 1⁵
262 438 346 466 των
374 418 453 482 τὴν
485 418 639 479 ὁμοίαν
669 416 820 479 χροιὰν
849 419 966 475 εἰκός
993 418 1159 464 ἐστιν”
1135 436 1241 478 εχειν
1261 417 1426 464 αυτόν·
1461 415 1558 480 ἥτις
1589 415 1671 479 γὰρ

262 490 347 532 νῦν
370 486 413 532 ἐν
431 490 490 567 τῷ
509 486 806 546 αἰσχυνθῆναι
826 484 1023 541 διάθεσις
1039 489 1124 530 τῶν
1145 485 1241 544 περὶ
1266 482 1316 530 τὸ
1343 487 1467 543 σῶμα
1496 483 1671 544 ἐγένετο,

263 553 336 598 καὶ
351 549 459 597 κατὰ
479 548 680 611 φυσικὴν
697 550 907 598 σύστασιν
924 548 953 612 ἡ
975 548 1086 611 αὕτη
1108 548 1261 611 γένοιτ’
1288 548 1365 630 ἄν,
1401 546 1508 596 ω’στε
1538 547 1672 610 φύσει

263 619 335 663 καὶ
357 615 439 678 τήν
457 614 608 675 χροιὰν
625 615 780 675 ὁμοίαν
799 617 1032 676 γίγνεσθαι.
1069 613 1152 661 ὅσα
1173 617 1251 675 μὲν
1269 607 1353 662 οὖν
1370 614 1673 661 τῶντοιούτων

212 703 247 730 20
262 680 586 741 συμπτωμάτων
611 679 699 728 οἷπό
730 699 858 727 τινων
882 685 1040 727 παθῶν
1069 681 1341 744 δυσκινήτων
1370 682 1443 726 καὶ
1471 694 1672 741 παραμο-

261 749 395 830 νίμων
445 744 527 809 τὴν
579 744 716 807 ἀρχὴν
771 748 921 808 εἴληφε
938 780 950 802 ,
1016 746 1240 810 ποιότητες
1290 747 1496 828 λέγονται.
1593 747 1673 791 εἴτε

260 812 341 875 γὰρ
387 813 433 859 ἐν
474 816 527 873 τῇ
578 810 689 858 κατὰ
741 811 883 873 φύσιν
928 811 1135 858 συστάσει
1187 811 1377 873 ωχρότης
1419 810 1452 874 ἢ
1495 812 1674 870 μελανία

260 879 491 941 γεγένηται,
524 877 748 940 ποιότητες
781 878 975 939 λέγονται
1004 878 1149 938 (ποιοὶ
1177 875 1258 938 γὰρ
1286 874 1395 922 κατὰ
1419 876 1579 932 ταύτας
1604 880 1675 922 λε-

260 944 479 1006 γόμεθα),
525 945 604 990 εἴτε
641 942 715 989 διὰ
751 942 885 989 νόσον
918 941 1088 1002 μακρὰν
1120 940 1153 1004 ἢ
1190 941 1263 989 διὰ
1290 946 1438 1001 καῦμα
1476 940 1528 988 τὸ
1559 939 1670 988 αὐτὸ

211 1029 245 1059 2⁵
261 1014 393 1057 τοῦτο
412 1009 682 1090 συμβέβηκεν
700 1007 891 1070 ὥχρότης
921 1005 954 1070 ἢ
973 1008 1165 1067 μελανία,
1190 1010 1264 1054 καὶ
1289 1006 1349 1071 μὴ
1378 1007 1536 1071 ῥᾳδίως
1563 1006 1675 1054 ἄπο-

261 1076 545 1122 καθίστανται
574 1071 604 1136 ἢ
633 1075 706 1120 καὶ
735 1073 808 1120 διὰ
835 1075 936 1134 βίου
976 1074 1298 1135 παραμένουσι,
1340 1073 1563 1135 ποιότητες
1602 1074 1676 1120 καὶ

262 1140 395 1188 αὐταὶ
444 1141 663 1202 λέγονται·
734 1138 895 1199 ὁμοίως
937 1137 1020 1200 γὰρ
1067 1141 1187 1186 ποιοὶ
1235 1137 1344 1187 κατὰ
1395 1139 1556 1195 ταύτας
1605 1142 1676 1185 λε-

261 1207 441 1269 γόμεθα.
510 1203 596 1252 ὅσα
624 1207 671 1252 δε
701 1202 788 1252 ἄπὸ
818 1205 986 1270 ῥαδίως
1006 1206 1302 1265 διαλυομένων
1325 1206 1398 1251 καὶ
1424 1223 1535 1265 ταχυ
1565 1202 1676 1250 απο-

262 1272 589 1332 καθισταμένων
625 1273 783 1332 γίνεται
797 1306 809 1328 ,
853 1270 979 1332 πάθη
1028 1272 1213 1332 λέγεται·
1267 1269 1327 1318 οὐ
1361 1269 1445 1332 γὰρ
1480 1271 1677 1331 λέγονται

212 1361 247 1388 ao
262 1339 386 1386 ποιοί
403 1356 513 1394 τινες
542 1336 651 1384 κατὰ
677 1337 850 1393 ταύτας.
918 1334 1018 1384 οὔτε
1049 1336 1131 1398 γὰρ
1152 1336 1177 1383 6
1206 1338 1429 1397 ἐρυθριων
1449 1334 1521 1382 διὰ
1536 1334 1587 1382 τὸ
1609 1337 1678 1382 αἰ-

262 1407 509 1467 σχυνθῆναι
545 1404 758 1464 ἑρυθρίας
788 1402 974 1463 λέγεται,
1008 1402 1110 1450 οὔτε
1139 1401 1164 1450 6
1184 1402 1352 1464 ω’χριῶν
1369 1401 1439 1448 διὰ
1460 1400 1510 1448 τὸ
1534 1406 1678 1463 φοβη-

261 1475 401 1532 θῆναι
423 1468 593 1530 ωχρίας,
625 1468 736 1515 ἄλλα
759 1472 923 1529 μᾶλλον
943 1470 1209 1516 πεπονθέναι
1226 1487 1278 1515 τι.
1332 1465 1438 1515 ωστε
1456 1467 1582 1528 πάθη
1601 1468 1678 1527 μὲν

262 1534 315 1582 τὰ
342 1539 525 1583 τοιαῦτα
550 1536 735 1596 λέγεται,
774 1533 997 1595 ποιότητες
1025 1536 1071 1581 δε
1102 1552 1173 1581 ου.
1240 1533 1400 1595 ὁμοίως
1433 1534 1478 1580 δὲ
1504 1532 1679 1590 τούτοις

263 1603 337 1648 καὶ
364 1599 474 1648 κατὰ
512 1599 594 1664 τὴν
630 1598 780 1663 ψυχὴν
808 1602 1056 1682 παθητικαὶ
1099 1599 1327 1663 ποιότητες
1352 1600 1426 1646 καὶ
1454 1599 1580 1660 πάθη
1607 1599 1679 1645 λέ-

215 1689 250 1717 85
264 1685 390 1729 γεται.
432 1665 517 1714 ὅσα
536 1685 579 1713 τε
599 1665 680 1728 γὰρ
703 1668 747 1713 ἐν
773 1670 827 1725 τῇ
845 1666 1004 1725 γενέσει
1021 1665 1163 1723 εὐθυς
1183 1666 1271 1714 από
1288 1683 1417 1712 τινων
1435 1669 1593 1711 παθῶν
1608 1682 1678 1726 γε-

264 1734 459 1796 γένηται,
522 1732 751 1794 ποιότητες
811 1732 1005 1792 λέγονται
1019 1766 1031 1788 ,
1091 1730 1186 1779 οἷον
1234 1731 1265 1795 ἤ
1312 1749 1356 1778 τε
1399 1729 1555 1792 μανικὴ
1610 1731 1680 1776 ε’κ-

160 1832 191 1863 p.
206 1816 251 1850 10
268 1811 419 1856 στασις
437 1797 557 1844 καὶ
530 1817 560 1862 η
582 1797 690 1861 ὀργὴ
712 1798 786 1843 καὶ
809 1795 862 1843 τὰ
890 1801 1095 1844 τοιαῦτα·
1129 1799 1250 1846 ποιοὶ
1271 1796 1355 1859 γὰρ
1386 1795 1495 1843 κατὰ
1522 1794 1682 1853 ταύτας

357 1924 398 1958 14
414 1923 500 1966 τοῖν]
522 1921 561 1955 ἐκ
578 1922 652 1955 τῶν
669 1933 698 1955 c.
721 1939 766 1947 —
799 1923 840 1955 15
858 1934 895 1955 τι
913 1928 992 1964 post
1015 1921 1055 1954 14
1072 1933 1126 1960 τις
1145 1932 1182 1965 g.
1205 1939 1250 1945 —
1280 1925 1331 1962 τι]
1356 1933 1390 1954 τι
1409 1918 1684 1972 συμπτωμάτων

263 1964 289 2010 ἢ
304 1979 328 1999 π
351 1967 485 1999 omissis
503 1965 578 1999 ἐκ..
594 1977 743 2008 ..συμπτ
767 1983 812 1990 -
834 1978 886 1998 τι.
896 1965 1088 2008 Ἡσυμπτ]
1108 1964 1383 2017 συμπτωμάτων
1399 1963 1541 1998 τούτων
1555 1977 1591 1996 τι
1609 1964 1684 1996 τῶν

264 2012 402 2046 παθῶν
417 2009 582 2044 πέπονθε
601 2022 628 2043 c.
653 2029 695 2034 —
726 2010 891 2051 φυσικῶν
912 2021 965 2040 om
982 2020 1018 2052 g.
1044 2027 1088 2034 —
1122 2010 1162 2041 16
1185 2006 1300 2041 αὐτὸν
1316 2006 1408 2050 ἔχειν
1425 2006 1521 2041 ἐστίν
1536 2020 1568 2045 π,
1591 2006 1684 2051 ἔχειν

265 2053 382 2089 αὐτόν
398 2053 494 2088 ἐστιν
511 2066 538 2087 e.
563 2073 604 2078 —
649 2053 686 2087 εἴ
697 2065 750 2092 τις
769 2065 848 2085 corr
867 2054 907 2085 Β.
932 2070 978 2076 —
1013 2053 1050 2083 17
1076 2053 1144 2085 νῦν
1170 2063 1224 2083 om
1240 2063 1268 2084 e.
1296 2070 1337 2076 —
1364 2052 1406 2085 18
1429 2064 1476 2084 αν
1504 2051 1684 2090 διάθεσις,

266 2097 356 2134 ὥστε
380 2100 434 2131 Ce.
458 2117 504 2124 —
530 2099 570 2130 19
589 2098 756 2138 γίνεσθαι
776 2097 851 2135 den,
861 2094 1045 2150 γενέσθαι
1061 2107 1095 2127 u.
1121 2115 1162 2121 --
1193 2096 1231 2127 21
1235 2095 1458 2147 ποιότητες]
1477 2096 1683 2150 παθητικαὶ

265 2142 459 2186 ποιότητες
486 2142 645 2194 ACfgua.
676 2160 717 2165 -
764 2141 807 2173 23
830 2137 1006 2197 γένηται
1010 2140 1089 2181 Ces,
1124 2151 1202 2171 corr
1229 2140 1253 2172 i.
1286 2157 1331 2165 —
1367 2142 1520 2183 ποιότης
1545 2140 1685 2182 λέγεται

270 2190 372 2222 Cena.
398 2205 441 2212 —
464 2182 540 2220 κατ’
569 2183 683 2223 αὐτὰς
709 2185 732 2217 i.
756 2202 800 2209 —
818 2184 882 2237 ιν24
900 2187 942 2226 η]
968 2183 1039 2218 εἴτε
1064 2185 1096 2216 d.
1133 2203 1173 2208 -
1206 2181 1295 2218 αὐτὸ
1314 2185 1439 2228 τοῦτο]
1465 2185 1635 2219 τοιοῦτον
1658 2185 1687 2217 C

273 2229 558 2272 Vat238,a15n5
586 2242 614 2263 e.
638 2248 683 2255 —
713 2229 756 2261 27
785 2222 897 2262 αὗται
929 2229 964 2260 C.
989 2246 1034 2253 —
1067 2229 1110 2261 29
1135 2229 1297 2282 γίνονται
1316 2239 1353 2272 g·
1380 2249 1420 2255 -
1453 2229 1617 2284 λέγονται
1631 2229 1684 2273 gi,

268 2278 325 2310 del
352 2277 388 2309 A.
400 2293 441 2299 —
467 2273 524 2317 ου’]
544 2273 736 2325 ποιότητες
751 2270 791 2307 δε
814 2269 879 2307 οὕ·
906 2269 948 2306 οὐ
969 2273 1055 2316 Cgu
1081 2284 1157 2305 corr
1177 2274 1214 2315 A,
1240 2271 1285 2307 ου’
1299 2272 1510 2328 ποιότητες·
1537 2285 1580 2307 ου
1595 2285 1622 2305 e
1639 2292 1685 2299 ..-

268 2323 312 2355 30
339 2320 444 2354 ποιοί
468 2319 580 2362 τινες]
607 2316 797 2358 ποιότητες
814 2329 842 2350 e.
869 2337 906 2342 —
943 2318 1021 2350 κατ’
1039 2315 1155 2353 αὐτὰς
1183 2328 1252 2361 ag,
1276 2315 1363 2351 καθ’
1392 2316 1566 2359 ‹mnu-f,
1589 2317 1684 2351 κατὰ

267 2367 385 2399 ταῦτα
401 2366 478 2397 Cen.
489 2382 534 2387 —
553 2362 646 2397 31τὸ
658 2363 860 2417 φοβεῖσθαι
877 2372 979 2415 nueg
1003 2359 1068 2395 τὸν
1089 2359 1246 2408 φόβονῙ
1262 2362 1328 2395 Vat
1347 2363 1425 2414 2383
1435 2363 1534 2395 -32
1551 2358 1684 2416 ω’χριοι-

269 2420 335 2448 σας
365 2410 430 2441 Vat
452 2409 528 2442 238.
556 2426 600 2432 —
648 2404 754 2450 ἀλλὰ]
784 2404 922 2446 λέγεται
951 2402 1042 2439 ἀλλὰ
1076 2417 1104 2439 e.
1135 2424 1176 2429 —
1220 2407 1354 2448 μᾶλλον
1374 2407 1423 2450 τῷ
1453 2407 1685 2440 πεπονθέναι

273 2453 466 2496 ABGubgi,
490 2454 541 2498 τῷ
565 2465 602 2485 τι
630 2453 764 2495 μᾶλλον
786 2449 1013 2485 πεπονθέναι
1044 2462 1085 2490 α,
1109 2450 1245 2493 μᾶλλον
1271 2450 1312 2484 τὸ
1333 2451 1562 2485 πεπονθέναι
1581 2451 1614 2483 ἀ.
1639 2469 1685 2476 --

270 2500 312 2531 33
335 2498 498 2541 λέγονται
518 2486 603 2538 Cas.
630 2516 672 2522 -
721 2496 764 2528 34
784 2494 847 2528 καὶ
872 2493 918 2527 τὰ
944 2492 1038 2528 κατὰ
1060 2497 1110 2537 af.
1137 2514 1176 2519 —
1189 2494 1280 2548 4’,τὴν
1299 2507 1353 2527 om
1381 2496 1423 2528 ab
1452 2497 1520 2528 tat
1537 2496 1616 2528 238.
1640 2513 1685 2520 -—-

269 2541 432 2583 λέγονται
453 2542 614 2585 Casbnug
624 2541 751 2593 etequi
766 2546 844 2572 ante
861 2538 965 2582 πάθη
984 2551 1056 2593 pos.
1068 2558 1110 2565 —
1127 2534 1207 2574 35⁰
1185 2549 1254 2573 οσα
1272 2537 1360 2583 τε]
1347 2537 1416 2573 ὅσα
1427 2540 1519 2582 Adfi.
1542 2550 1611 2572 oua
1622 2538 1687 2579 μὲν

272 2588 333 2629 Bb,
357 2584 442 2620 ὅσαι
459 2597 498 2620 τε
513 2598 570 2618 nu.
594 2605 640 2611 —-
662 2583 804 2628 γενήσει
822 2585 863 2617 Β.
886 2601 929 2608 -·
962 2581 1077 2621 εὐθὺς
1103 2596 1157 2616 om
1180 2584 1289 2618 Aedi.
1315 2603 1358 2608 —
1380 2583 1530 2638 παθῶν]
1549 2583 1687 2617 παθων

247 2656 251 2659 .
271 2630 500 2707 δυσκινήῖτων
513 2631 676 2675 Aaefgui.
690 2649 730 2655 —
755 2629 798 2662 36
813 2628 1021 2672 γεγένηνται
1043 2629 1142 2669 cebu,
1163 2627 1310 2673 γένηται
1329 2628 1353 2660 ι’.
1378 2646 1422 2655 -—
1445 2626 1609 2671 λέγονται
1624 2627 1686 2662 καὶ

272 2687 383 2710 αυται
400 2687 419 2707 ο
438 2687 479 2708 ον
501 2675 536 2707 C.

360 2717 444 2752 10³1
465 2717 485 2763 ἡ
503 2730 558 2751 om
578 2730 634 2763 eg.
658 2736 699 2745 —·
735 2717 856 2752 ταῦτα
875 2727 913 2758 e,
938 2713 1096 2759 αύτὰςῙ.
