1826 3112
338 206 419 246 222
841 208 1239 244 ΑΝΑΛΤΤΙΚΩΝ

339 309 459 362 θοῦς
481 303 644 367 ἄληθες
659 301 764 351 εἶναι
783 302 835 350 τὸ
848 306 1149 366 συμπέρασμα,
1172 307 1246 352 καὶ
1266 305 1336 353 ἐπί
1353 324 1392 353 τι
1401 309 1603 363 ψευδους
1614 305 1754 388 οὔσης

291 387 327 415 22⁰
339 375 418 433 τῆς
441 371 617 433 πρώτης
633 375 714 432 τῆς
735 369 774 416 6'
793 371 936 430 ἑτέρας
947 371 1162 434 άληθοῦς,
1186 374 1258 419 καὶ
1276 377 1354 436 τῆς
1372 374 1449 432 μὲν
1463 371 1666 435 ἀληθοῦς
1677 378 1755 436 τῆς

296 436 379 484 6'
400 438 444 484 ἐν
461 438 576 496 μέρει
595 440 806 493 ψευδοῦς,
827 439 899 483 καὶ
917 436 1175 498 ἀμφοτέρων
1191 442 1386 495 ’ψευδῶν
1422 437 1554 485 οὐδὲν
1569 438 1773 500 γὰρῆιω-,

339 502 437 550 λύει
471 502 521 548 τὸ
546 507 583 548 Α
611 507 675 568 τῷ
708 505 790 561 μὲν
809 507 846 548 Β
880 506 1029 566 μηδενὶ
1061 503 1272 565 ὑπάρχειν
1303 509 1364 570 τῷ
1393 507 1438 551 δὲ
1469 508 1514 550 Γ
1534 507 1638 563 τινί,
1682 506 1755 551 καὶ

340 567 390 615 τὰ
425 573 463 615 Β
495 573 555 614 τῶ
591 572 636 614 Γ
663 571 770 625 τινί,
805 567 900 615 οἷον
934 575 1045 636 ζῳον
1078 571 1265 652 ου’δειιιᾷ
1298 571 1409 631 χιόνι
1441 575 1585 636 λευκῷ
1605 572 1651 617 δὲ
1671 571 1756 617 τινὶ

339 615 539 695 ὑπάρχει,
561 637 633 680 καὶ
654 634 683 697 ἡ
702 633 810 696 χιών
827 640 969 701 λευκῷ
987 638 1081 683 τινί.
1118 639 1155 683 εἰ
1173 656 1259 684 ουν
1277 638 1409 696 μέσον
1426 638 1571 699 τεθείη
1590 636 1617 699 ἡ
1639 636 1755 697 χιών,

287 716 322 744 25
336 704 522 783 πρῶτον
537 703 583 747 δε
605 700 655 747 τὸ
677 705 801 767 ζῷον,
834 705 906 748 καὶ
925 684 1121 765 ληφθείη
1139 702 1189 749 τὸ
1207 705 1284 762 μὲν
1304 708 1340 748 Α
1359 702 1448 749 ὅλω
1471 707 1532 768 τῷ
1552 707 1588 748 Β
1610 702 1756 762 ὑπάρ-

337 785 438 828 χειν,
471 765 523 813 τό
559 769 604 814 δε
639 771 677 814 Β
710 770 791 814 τινὶ
819 773 885 850 τῷ
920 773 979 824 Γ,
1021 768 1050 830 ἡ
1082 767 1159 828 μὲν
1191 773 1268 815 ΑΒ
1302 767 1387 831 ὅλη
1419 749 1610 830 ψευδής,
1646 767 1675 831 ἡ
1709 769 1755 814 δὲ

336 837 424 880 ΒΓ
444 832 642 896 ἀληθής,
677 836 752 880 καὶ
784 833 834 880 τὸ
861 835 1150 894 συμπέρασμα
1180 834 1355 897 ἀληθές.
1421 833 1582 892 ὁμοίως
1610 835 1657 879 δὲ
1684 834 1758 879 καὶ

338 903 591 960 στερητικῆς
621 898 763 982 οὔσης
788 904 866 961 τῆς
884 905 959 945 ΑΒ
979 900 1247 958 προτάσεως·
1283 901 1456 960 ἐγχωρεῖ
1468 897 1549 958 γὰρ
1571 896 1622 943 τὸ
1641 902 1677 944 Α
1698 901 1758 964 τῷ

337 966 415 1023 μὲν
447 969 485 1009 Β
515 963 606 1027 ολῳ
632 963 846 1023 ὑπάρχειν
872 970 933 1026 τῷ
965 967 1011 1011 δὲ
1037 969 1082 1008 Γ
1101 967 1181 1008 τινὶ
1213 963 1273 1026 μὴ
1301 961 1630 1022 ὑπάρχειν,τὸ
1653 944 1756 1023 μέν·

287 1046 322 1074 80
337 1046 404 1074 τοι
423 1033 461 1074 Β
478 1030 559 1074 τινὶ
580 1033 642 1092 τῷ
662 1028 938 1088 Γὺπάρχειν,
974 1025 1068 1075 οἷον
1091 1027 1140 1074 τὸ
1163 1032 1275 1094 ζῷον
1287 1028 1516 1112 ἀνθρώπῳ
1535 1047 1612 1089 μεν
1630 1031 1758 1076 παντὶ

336 1093 547 1153 ὑπάρχει,
583 1097 727 1139 λευκοῖ
761 1096 807 1140 δε
840 1095 923 1139 τινὶ
957 1093 1040 1154 ούχ
1072 1095 1236 1152 ἕπεται,
1274 1093 1299 1140 6
1336 1093 1374 1141 6'
1408 1094 1643 1154 ἄνθρωπος
1674 1096 1757 1141 τινὶ

336 1158 520 1243 Zkvuq'i‘·
490 1178 520 1205 v
523 1159 686 1220 πάρχει,
697 1141 785 1205 ὥστ
786 1159 845 1206 ἐἰ
856 1161 996 1218 μέσου
1006 1162 1205 1218 τεθέντος
1215 1179 1298 1207 του
1279 1160 1552 1221 ἄνθρωποι)
1564 1162 1759 1224 ληφθείη

336 1224 387 1272 τὸ
404 1231 441 1271 Α
468 1228 620 1288 μηδενὶ
649 1230 712 1271 τοῖ
735 1230 772 1271 Β
798 1224 1028 1286 ὑπάρχειν,
1075 1225 1126 1273 τό
1150 1229 1195 1273 δε
1217 1231 1253 1272 Β
1277 1228 1358 1272 τινὶ
1387 1232 1447 1292 τῷ
1473 1231 1518 1272 Γ
1533 1224 1756 1287 ὑπάρχειν,

338 1291 503 1354 ἄληθες
523 1293 639 1338 ε’σται
661 1290 712 1337 τὸ
732 1293 1020 1351 συμπέρασμα
1046 1296 1246 1349 ψευδοῦς
1275 1274 1427 1354 οὔσης
1451 1290 1559 1355 ὅλης
1586 1297 1666 1355 τῆς
1683 1296 1757 1339 ΑΒ

287 1373 323 1400 85
337 1358 599 1418 προτάσεως.
653 1359 725 1403 καὶ
746 1359 783 1403 εἰ
805 1359 874 1404 ἐπί
892 1377 931 1404 τι
950 1357 1122 1420 ψευδὴς
1147 1357 1175 1421 ἡ
1196 1362 1271 1404 ΑΒ
1290 1359 1521 1417 πρότασις,
1568 1359 1685 1405 εσται
1705 1357 1756 1405 τὸ

338 1426 628 1484 συμπέρασμα
657 1422 832 1485 αληθές.
879 1423 1011 1471 οὐδὲν
1032 1443 1117 1485 γαρ
1142 1424 1300 1471 κωλύει
1325 1423 1375 1470 τὸ
1397 1430 1433 1470 Α
1452 1426 1524 1470 καὶ
1549 1429 1609 1490 τῷ
1629 1429 1668 1471 Β
1685 1426 1759 1471 καὶ

336 1494 398 1555 τῷ
418 1494 462 1535 Γ
488 1492 572 1536 τινὶ
601 1488 826 1550 ὑπάρχειν,
860 1492 932 1536 καὶ
960 1488 1011 1536 τὸ
1032 1494 1068 1535 Β
1087 1495 1147 1556 τῷ
1167 1495 1212 1536 Γ
1227 1492 1309 1536 τινὶ
1341 1489 1564 1551 ὑπάρχειν,
1598 1489 1692 1537 οἷον
1708 1488 1758 1537 τὸ

340 1559 456 1638 ζῷον
477 1558 559 1602 τινὶ
581 1559 700 1620 καλῷ
722 1557 792 1601 καὶ
814 1558 898 1602 τινὶ
919 1555 1111 1638 μεγάλῳ,
1145 1558 1217 1601 καὶ
1247 1555 1297 1602 τὸ
1325 1555 1461 1602 καλὸν
1489 1558 1570 1602 τινὶ
1590 1557 1758 1621 μεγάλῳ

337 1620 559 1704 ὑπάρχειν.
597 1620 672 1668 ἑαν
682 1623 767 1668 οὐν
787 1626 946 1684 ληφθῇ
963 1620 1013 1668 τὸ
1030 1627 1067 1667 Α
1086 1624 1212 1668 παντὶ
1221 1627 1282 1687 τῷ
1293 1626 1329 1667 Β
1341 1623 1413 1668 καὶ
1422 1640 1473 1668 το
1463 1620 1614 1668 Βτινὶ
1624 1640 1684 1686 τω
1703 1626 1755 1681 Γ,

232 1707 267 1739 p.
277 1695 323 1731 55
340 1686 368 1751 ἡ
402 1705 479 1747 μεν
507 1692 584 1734 ΑΒ
614 1687 823 1745 πρότασις
854 1689 924 1734 ἐπί
949 1706 989 1733 τι
1016 1686 1186 1751 ψευδὴς
1210 1689 1349 1743 εσται,
1400 1686 1430 1750 ἡ
1463 1689 1509 1733 δὲ
1543 1691 1627 1733 ΒΓ
1649 1668 1757 1749 άλη-

337 1754 439 1814 θ’ής,
466 1755 541 1799 καὶ
559 1752 611 1799 τὸ
633 1755 930 1813 συμπέρασμα
945 1753 1121 1815 αληθές,
1169 1753 1329 1812 ὃιιοίως
1345 1755 1391 1799 δε
1414 1754 1488 1799 καὶ
1506 1758 1760 1816 στερητικῆς

341 1819 485 1881 ουσης
505 1824 583 1882 τῆς
603 1823 678 1865 ΑΒ
702 1820 975 1878 προτάσεως·
1023 1820 1066 1865 οὶ
1093 1817 1175 1880 γιὶρ
1205 1819 1328 1866 αὐτοὶ
1363 1816 1463 1877 ὅροι
1489 1820 1656 1866 εσονται
1685 1821 1760 1866 καὶ

339 1883 552 1943 ὡσαύτως
584 1887 772 1945 κείμενοι
804 1885 915 1944 πρὸς
946 1883 1026 1948 τὴν
1059 1884 1289 1941 οἷπόδειξιν.
1335 1885 1465 1931 πάλιν
1483 1887 1520 1932 εἰ
1541 1884 1568 1947 ἡ
1588 1887 1666 1945 μὲν
1685 1889 1759 1931 ΑΒ

306 1949 516 2014 ὄαληθης
548 1950 578 2013 ἢ
616 1954 661 1997 δὲ
696 1955 781 1996 ΒΓ
806 1952 999 2014 ψευδής,
1034 1950 1197 2013 ἄληθες
1231 1953 1345 1997 ε’σται
1377 1950 1428 1997 τὰ
1457 1953 1758 2011 συμπέρασμα.

337 2016 472 2063 οὐδὲν
503 2034 587 2078 γαρ
620 2008 781 2063 κωλύει
809 2016 860 2062 τὸ
881 2022 919 2063 Α
947 2020 1011 2082 τῷ
1035 2035 1113 2076 μεν
1135 2021 1172 2062 Β
1203 2015 1292 2082 ὅλῳ
1320 2015 1531 2077 ὑπάρχειν
1558 2021 1619 2082 τῷ
1648 2019 1694 2063 δὲ
1721 2021 1766 2063 Γ

337 2084 442 2139 τινι,
485 2083 559 2128 καὶ
587 2080 638 2128 τὸ
659 2087 696 2128 Β
725 2087 789 2147 τῷ
810 2087 855 2128 Γ
878 2084 1030 2146 μηδενὶ
1061 2064 1295 2143 ὑπάρχειν,
1339 2080 1434 2129 οἷον
1468 2086 1585 2148 ζῷον
1612 2082 1760 2148 κύκνῳ

338 2149 416 2209 μὲν
436 2150 563 2194 παντὶ
581 2149 732 2208 μέλανι
753 2129 800 2195 6e
821 2151 928 2204 τινί,
963 2148 1127 2205 κύκνος
1155 2151 1201 2195 δε
1229 2147 1373 2196 ούδενὶ
1392 2150 1554 2209 μέλανι.
1599 2146 1700 2194 ωστ’
1723 2150 1760 2195 εἰ

338 2216 533 2299 ληφθείη
560 2217 686 2261 παντὶ
714 2219 779 2280 τῷ
813 2219 850 2261 Β
882 2214 934 2261 τὸ
966 2219 1002 2261 Α
1033 2217 1106 2260 καὶ
1135 2213 1186 2261 τό
1217 2219 1255 2260 Β
1285 2216 1368 2260 τινὶ
1395 2219 1459 2279 τῷ
1490 2219 1553 2270 Γ,
1596 2214 1761 2298 ἄληθες

289 2297 323 2324 10
339 2282 456 2328 εσται
476 2280 526 2327 τὸ
548 2282 836 2341 συμπέρασμα
852 2279 1103 2338 ψευδοῦς”
1075 2299 1202 2338 ουτος
1221 2285 1305 2328 τοῦ
1320 2284 1411 2327 ΒΓ.
1427 2261 1606 2340 ὁμοίως
1628 2280 1674 2326 δὲ
1685 2282 1758 2326 καὶ

337 2350 593 2411 στερητικῆς
624 2348 952 2412 λαμβανομένης
984 2351 1062 2411 τῆς
1081 2351 1157 2393 ΑΒ
1178 2346 1436 2409 προτάσεως.
1486 2347 1660 2408 ἐγχωρεῖ
1674 2364 1758 2408 γαρ

426 2525 471 2558 20
490 2522 614 2579 πρώτη
592 2524 647 2568 ης]
670 2525 718 2570 αβ
732 2536 776 2558 m.
801 2542 843 2551 -—
877 2526 961 2569 τῆς.
977 2537 1056 2568 ..pr
1077 2523 1240 2580 ἀληθοῦς
1260 2535 1314 2557 om
1327 2526 1383 2566 fn.
1417 2544 1461 2548 —
1492 2522 1529 2557 ἓτ
1511 2521 1632 2602 τέραςέ
1651 2523 1694 2567 βγ
1711 2535 1756 2564 m,

339 2568 464 2615 ἑτέρας
491 2566 575 2611 ὅλης
590 2571 642 2612 ns.
667 2588 708 2595 —
739 2569 821 2613 μὲν]
842 2568 906 2611 μὲν
923 2570 970 2614 αβ
987 2581 1038 2610 m,
1062 2582 1127 2612 μεν
1144 2572 1306 2612 μείζονος
1328 2570 1364 2602 C.
1390 2587 1435 2594 —
1466 2570 1506 2602 21
1526 2568 1570 2612 δ’]
1590 2570 1613 2602 ὃ
1646 2568 1688 2610 βγ
1708 2578 1754 2600 m.

338 2633 379 2639 -—-
408 2613 568 2670 ἔνμέρει
579 2626 633 2646 om
653 2625 696 2647 m.
720 2632 764 2640 —
787 2616 832 2647 22
851 2614 929 2649 και.
962 2615 1054 2647 ,ίτιν
1071 2626 1173 2647 omn.
1199 2633 1243 2640 —
1266 2615 1309 2647 2⁴
1327 2612 1416 2657 altn
1438 2625 1542 2646 omn.
1567 2630 1610 2637 —
1632 2608 1754 2646 2806-

339 2669 402 2702 σης
419 2657 512 2714 ολης
523 2659 589 2702 τῆς
608 2660 671 2691 Bu.
697 2679 737 2685 —
763 2660 806 2693 35
825 2657 868 2694 τὸ
894 2671 950 2693 om
970 2660 1139 2701 ABsnmu.
1162 2677 1208 2684 —
1229 2659 1271 2692 37
1289 2658 1369 2692 καὶ.
1384 2655 1604 2704 ..υπάςχειν
1623 2667 1678 2690 om
1695 2667 1751 2690 nu.

338 2720 384 2730 -
406 2705 456 2736 alt
473 2701 515 2737 τὸ
535 2715 572 2736 rc
592 2715 707 2759 supra
709 2716 747 2736 vs
763 2715 797 2736 n

425 2746 513 2782 55a6
532 2749 582 2794 τῷ
601 2746 655 2792 δὲ]
670 2746 712 2783 τὸ
732 2745 770 2783 δὲ
782 2749 825 2785 A.
849 2767 894 2775 —
919 2749 957 2785 11
973 2748 1184 2793 στερητικῆς
1198 2742 1310 2792 ουσης
1326 2747 1431 2792 λαμβ.
1451 2757 1487 2781 n.
