1838 3086
621 227 873 273 Analytiea
899 226 1070 272 priora.
1544 225 1625 266 418

164 327 290 367 dicari
317 326 369 366 de
394 325 476 366 ullo
491 325 537 375 C,
571 327 679 378 quod
707 329 857 379 pugnat
883 339 975 366 cum
1003 323 1277 377 propositione
1303 323 1459 364 minore
1485 328 1539 355 —'-
1565 324 1623 366 xl

163 404 259 431 vero
298 394 340 431 et
375 390 449 429 XlI
486 403 561 443 per
598 390 853 442 syllogismos
893 389 1028 431 Ixnet
1054 388 1093 428 X
1121 400 1311 428 conversa
1347 389 1625 441 propositione

163 455 340 495 minore:
378 455 483 493 uude
519 460 630 506 patet
669 467 746 493 non
775 466 877 504 opus
906 466 997 492 esse
1025 452 1217 506 particula
1243 449 1316 493 καὶ
1342 465 1460 505 quam
1489 452 1623 494 Philo·

163 532 292 572 ponus
322 519 470 566 (schol.
499 519 693 563 165224)
723 517 841 556 adiici
867 517 964 556 vult.

111 584 236 622 35b2
263 583 324 621 Ex
368 584 412 621 iis
452 595 555 632 quae
597 587 819 632 sequuntur
846 584 1015 632 apparet
1043 593 1270 620 sermonem
1298 594 1390 620 esse
1419 581 1471 620 de
1498 580 1623 633 syllo-

161 647 302 697 gismis
332 645 385 685 Xl
414 651 455 684 et
485 645 577 694 Xll,
607 644 658 683 de
686 645 830 694 quihus
859 646 979 684 verba
1009 643 1053 684 οἱ
1078 642 1125 685 δὲ
1142 672 1152 682 .
1173 674 1182 684 .
1204 675 1214 685 .
1237 642 1482 698 ἐνδέχεσθαι
1509 658 1569 687 vs.
1599 646 1624 683 1

160 709 420 760 intelligenda
447 714 586 748 erant:
625 721 746 760 quare
779 721 857 747 non
886 710 1133 759 probandum
1172 714 1237 748 est
1274 710 1380 761 quod
1408 710 1498 749 Zell
1532 722 1625 750 ver·

123 803 127 807 -
161 775 212 814 tit
244 773 376 822 „auch
414 773 516 811 daun
555 772 655 811 wird
695 773 759 811 ein
795 771 1012 822 Schlurs'’‚
1051 786 1174 824 quum
1212 773 1426 813 dicendum
1464 774 1517 813 sit
1549 786 1625 822 „es

163 839 262 877 wird
283 837 456 876 niimlich
480 838 544 876 ein
566 836 771 876 Schlul's'’.
814 836 1107 876 Difficultatem
1135 837 1257 876 habet
1283 834 1357 876 καὶ
1385 843 1489 877 extr.
1517 851 1576 878 vs.
1599 839 1626 877 2

162 903 362 955 positum,
399 902 505 952 quod
540 901 611 940 lul.
641 901 785 940 Pacius
803 929 815 947 ,
854 914 1095 952 quamquam
1122 901 1163 940 in
1192 906 1383 942 contextu
1412 902 1555 954 habet,
1585 902 1625 942 in

162 965 345 1006 versione
373 965 655 1017 praetermisit.
710 965 815 1004 Mihi
844 965 1005 1016 quidem
1035 965 1253 1004 difficultas
1281 966 1336 1005 ita
1366 964 1544 1006 tollendn'
1570 967 1625 1006 vi-

163 1031 304 1077 detur,
340 1034 387 1068 ut
415 1029 652 1067 Aristoteles
690 1030 900 1080 scripserit
927 1026 1001 1068 καί
1012 1059 1024 1077 ,
1063 1029 1154 1079 quia
1191 1030 1270 1068 duo
1298 1030 1554 1083 syllogismos
1583 1031 1625 1071 iu

162 1098 299 1134 mente
337 1093 510 1131 habehat
548 1091 622 1138 (XI
651 1093 740 1131 dico
770 1099 811 1131 et
838 1092 953 1143 ΧΙΙ),
991 1094 1042 1132 de
1078 1093 1221 1143 quibus
1250 1106 1433 1132 seorsum
1460 1098 1624 1134 acturus

163 1162 270 1198 erat:
321 1170 492 1207 namque
535 1157 734 1195 sententia
787 1170 905 1208 quam
942 1157 1170 1208 exprimere
1196 1157 1353 1207 -voluit,
1401 1158 1503 1197 haec
1540 1161 1625 1197 est:

163 1218 235 1263 καὶ
270 1218 376 1260 ὅταν
411 1218 441 1272 ή
471 1218 668 1260 καθόλου
695 1219 803 1270 πρὸς
829 1218 877 1260 τὸ
905 1221 1049 1272 μεῖζον
1076 1221 1214 1272 ἄκρον
1240 1223 1411 1262 τεθεῖσα
1439 1219 1628 1275 σημαίνῃ

162 1286 211 1327 τὸ
239 1283 469 1336 ὑπάρχειν,
507 1283 536 1337 ἡ
570 1283 612 1324 δ’
653 1281 700 1324 ἐν
738 1283 853 1337 μέρει
891 1282 1113 1337 στερητικὴ
1150 1279 1259 1325 οὖσα
1297 1284 1347 1326 τὸ
1376 1283 1644 1339 ἐνδέχεσθαι’

162 1349 382 1402 λαμβάνῃ,
419 1346 492 1389 καὶ
527 1347 631 1389 ὅταν
664 1348 694 1402 ἤ
721 1349 917 1390 καθόλου
945 1349 1052 1402 πρὸς
1079 1348 1127 1389 τὸ
1156 1350 1300 1401 μεῖζον
1325 1351 1464 1402 ἄκρον
1490 1350 1540 1392 τὸ
1567 1350 1628 1405 μὴ

162 1414 390 1467 ὑπάρχειν,
432 1413 461 1466 ἡ
501 1413 539 1453 δ’
579 1411 626 1454 ἐν
662 1414 779 1466 μέρει
805 1414 834 1468 ἦ
863 1413 971 1467 αὐτή
982 1428 993 1453 :
1029 1415 1101 1453 sed
1130 1415 1277 1453 oblitus
1304 1416 1526 1468 particulae
1551 1413 1626 1456 καὶ

164 1493 267 1532 quae
303 1479 526 1530 praecessit
563 1491 621 1519 vs.
649 1481 675 1517 4
703 1480 850 1518 adiecit
886 1478 914 1531 ἢ
953 1477 1011 1531 μὴ
1038 1477 1267 1531 ὑπάρχειν,
1294 1493 1416 1530 quum
1445 1481 1627 1521 scribere

162 1545 331 1584 deberet
370 1540 439 1582 καὶ
477 1541 583 1582 ὅταν
619 1541 667 1582 τὸ
701 1541 759 1596 μὴ
795 1542 1012 1597 ὑπάρχειν.
1069 1543 1182 1592 Quae
1211 1544 1370 1594 quidem
1399 1544 1625 1595 explicandi

162 1609 264 1648 ratio
304 1608 338 1646 si
365 1620 458 1646 vera
488 1612 570 1656 est,
608 1620 686 1646 uon
714 1609 935 1659 poterimus
963 1620 1039 1647 non
1077 1607 1252 1646 retinere
1287 1606 1501 1647 lectionem
1540 1608 1629 1648 vul-

160 1685 295 1724 garem
325 1684 381 1709 vs.
409 1672 450 1718 4,
478 1684 734 1722 quamquam,
762 1673 796 1710 si
823 1672 992 1722 legimus
1019 1669 1214 1723 ὑπάρχον
1242 1671 1402 1710 omissis
1431 1673 1562 1711 verbis
1589 1670 1618 1725 ἢ

161 1734 220 1788 μὴ
255 1733 481 1787 ὑπάρχειν,
519 1736 597 1773 hoc
634 1742 676 1774 et
716 1735 768 1773 de
805 1735 1071 1773 affirmatione
1099 1740 1142 1773 et
1178 1735 1229 1773 de
1257 1734 1466 1784 negatione
1493 1737 1624 1788 accipi

163 1804 314 1852 posset,
344 1800 434 1849 quia
462 1799 583 1837 verbo
610 1796 817 1850 ὑπάρχειν
843 1799 921 1837 hoc
949 1800 1037 1838 loco
1065 1810 1144 1837 non
1170 1797 1399 1844 affirmatio,
1429 1798 1502 1836 sed
1530 1800 1626 1839 sim-

163 1863 257 1916 plex
285 1863 508 1915 propositio
538 1863 796 1913 significatur.
846 1862 979 1902 Locus
1007 1863 1097 1914 ipse
1125 1866 1259 1900 autem
1287 1861 1479 1910 ostendit,
1509 1876 1628 1914 quam

163 1927 283 1966 facile
310 1926 492 1964 accidere
521 1927 711 1978 potuerit,
738 1931 782 1966 ut
809 1928 930 1965 verba
957 1924 985 1978 ἢ
1012 1923 1071 1978 μὴ
1098 1922 1305 1976 ὑπάρχειν
1333 1925 1628 1969 omitterentur.

110 1994 162 2032 35
175 1992 232 2030 bs
259 1987 365 2029 ὅταν
393 1986 439 2029 δὲ
466 1986 514 2029 τὸ
534 2020 545 2031 .
565 2020 576 2031 .
601 2020 612 2031 .
655 1990 769 2040 Quae
795 1992 889 2030 huic
916 1990 1134 2043 hypothesi
1161 1989 1409 2041 respondent
1437 1991 1626 2045 coniuga-

162 2057 292 2096 tiones
321 2060 507 2106 quattuor
535 2058 650 2093 sunt:

177 2123 224 2158 α’.
248 2122 290 2158 τὸ
317 2126 346 2157 Α
371 2121 437 2166 οὐχ
459 2120 621 2168 ὑπάρχει
642 2121 718 2157 τινὶ
742 2122 793 2167 τῷ
818 2126 858 2166 Β,
948 2123 994 2169 β’.
1015 2123 1058 2160 τὸ
1083 2128 1112 2160 Α
1137 2124 1204 2169 οὐχ
1227 2122 1389 2169 ὑπάρχει
1412 2122 1487 2158 τινὶ
1509 2124 1562 2169 τῷ
1585 2127 1627 2168 Β,

249 2177 293 2214 τὸ
319 2183 350 2213 Β
373 2176 558 2222 ἐνδέχεται
579 2178 693 2213 παντὶ
717 2178 769 2224 τῷ
794 2181 836 2213 Γ.
1015 2180 1057 2215 τὸ
1084 2185 1113 2216 Β
1138 2179 1324 2226 ἐνδέχεται
1347 2179 1481 2224 μηδενὶ
1504 2180 1557 2225 τῷ
1584 2182 1627 2214 Γ.

181 2244 227 2291 γ’.
250 2243 294 2281 τὸ
323 2249 347 2280 Α
371 2244 556 2289 ἐνδέχεται
580 2245 693 2280 παντὶ
715 2246 768 2291 τῷ
792 2249 832 2286 Β,
942 2246 988 2282 δ’.
1013 2247 1056 2283 τὸ
1082 2253 1110 2283 Α
1135 2247 1319 2293 ἐνδέχεται
1343 2246 1474 2292 μηδενὶ
1496 2247 1549 2293 τῷ
1574 2250 1616 2290 Β,

254 2301 296 2337 τὸ
318 2305 349 2336 »Β
374 2300 442 2346 οὐχ
467 2299 626 2346 ὑπάρχει
648 2301 722 2336 τινὶ
744 2302 798 2348 τῷ
821 2304 863 2336 Γ·
1015 2303 1056 2339 τὸ
1083 2307 1112 2339 Β
1136 2303 1205 2349 ου’χ
1229 2303 1389 2350 ὑπάρχει
1412 2302 1487 2338 τινὶ
1509 2303 1563 2350 τῷ
1582 2306 1625 2339 Γ.

164 2377 344 2416 Termini
383 2388 482 2427 quos
523 2375 636 2415 dedit
673 2388 732 2415 vs.
759 2378 811 2414 10
838 2377 1054 2417 ostendunt
1081 2378 1338 2417 Aristotelem
1367 2389 1447 2416 non
1476 2377 1627 2428 cogita-

163 2442 270 2480 visse
298 2441 350 2479 de
377 2439 719 2491 coniugationibus
748 2434 786 2479 α’
814 2446 855 2481 et
881 2435 933 2492 β’,
962 2442 1033 2480 sed
1053 2443 1104 2481 de
1124 2436 1163 2493 γ’
1181 2442 1312 2480 solum
1341 2447 1383 2480 et
1410 2434 1461 2482 δ’.
1505 2441 1627 2481 Com·

164 2505 334 2557 probant
360 2505 439 2544 hoe
467 2505 586 2543 etiam
616 2516 718 2553 quae
747 2511 968 2556 sequuntur
996 2503 1071 2545 ἐὰν
1096 2504 1145 2546 δὲ
1172 2505 1220 2546 τὸ
1249 2504 1516 2546 καθόλου...
1537 2505 1626 2556 qni-

165 2570 240 2609 bus
269 2570 403 2608 verbis
432 2568 649 2608 edocemur
675 2568 928 2608 Aristotelem
965 2570 1096 2609 adhuc
1124 2583 1202 2610 non
1231 2571 1306 2608 nisi
1333 2569 1385 2608 de
1411 2570 1460 2608 iis
1488 2570 1626 2608 coniu-

164 2633 387 2683 gationibus
415 2632 593 2671 locutum
622 2644 736 2680 esse,
766 2645 868 2683 quae
895 2634 1084 2672 maiorem
1112 2634 1428 2685 propositionem
1455 2634 1627 2674 habeant

166 2697 442 2736 universalem.
495 2697 557 2736 Ne
595 2695 713 2748 igitur
749 2696 991 2736 Aristoteles
1027 2697 1087 2736 bis
1115 2699 1223 2737 idem
1252 2698 1400 2736 dixisse
1426 2696 1622 2747 videatur,

110 2785 119 2790 -
167 2760 218 2798 ad
245 2762 365 2800 verba
393 2755 498 2801 ὅταν
527 2757 574 2800 δὲ
594 2788 603 2798 .
626 2788 635 2797 .
658 2789 677 2803 .,
697 2761 868 2800 τεθεῖσα
898 2773 953 2800 vs.
981 2763 1007 2799 8
1033 2766 1168 2801 mente
1202 2762 1466 2813 repetendum
1495 2762 1573 2801 erit
1601 2774 1625 2801 e

141 2852 143 2855 .
168 2835 228 2862 rs.
254 2825 280 2862 3
306 2821 379 2865 καὶ
405 2823 509 2866 ὅταν
534 2823 564 2878 ἦ
573 2823 786 2865 ’καθόλου
814 2824 922 2877 πρὸς
947 2824 996 2866 τὸ
1024 2825 1169 2877 μεῖζον
1195 2826 1333 2878 ἄκρον
1359 2827 1489 2878 τεθῇς
1518 2825 1621 2865 haec
