1794 3086
635 170 888 216 Analytica
920 170 1094 214 priora.
1522 167 1602 207 455

138 270 298 310 ferunt:
334 269 442 321 quod
470 268 527 308 ita
553 269 698 321 probat
725 268 976 317 Aristoteles,
1015 271 1059 307 ut
1094 267 1359 316 demonstret,
1398 266 1599 317 quomodo

138 333 306 374 servatis
333 331 477 372 iisdem
506 333 687 373 terminis
715 333 839 372 altera
867 332 918 370 ad
945 331 1112 370 alteram
1137 330 1356 383 redigatur.
1411 329 1600 381 Exempli

133 410 264 446 cansa,
293 397 364 445 ait,
392 397 485 436 siA
511 397 734 449 praedicari
763 397 815 436 de
842 395 951 436 nullo
972 396 1015 435 E
1039 395 1282 435 deductione
1309 394 1419 433 facta
1449 393 1499 432 ad
1527 393 1599 431 ab·

138 462 302 501 surdum
331 461 647 500 demonstratum
675 467 740 500 est
764 473 827 508 eo,
857 460 963 510 quod
990 460 1081 499 fieri
1109 472 1186 498 non
1207 463 1356 510 potest,
1385 456 1599 509 quiane

137 526 325 577 aliquoE
349 526 616 576 praedicetur,
644 525 750 574 quia,
777 524 813 562 si
837 524 914 562 hoc
943 523 1076 571 detur,
1103 523 1268 563 tollatur
1286 522 1394 574 quod
1413 523 1462 562 ab
1485 521 1598 561 initio

137 590 409 628 concessimus
447 591 638 638 (namque
665 589 701 626 si
729 588 771 627 A
798 587 850 626 ‹le
877 587 1010 638 aliquo
1037 588 1091 637 E,
1129 587 1385 638 consequitur
1412 587 1534 626 etiam
1560 583 1598 623 Β

87 683 91 688 .
131 653 189 692 de
215 653 346 704 aliquo
359 652 412 699 E,
443 650 548 702 quod
566 651 667 690 'fieri
693 652 844 702 nequit,
872 652 966 702 quia
994 652 1213 691 sumsimus
1233 651 1396 691 ΒΕΘ
1413 651 1597 696 44:225),

136 716 286 755 clarum
316 720 379 755 est
404 715 684 754 deductionem
713 716 786 754 niti
813 715 958 753 iisdem
991 715 1345 766 propositionibus,
1375 728 1425 754 ex
1453 713 1598 766 quibus

135 780 209 819 flat
236 780 418 818 continua
445 779 761 818 demonstratio:
799 778 987 817 continua
1013 779 1239 827 enimait,
1279 779 1315 818 si
1343 778 1461 818 B'de
1486 776 1599 816 nullo

138 844 180 883 E
213 847 256 883 et
290 844 342 882 de
379 842 489 881 omni
515 842 557 881 A
584 843 806 894 praedicari
832 843 1029 894 ponimus,
1067 842 1261 882 deductio
1292 847 1426 882 autem
1454 839 1599 879 sumsit

137 908 225 947 fieri
243 919 320 946 non
341 919 475 957 posse,
504 906 649 956 quinB
669 907 721 946 de
740 907 927 957 aliquoE
946 907 1217 959 praedicetur,
1246 906 1352 958 quod
1381 905 1491 944 idem
1519 906 1598 942 est.

137 971 305 1011 Brevius
333 970 411 1008 hoc
439 970 541 1008 dixit
566 970 829 1010 Aristoteles:
859 975 920 1009 est
948 971 1055 1010 enim
1083 972 1222 1010 cautus
1251 975 1293 1010 et
1321 969 1597 1010 consideratus

139 1036 180 1074 in
207 1036 329 1074 rebus
357 1033 646 1085 excogitandis,
688 1033 760 1072 sed
799 1034 841 1072 in
879 1033 1050 1072 dicendo
1078 1046 1273 1085 praeceps
1300 1033 1410 1073 haud
1438 1042 1530 1070 raro
1556 1033 1599 1069 et

136 1109 445 1152 praeproperus,
484 1097 579 1135 dum
608 1109 694 1135 rem
720 1098 848 1149 ipsam
876 1100 1132 1150 perspectam
1159 1097 1320 1137 habeat.
1387 1096 1444 1135 Ut
1469 1093 1598 1135 dedu-

136 1163 308 1203 ctionem
336 1160 569 1199 reduximus
597 1160 648 1200 ad
675 1162 899 1200 continuam
927 1161 1309 1200 demonstrationem
1336 1160 1478 1200 iisdem
1502 1170 1598 1210 pro-

136 1225 415 1279 positionibus.
441 1225 587 1274 nixam,
627 1226 686 1264 sic
723 1225 846 1264 etiam
874 1227 1059 1266 continua
1088 1225 1375 1264 demonstratio
1402 1222 1600 1275 redigitur

136 1291 187 1330 ad
216 1289 494 1329 deductionem
522 1289 771 1335 (45b1—3)
798 1301 878 1328 non
905 1302 1005 1328 nova
1034 1289 1203 1341 quadam
1231 1288 1507 1341 propositione
1533 1298 1597 1325 as-

137 1359 285 1404 sumta,
313 1354 385 1392 sed
415 1366 463 1392 ea
490 1365 593 1403 quae
621 1353 918 1393 conclusionem
945 1354 1088 1393 falsam
1118 1367 1209 1394 esse
1237 1354 1345 1392 dicit.

84 1420 209 1460 45b3
247 1415 334 1458 τινὶ
369 1422 462 1457 ante
499 1414 571 1458 διὰ
608 1418 814 1457 omisimus
851 1419 1011 1457 codices
1052 1419 1182 1457 secuti
1209 1419 1278 1469 qui
1305 1430 1397 1456 cum
1424 1412 1598 1453 Boethio

137 1482 383 1534 conspirant,
425 1482 517 1532 quia
553 1481 637 1520 veri
675 1481 848 1520 similius
886 1486 950 1521 est
987 1482 1085 1521 illud
1123 1483 1322 1522 adiectum
1359 1492 1452 1519 esse
1479 1489 1597 1529 quam

135 1546 478 1600 praetermissum,
508 1546 541 1585 si
568 1549 773 1596 repertum
800 1545 968 1585 fuisset:
997 1558 1128 1597 neque
1155 1546 1261 1585 enim
1289 1546 1339 1585 ab
1367 1540 1598 1583 Aristotelis

139 1624 215 1651 usu
254 1609 423 1649 alienum
461 1614 538 1659 est,
574 1614 620 1648 ut
658 1610 816 1648 omittat
854 1610 962 1660 quod
998 1610 1176 1661 postulet
1212 1610 1374 1661 quidem
1409 1605 1598 1646 orationis

140 1673 423 1728 perspicuitas,
451 1674 508 1712 ita
527 1677 676 1721 tamen,
701 1675 749 1712 ut
775 1685 826 1711 ex
847 1674 1047 1711 contrario
1065 1674 1169 1724 quod
1189 1670 1460 1726 praecesserit
1477 1668 1600 1708 facile

141 1737 337 1785 eliciatur,
375 1737 409 1774 si
446 1749 526 1776 non
562 1737 762 1775 adiectum
791 1737 857 1777 sit.
924 1736 991 1774 Sic
1018 1738 1170 1775 53b40
1206 1737 1341 1776 omisit
1377 1731 1518 1775 παντί.
1546 1754 1599 1760 -

89 1792 91 1794 V
140 1800 213 1842 Vs.
233 1801 260 1838 4
287 1796 334 1840 ἐν
361 1798 495 1840 ἅπασι
521 1803 635 1839 recte
662 1799 839 1850 explicat
878 1800 966 1839 cod.
994 1812 1023 1838 n
1050 1812 1141 1839 cum
1170 1799 1399 1839 Alexandro
1425 1798 1517 1844 τοῖς
1543 1794 1599 1836 δι’

139 1862 373 1905 ἀδυνάτου.

86 1931 212 1971 45b5
237 1927 343 1979 ὅρον
369 1928 514 1976 ἄλλον,
542 1926 583 1965 in
612 1930 750 1966 nostro
776 1925 961 1978 exemplo
989 1926 1204 1966 terminum
1233 1925 1284 1975 Β,
1314 1939 1434 1978 quem
1462 1925 1514 1965 de
1529 1924 1599 1963 ali-

139 2006 218 2046 quo
245 1994 289 2033 E
313 1990 536 2044 praedicari
575 1989 779 2028 contendit
808 1989 908 2027 falsa
946 1989 1196 2028 deductionis
1225 1990 1454 2028 conclusio:
1496 2001 1600 2040 quae

139 2059 301 2109 quidem
348 2053 551 2095 conclusio
590 2053 626 2091 si
663 2054 911 2092 convertitur
951 2053 991 2091 in
1034 2048 1346 2105 propositionem
1375 2066 1599 2105 repugnan-

141 2127 224 2161 tem
260 2121 320 2167 (Β
348 2120 398 2158 (16
425 2119 533 2158 nullo
562 2118 604 2156 E
629 2117 928 2168 praedicatur),
964 2121 1008 2156 et
1044 2118 1078 2156 si
1114 2130 1203 2156 cum
1242 2117 1318 2155 hac
1345 2117 1599 2168 coniungitur

142 2185 283 2225 eadem
311 2183 533 2235 propositio
562 2181 682 2227 (ΑΒ)
711 2194 830 2231 quam
857 2181 976 2221 etiam
1007 2182 1194 2221 deductio
1223 2192 1384 2220 sumere
1412 2181 1599 2230 debebat,

144 2263 168 2289 e
196 2247 434 2288 deductione
461 2246 512 2284 ad
539 2245 754 2284 absurdum
782 2245 830 2284 fit
858 2246 1045 2285 continua
1071 2245 1375 2284 demonstratio.

90 2313 176 2352 451»
188 2314 239 2351 14
254 2310 512 2351 Correximus
529 2306 663 2349 ταύτὰ
677 2322 765 2349 cum
782 2310 870 2349 cod.
891 2309 936 2360 G,
951 2310 1056 2361 quod
1075 2309 1329 2356 fecissemus,
1352 2308 1472 2347 etiam
1494 2307 1530 2346 si
1549 2320 1600 2347 ne

141 2378 182 2416 in
209 2389 288 2415 uno
316 2374 477 2427 quidem
506 2375 608 2414 libro
637 2377 837 2413 exstaret:
871 2379 936 2413 est
970 2374 1075 2412 enim
1105 2372 1332 2412 emendatio
1360 2376 1403 2411 et
1429 2371 1530 2411 levis
1557 2376 1601 2412 et

144 2440 384 2482 necessaria.
457 2438 638 2489 Namque
675 2443 842 2489 apparet
878 2438 1139 2477 Aristotelem
1175 2438 1254 2476 hoc
1289 2437 1378 2475 loco
1414 2440 1600 2488 repetere

143 2517 342 2545 summam
378 2515 513 2542 eorum
543 2515 646 2553 quae
672 2502 791 2540 modo
820 2502 1025 2555 exposuit3
1063 2501 1190 2541 omnis
1219 2505 1352 2541 autem
1381 2501 1600 2552 disputatio

143 2582 244 2621 quae
265 2567 487 2620 praecessit
503 2567 543 2606 in
566 2579 614 2605 eo
638 2571 737 2612 erat,
766 2571 809 2606 ut
836 2566 978 2605 eodem
1007 2567 1175 2605 termino
1202 2565 1337 2604 medio
1364 2564 1600 2604 inveniendo

145 2637 188 2673 et
212 2632 493 2672 deductionem
522 2635 564 2669 et
591 2631 815 2670 continuam
843 2630 1224 2669 demonstrationem
1251 2629 1325 2669 niti
1347 2630 1574 2669 doceretur.

93 2698 183 2737 4512
198 2698 248 2735 1⁸1
275 2696 443 2736 Praeter
481 2694 733 2747 syllogismos
772 2695 840 2745 qui
877 2694 978 2733 fiunt
1014 2706 1088 2744 per
1122 2694 1401 2734 deductionem
1438 2694 1490 2733 ad
1522 2694 1599 2732 im-

147 2759 339 2813 possibile
374 2760 490 2800 aliam
528 2758 707 2812 speciem
743 2757 1063 2812 syllogismorum
1097 2758 1451 2812 hypotheticorum
1491 2770 1599 2798 com-
