1838 3086
604 203 1054 251 Antlytica'priora.
1499 202 1581 242 883

117 310 227 346 caret
265 305 365 345 nihil
404 307 603 346 interesse
640 309 774 345 utrum
812 304 1017 344 indefinita
1057 303 1110 343 sit
1135 314 1183 342 an
1210 299 1484 355 particularis,
1521 300 1578 341 cf.

117 373 283 411 261130.

63 434 432 475 26b'1Termin11m
445 434 480 473 A
494 434 545 473 de
564 447 610 473 ea
630 437 743 486 parte
757 433 917 472 termini
931 432 976 480 C,
1005 431 1056 471 de
1075 433 1193 484 quaB
1208 443 1284 471 non
1305 429 1578 482 praedicetur,

117 506 158 538 et
185 499 237 538 de
265 500 445 537 universa
473 511 595 551 posse
623 498 846 548 praedicari
874 502 915 535 et
944 497 994 534 de
1024 498 1208 535 universa
1237 508 1313 534 non
1337 494 1579 546 praedicari,

119 577 192 615 per
234 561 406 603 ἔκθεσιν
449 564 762 608 demonstratur,
809 574 926 612 quam
973 563 1122 600 281123
1169 560 1260 599 Zell
1307 559 1409 597 bene
1459 558 1581 597 vertit

119 629 430 675 „unmittelbare
458 625 794 676 Nachweisung'’.
851 626 920 664 Fit
949 626 1053 664 enim
1083 623 1260 674 ἔκθεσις,
1294 623 1329 663 si
1358 623 1474 662 unius
1496 625 1580 661 ter-

117 691 211 730 mini
239 692 341 730 duae
369 696 460 728 sunt
487 696 637 742 putee,
668 703 833 740 quarum
863 690 988 727 altera
1018 691 1066 728 ab
1095 691 1218 728 altera
1247 688 1423 740 separari
1443 687 1579 732 debet,

117 760 163 794 ut
190 755 487 794 demonstretur
516 754 622 804 quod
653 754 906 805 propositum
935 756 1008 791 est.
1065 755 1134 793 Sic
1163 754 1202 792 in
1232 753 1404 792 termino
1425 749 1583 791 λευκὸν

121 824 176 867 (v.
206 820 433 870 exemplum
464 832 520 857 vs.
543 822 586 864 ἵ)
619 819 715 857 latet
745 824 784 856 et
811 814 859 857 τὸ
887 816 1045 857 λευκὸν
1073 818 1178 868 quod
1209 819 1260 856 de
1289 817 1378 855 nive
1406 821 1447 854 et
1475 815 1581 867 quod

119 885 172 922 de
199 895 325 934 cycno
363 883 524 931 dicitur,
562 895 666 933 quae
702 883 860 932 quidem
899 883 1068 920 notionis
1108 882 1186 920 albi
1226 886 1362 934 partes
1400 879 1582 931 separari

120 949 267 987 debent
295 947 556 999 singulaeque
585 947 726 998 promi,
764 952 806 984 ut
841 946 913 985 fiat
953 945 1244 985 demonstratio
1282 958 1357 998 per
1394 939 1580 994 ἔκθεσιν,

119 1025 155 1050 v.
185 1024 288 1062 quae
316 1011 496 1050 dicemus
525 1012 574 1049 ad
603 1012 765 1050 281123.

65 1076 219 1115 261114
248 1075 309 1113 Ex
338 1075 552 1114 earundem
583 1074 915 1126 propositionum,
945 1073 995 1112 de
1021 1074 1165 1125 quibus
1192 1073 1312 1112 modo
1340 1072 1456 1123 dixit,
1486 1085 1582 1112 con-

118 1140 324 1179 iunctione
352 1152 428 1177 nou
458 1139 546 1176 fieri
575 1139 852 1190 syllogismum
883 1138 1004 1176 etiam
1034 1138 1110 1176 alio
1140 1138 1258 1176 modo
1286 1137 1444 1189 probat.
1486 1137 1583 1176 Pro-

118 1203 356 1255 positionem
387 1202 669 1254 particularem
700 1202 875 1253 appellat
901 1200 1164 1252 οέδιόριστον,
1195 1201 1381 1253 quoniam
1411 1214 1489 1240 uon
1510 1202 1583 1240 de-

118 1268 254 1307 finitur
291 1280 385 1306 uum
422 1267 474 1306 de
513 1267 638 1305 altera
676 1272 791 1317 parte
818 1270 973 1305 tantum
1004 1280 1097 1305 vera
1127 1267 1193 1314 sit,
1233 1267 1283 1304 de
1311 1266 1438 1304 altera
1466 1265 1583 1312 falsa,

119 1345 168 1371 an
197 1332 247 1370 de
274 1336 388 1383 parte
429 1336 579 1370 tautum
619 1331 836 1381 accipiatur
874 1331 978 1382 quod
1008 1332 1276 1382 praedicetur,
1321 1330 1503 1380 quamvis
1534 1330 1586 1369 de

118 1402 204 1436 toto
231 1408 370 1434 verum
399 1395 463 1434 sit.
527 1394 769 1444 Plerumque
798 1401 930 1434 autem
960 1396 1182 1447 propositio
1211 1393 1456 1445 ἄδιόριστος
1483 1395 1585 1434 dici-

121 1467 198 1507 tur,
230 1472 330 1511 quae
358 1459 583 1498 accuratius
613 1459 884 1510 appellaretur
909 1457 1289 1511 ἀπροσδιόρισῑος,
1327 1472 1363 1497 v.
1397 1460 1502 1497 enim
1531 1459 1584 1498 de

116 1523 439 1578 προσδιορισμῷ
478 1523 604 1562 schol.
646 1525 834 1562 1131144.
907 1522 1158 1574 ἄδιόριστον
1205 1529 1268 1562 est
1307 1523 1413 1574 quod
1458 1522 1581 1561 certis

117 1590 263 1628 finibus
303 1602 381 1627 non
422 1588 767 1637 circumscriptum
806 1593 888 1625 est:
934 1590 1123 1635 1841111,
1153 1589 1328 1635 816b73
1365 1585 1583 1636 ἀόριστον,

118 1654 224 1705 quod
265 1653 382 1692 nullis
427 1652 570 1690 finibus
608 1651 956 1703 circumscriptum
996 1658 1081 1691 est:
1131 1653 1282 1691 452b8
1315 1649 1343 1704 ἢ
1381 1649 1520 1704 μέτρῳ
1554 1649 1582 1704 ἢ

118 1716 339 1768 ἀορίστως,
368 1716 420 1755 cf.
449 1714 654 1765 ἀόριστον
672 1715 812 1766 ὄνομα
834 1722 874 1754 et
894 1714 1012 1769 ῥῆμα
1040 1719 1201 1762 161132,
1232 1715 1335 1756 1114.
1380 1718 1585 1755 10011129

119 1781 167 1822 τὸ
207 1780 290 1833 γὰρ
328 1779 510 1831 δυνάμει
548 1774 600 1818 ὂν
638 1777 709 1819 καὶ
749 1778 807 1832 μὴ
847 1778 1074 1834 ἐντελεχείᾳ
1108 1780 1158 1821 τὸ
1206 1779 1410 1831 ἀόριστόν
1454 1778 1582 1831 ἐστιν,

119 1859 356 1898 quamquam
398 1846 517 1883 etiam
556 1842 761 1894 ἀόριστον
798 1845 1023 1896 appellatur
1059 1846 1164 1897 quod
1204 1851 1337 1884 certos
1375 1845 1476 1883 fines
1505 1857 1583 1885 non

119 1912 262 1950 habet:
303 1911 509 1948 1027b34
546 1907 595 1949 τὸ
634 1907 717 1960 γὰρ
747 1907 887 1949 αἴτιον
924 1912 1004 1950 τοῦ
1032 1908 1111 1961 μὲν
1141 1910 1286 1956 (intell.
1315 1911 1397 1949 τοῦ
1426 1909 1585 1962 συμβε-

119 1973 322 2027 βηκότος)
360 1972 574 2023 ἀόριστον.
640 1976 812 2013 4421115
847 1973 928 2013 εἴτε
965 1975 1058 2015 κατ’
1097 1972 1313 2027 ἀριθμούς
1350 1987 1471 2022 τινας
1506 1976 1584 2029 τῆς

119 2038 268 2091 μίξεως
295 2037 367 2078 καὶ
394 2038 580 2091 κινήσεις
608 2037 688 2078 εἴτε
716 2036 788 2079 καὶ
815 2037 1037 2090 ἀορίστως,
1066 2042 1105 2080 in
1125 2041 1269 2091 quibus
1289 2038 1495 2091 ἀόριστον
1519 2044 1582 2079 est

118 2105 158 2143 id
187 2105 292 2155 quod
321 2105 566 2143 mensionem
596 2117 672 2143 non
694 2105 885 2151 admittit,
915 2118 992 2144 nou
1022 2105 1128 2157 quod
1149 2105 1201 2142 sit
1222 2104 1475 2153 immensum,
1506 2105 1580 2144 sed

119 2169 303 2219 quoniam
332 2174 395 2206 est
423 2168 666 2217 irrationale,
698 2169 803 2220 quod
826 2169 1096 2208 mathematici
1117 2173 1271 2207 vocant.
1330 2171 1505 2207 1010a3
1534 2165 1582 2209 ἐν

119 2230 166 2272 δὲ
192 2230 361 2278 τούτοις
389 2230 524 2284 πολλὴ
550 2231 581 2285 ἦ
606 2235 687 2272 τοῦ
715 2231 919 2283 ἀορίστου
956 2233 1086 2285 φύσις
1121 2228 1363 2285 ἐνυπάρχει,
1404 2233 1445 2272 11.
1474 2246 1510 2272 e.
1540 2233 1582 2273 in

119 2298 166 2336 iis
195 2309 296 2348 quae
333 2298 406 2335 sub
446 2310 589 2335 seusus
618 2299 763 2336 cadunt
790 2298 914 2337 multa
954 2304 1046 2338 sunt
1086 2311 1186 2349 quae
1213 2298 1456 2348 geometrica
1486 2297 1581 2336 sub-

118 2361 264 2400 tilitate
291 2362 426 2400 doceri
455 2366 678 2412 nequeunt:
708 2375 829 2412 quare
862 2364 1037 2402 1049b2
1064 2360 1142 2414 τὴν
1169 2359 1278 2412 ὕλην
1296 2359 1439 2402 καὶτὰ
1459 2360 1581 2415 πάθη

118 2430 234 2464 vocat
262 2423 448 2477 ἀόριστα.
519 2426 609 2465 Alio
646 2438 766 2466 sensu
804 2425 1050 2479 οέδιόριστον
1080 2428 1227 2466 dicitur
1254 2428 1374 2465 etiam
1404 2428 1445 2466 id
1473 2427 1581 2477 quod

118 2488 196 2529 non
226 2503 274 2530 eo
303 2490 391 2528 loco
411 2490 681 2529 definiendum
703 2494 766 2529 est
786 2504 864 2542 quo
887 2497 1248 2531 commemoratur:
1276 2494 1450 2532 639a22
1476 2490 1581 2544 ἄδη-

116 2554 196 2594 λον
221 2552 304 2606 γὰρ
332 2548 406 2594 κόιὶ
432 2553 679 2604 ἅδιόριστόν
704 2553 790 2595 ἐστι
815 2552 953 2608 λέγειν
972 2558 1056 2596 νῦν
1076 2553 1173 2606 περὶ
1190 2555 1372 2597 τούτων.
1397 2578 1448 2586 —-
1477 2557 1578 2597 Sen-

72 2632 75 2634 “
116 2620 243 2659 tentia
270 2620 395 2659 nostri
427 2621 504 2659 loci
532 2621 632 2659 haec
661 2624 737 2659 est.
803 2621 1001 2671 Quoniam
1040 2622 1361 2660 demonstratum
1398 2626 1462 2661 est
1499 2633 1579 2661 non

119 2683 205 2723 fleri
243 2684 518 2736 syllogismum
556 2697 579 2723 e
617 2685 769 2724 maiore
806 2686 1019 2725 universali
1055 2684 1118 2723 vel
1157 2685 1387 2725 affirmante
1413 2686 1476 2726 vel
1500 2698 1579 2725 >ue-

118 2753 236 2800 gnnte
272 2753 313 2788 et
349 2749 504 2789 minore
545 2749 761 2789 universali
798 2762 925 2801 eaque
963 2753 1147 2802 negante,
1187 2749 1447 2801 syllogismus
1486 2749 1578 2789 fieri

118 2823 196 2853 non
223 2813 386 2865 poterit,
413 2814 448 2853 si
474 2815 607 2855 minor
634 2819 696 2854 est
714 2814 968 2867 particularis
989 2827 1160 2867 negansz
1189 2827 1278 2857 nam
1306 2814 1578 2867 particularis,
