1780 3100
200 228 281 267 396
724 231 977 276 Aualytica
1007 232 1174 276 priora.

252 338 379 378 ponus
418 326 473 373 (v.
499 325 623 364 schol.
647 326 694 364 ad
717 327 756 365 h.
778 327 837 374 1.).
891 328 932 367 ln
970 329 1087 367 tertia
1124 330 1407 369 demonstratio
1445 330 1580 370 eadem
1619 337 1681 372 est

254 400 331 427 nou
359 401 544 427 conversa
574 390 840 441 propositione
867 392 1018 429 minore
1046 384 1226 438 (lll'a').‘

200 452 347 490 30a40
375 450 422 490 τὸ
449 448 530 500 γὰρ
560 451 627 491 Γ.
653 480 661 488 .
685 481 695 491 .
723 452 821 490 Eam
849 459 1000 504 partem
1039 456 1192 493 termini
1222 454 1265 494 Γ
1284 455 1489 507 intelligit,
1528 456 1578 494 de
1605 469 1680 506 qua

252 514 501 565 praedicatur
528 510 576 552 τὸ
604 513 653 552 Β.
702 515 815 563 Quod
846 529 901 554 vs.
922 518 973 553 22
1001 519 1192 567 expressit
1211 531 1284 568 per
1303 530 1516 572 pronomen
1544 518 1678 556 indefi-

252 577 377 615 nitum
405 574 463 618 τὶ,
494 577 597 614 idem
626 590 726 615 nunc
756 579 948 627 significat
976 592 1047 628 per
1075 581 1407 631 praepositionem
1436 578 1532 619 ὑπό.
1586 580 1682 619 Post

251 636 378 695 nanti,
404 639 493 677 addi
522 639 622 677 solet
649 638 696 678 τὸ
709 641 760 687 A,
788 642 891 691 quod
921 642 1181 691 suspicionem
1211 647 1361 679 movet:
1390 643 1428 680 in
1456 644 1540 680 aliis
1570 643 1679 680 codi-

253 702 363 740 cibus
393 702 495 739 enim
523 703 800 752 transpositum
829 707 903 749 est,
933 704 969 741 in
999 698 1083 741 aliis
1111 705 1311 742 omissum.
1353 704 1469 742 Certe
1490 702 1679 744 verisimi-

253 763 328 802 lius
358 768 420 801 est
456 764 627 801 additum
658 777 747 803 esse
785 766 907 803 alicua
937 779 1053 804 manu
1082 766 1352 817 explicationis
1381 768 1525 818 gratia,
1563 780 1679 818 quam

252 827 423 865 deletum
452 839 554 870 esse,
585 826 619 864 si
646 832 845 878 repertum
874 827 1024 864 fuisset.
1530 834 1533 838 ’

199 890 325 928 30'b4
352 886 478 928 οὐδὲν
501 887 581 940 γὰρ
601 887 815 928 ἀδύνατον
838 917 847 926 .
869 919 877 928 .
899 918 908 927 .
937 889 1042 926 Nihil
1066 890 1180 937 enim,
1209 890 1276 939 ait,
1305 890 1555 940 consequitur
1575 892 1679 941 quod

250 953 462 990 absurdum
493 954 557 997 sit,
586 953 619 989 si
650 953 938 990 conclusionem
967 953 1145 1002 ponimus
1175 965 1248 990 nou
1273 954 1548 1000 necessariam,
1578 953 1679 992 sicut

250 1016 370 1054 etiam
398 1015 436 1052 in
467 1014 747 1052 universalibus
777 1008 1012 1064 syllogismis
1040 1015 1135 1052 nihil
1165 1015 1322 1053 absurdi
1349 1016 1607 1064 sequebatur,
1646 1014 1679 1053 si

251 1077 553 1123 conclusionem,
583 1090 684 1127 quae
701 1077 822 1114 fiebat
843 1089 890 1114 ex
911 1079 1176 1127 propositione
1195 1072 1529 1128 maior'esimplici
1550 1082 1590 1116 et
1605 1077 1679 1115 mi-

250 1153 348 1179 nore
374 1140 609 1184 necessaria,
638 1139 805 1176 fecimus
833 1151 907 1176 non
937 1140 1212 1186 necessariam.
1267 1140 1442 1189 Namque
1471 1141 1596 1190 (quod
1620 1140 1678 1177 vi-

250 1203 381 1242 dimus
409 1196 864 1247 301123—2SJtan1uin
894 1203 1019 1249 abest,
1047 1208 1090 1240 ut
1117 1203 1263 1252 aliquid
1282 1204 1439 1241 absurdi
1461 1203 1623 1250 eveniat,
1644 1202 1679 1240 si

255 1266 572 1312 conclusionem,
601 1278 700 1314 quae
727 1265 795 1303 fiat
824 1277 846 1302 e
873 1266 1020 1302 maiore
1047 1260 1313 1315 propositione
1341 1265 1508 1314 simplici
1535 1269 1574 1303 et
1600 1265 1679 1302 mi-

252 1340 349 1367 nore
376 1328 614 1377 necessaria,
643 1340 719 1366 non
748 1328 1007 1365 necessariam
1036 1328 1247 1374 faciamus,
1277 1331 1319 1365 ut
1346 1328 1493 1376 aliquid
1521 1327 1680 1366 absurdi

252 1395 379 1437 exeat,
409 1391 442 1428 si
470 1403 554 1428 eam
584 1403 773 1441 ponamus
802 1391 1062 1428 necessariam
1093 1403 1200 1427 esse:
1229 1403 1350 1441 quare
1377 1391 1496 1428 etiam
1524 1391 1561 1429 in
1589 1403 1679 1440 par-

251 1453 404 1492 ticulari
433 1454 683 1504 syllogismo,
722 1454 787 1503 qui
826 1458 888 1490 est
917 1465 944 1491 ve
970 1453 1117 1491 maiore
1144 1453 1414 1503 propositione
1441 1453 1610 1503 simplici
1638 1456 1680 1491 et

249 1516 402 1555 minore
429 1517 662 1562 necessaria,
691 1516 888 1553 conclusio
917 1527 1006 1552 esse
1027 1515 1184 1552 debebit
1204 1527 1279 1552 non
1302 1516 1544 1556 necessaria:
1571 1516 1679 1564 *quod

194 1594 196 1597 ’
253 1579 287 1616 si
315 1590 391 1616 nou
420 1591 553 1615 verum
583 1582 712 1624 esset,
741 1578 898 1615 absurdi
927 1577 1072 1626 aliquid
1103 1578 1213 1626 sequi
1241 1578 1404 1615 deberet
1431 1578 1679 1616 conclusione

253 1640 357 1679 facta
387 1653 460 1678 non
490 1640 723 1678 necessaria.
762 1639 848 1677 Non
878 1640 925 1676 ab
955 1640 1057 1676 omni
1080 1644 1191 1689 parte
1211 1640 1448 1689 probandam
1470 1653 1559 1678 esse
1577 1641 1679 1678 lianc

251 1703 627 1743 demonstrationem
656 1703 834 1750 equidem
864 1714 949 1739 non·
967 1713 1079 1750 nego,
1108 1702 1177 1738 sed
1206 1714 1321 1750 quum
1351 1702 1426 1738 iam
1456 1709 1677 1751 quaeratur,

252 1765 342 1816 quid
371 1765 513 1802 dixerit
540 1764 800 1810 Aristoteles,
829 1776 901 1802 non
931 1763 1021 1813 quid
1050 1767 1160 1801 recte
1188 1764 1351 1810 dixerit,
1381 1765 1472 1814 quid
1501 1777 1590 1812 non,
1619 1766 1678 1803 ni-

251 1829 306 1868 hil
335 1819 561 1866 mutandum
593 1828 678 1865 erit.
715 1826 907 1864 Excusari
937 1831 1044 1863 certe
1071 1826 1216 1875 poterit
1244 1827 1290 1863 iis
1319 1839 1417 1876 quae
1440 1827 1606 1865 diximus
1630 1826 1678 1864 ad

251 1892 395 1930 29b29
424 1895 542 1928 extu:
579 1889 738 1938 collegit
766 1890 867 1926 enim
896 1888 986 1927 κατ’
1014 1886 1245 1942 ἀναλογίαν
1272 1890 1387 1926 talem
1417 1902 1505 1927 esse
1534 1889 1679 1926 debere

251 1953 539 1998 conclusionem
569 1952 784 2001 syllogismi
813 1952 1068 2001 particularis,
1098 1952 1220 1999 qualis
1238 1951 1360 1988 fuerit
1377 1951 1573 1989 conclusio
1592 1953 1678 1990 uni-

251 2016 413 2055 versalis
453 2014 691 2064 syllogismi,
733 2014 798 2062 qui
835 2014 1056 2063 particulari
1097 2014 1352 2062 respondeat,
1391 2013 1482 2062 quia
1518 2014 1679 2063 praedi-

252 2079 365 2119 candi
385 2070 502 2122 ratio,
530 2089 553 2114 e
573 2089 649 2126 qua
677 2075 759 2114 sola
786 2077 956 2127 pendeat
976 2075 1098 2125 qualis
1122 2075 1192 2113 fiat
1209 2075 1420 2124 conclusio,
1449 2076 1488 2114 in
1507 2079 1678 2126 utroque

252 2141 389 2182 eadem
419 2140 485 2178 sit.

306 2245 404 2297 Cap.
433 2244 495 2281 10.
551 2243 618 2281 De
643 2244 885 2295 syllogismis
911 2242 1119 2281 secundae
1143 2244 1338 2295 figurae,
1375 2243 1446 2294 qui
1472 2244 1587 2294 fiunt
1625 2255 1678 2280 ex

201 2309 488 2350 coniunctione
512 2307 802 2358 propositionis
830 2307 1088 2344 necessariae
1117 2310 1156 2344 et
1183 2306 1391 2356 simplicis.
1435 2308 1461 2343 9
1488 2306 1555 2343 De
1581 2308 1678 2343 uni-

199 2371 424 2412 versalibus
451 2370 707 2421 syllogismis,
735 2370 804 2421 qui
818 2358 934 2421 fiant
966 2374 1036 2407 aut
1067 2381 1118 2407 ex
1140 2368 1418 2422 propositione
1443 2369 1678 2406 necessaria

199 2440 382 2487 negante
411 2438 450 2470 et
477 2433 654 2484 simplici
682 2434 930 2484 affirmante,
962 2435 1009 2469 18
1039 2437 1110 2470 aut
1140 2445 1162 2469 e
1183 2431 1417 2469 necessaria
1440 2433 1678 2482 affirmante

201 2503 242 2537 et
268 2496 448 2549 simplici
474 2501 665 2546 negante.
721 2497 835 2532 :ssat
866 2494 932 2532 De
952 2494 1279 2546 particularibus
1305 2493 1557 2545 syllogismis.

199 2583 286 2621 30b
299 2583 349 2618 14
376 2578 457 2620 κᾶν
484 2580 665 2618 dedimus
694 2591 742 2617 ex
772 2578 871 2616 coni.
900 2581 1062 2629 propter
1090 2579 1247 2616 verbum
1274 2579 1379 2628 τεθῇ
1411 2579 1516 2627 quod
1544 2578 1676 2628 sequi-

252 2649 329 2690 tur,
357 2657 394 2681 v.
423 2632 586 2683 311137.
636 2642 744 2680 Idem
773 2641 955 2679 mendum
983 2642 1021 2679 in
1049 2640 1161 2679 codd.
1190 2640 1361 2678 occurrit
1389 2641 1520 2678 34b5.

201 2706 349 2745 30b2o
377 2705 533 2744 Omisso
562 2705 785 2755 syllogismo
813 2705 845 2742 ll
862 2698 899 2743 α’
927 2704 1056 2742 statim
1078 2704 1157 2754 agit
1178 2703 1280 2741 dell
1304 2697 1363 2753 βί
1393 2716 1479 2741 nam
1498 2703 1596 2741 alter
1614 2703 1675 2741 ni-

252 2767 310 2807 hil
334 2768 455 2807 habet
481 2767 654 2819 proprii:
693 2767 888 2818 siquidem
923 2778 1112 2807 conversa
1150 2765 1420 2817 propositione
1456 2767 1604 2805 maiore
1629 2765 1677 2804 fit
