1838 3086
602 192 857 241 Anaiyticn
879 193 1054 238 priora.
1496 193 1575 234 881

465 291 582 327 Omne
606 292 635 326 C
658 292 691 327 B

465 347 583 382 Omne
607 349 639 382 B
662 348 692 382 Α

465 411 582 445 Omne
608 411 636 445 C
659 411 701 445 A.

63 485 183 524 26:14
210 481 449 536 α’ναγκαῖον
477 483 717 536 συμβαίνει.
782 481 1019 521 Accuratius
1048 481 1220 521 dixisset
1245 477 1504 532 ἀναγκαίως,
1532 486 1578 523 ut

116 551 285 587 30:111:
314 562 406 587 nam
434 562 511 588 non
540 549 646 600 quod
675 546 855 598 sequitur
883 547 1153 585 necessarium
1183 551 1261 594 est,
1290 547 1361 586 sed
1390 560 1577 587 necessa-

118 614 179 652 rio
200 614 458 663 consequitur
476 612 818 664 propositionibus
841 611 1123 651 concessis.——
1152 610 1222 650 Vs.
1245 613 1271 649 6
1299 611 1440 650 melius
1456 612 1579 651 dixis-

118 682 182 717 set
210 678 308 716 οὔτε
334 674 387 716 τὰ
414 675 610 716 καθόλου
641 677 740 716 οὔτε
767 673 815 714 τὸ
843 671 951 714 κατὰ
973 671 1126 726 μέροςι
1156 687 1244 713 nam
1270 675 1304 713 si
1327 688 1376 714 ne
1399 677 1450 715 de
1464 680 1580 727 parte

117 741 280 793 quidem
307 741 458 791 aliquid
486 741 702 792 colligitur,
730 740 828 778 nihil
857 739 908 778 de
936 745 1022 778 toto
1059 739 1192 791 colligi
1221 751 1342 790 posse
1369 741 1581 792 consequi-

117 811 195 845 tur.
222 828 276 834 -
339 805 412 846 Vs.
439 809 466 844 8
504 819 577 856 per
614 805 798 856 exempla
838 804 956 842 allata
992 805 1134 856 probat
1175 806 1231 848 (v.
1261 804 1312 840 25
1330 806 1434 849 2125)
1472 805 1581 856 quod

118 869 393 908 demonstrare
422 870 594 909 debebat
622 883 669 908 ex
697 869 786 920 ipsa
812 869 966 908 ratione
1007 881 1125 919 quam
1153 867 1297 919 singuli
1326 869 1486 907 termini
1514 869 1582 908 in-

118 938 182 973 ter
210 947 254 972 se
281 934 477 973 habeant:
516 938 580 972 est
608 933 712 972 enim
742 933 947 985 proprium
976 932 1073 971 artis
1102 931 1270 984 logicae,
1313 936 1357 971 ut
1385 932 1580 973 termino-

118 1011 205 1037 rum
235 998 428 1036 rationem
460 1003 688 1048 cognoscat,
718 997 811 1035 dum
835 1010 898 1035 res
925 997 1097 1047 ignoret.
1135 996 1241 1034 Num
1272 996 1324 1035 de
1344 995 1441 1035 Caio
1463 1009 1581 1047 prae-

117 1062 275 1100 dicetur
302 1061 444 1100 animal
474 1063 616 1111 nescit,
645 1061 722 1100 scit
749 1061 800 1099 de
818 1060 914 1100 Caio
943 1060 1168 1111 praedicari
1191 1059 1350 1109 animal,
1379 1060 1414 1099 si
1435 1060 1581 1100 animal

117 1125 168 1164 de
195 1125 358 1164 homine
386 1129 427 1164 et
452 1126 574 1164 homo
602 1128 654 1165 de
683 1125 778 1164 caio
807 1124 1076 1176 praedicetur.

63 1190 207 1229 26al5
235 1187 466 1237 Terminos,
506 1190 541 1228 si
569 1190 640 1228 fiat
668 1189 936 1240 syllogismus,
975 1189 1032 1227 sic
1061 1201 1105 1227 se
1134 1188 1284 1227 habere
1311 1191 1356 1227 ut
1383 1189 1582 1240 exposuit,

117 1253 210 1293 inde
238 1253 413 1305 colligit,
443 1255 550 1305 quod
581 1266 718 1293 omnes
747 1253 888 1291 modos
918 1255 959 1290 et
986 1253 1163 1291 rationes
1192 1253 1484 1305 contemplatus
1513 1253 1581 1302 sit,

118 1318 186 1368 qui
225 1317 356 1356 locum
386 1318 536 1357 habere
573 1319 727 1370 possint
755 1318 860 1356 inter
888 1316 987 1355 duos
1016 1317 1232 1366 terminos,
1272 1329 1444 1368 quorum
1478 1318 1582 1358 alter

118 1382 170 1421 de
199 1381 326 1420 altero
354 1382 542 1420 universo
573 1382 843 1434 praedicetur.

64 1447 214 1485 26:117
255 1445 428 1496 Nullam,
470 1459 570 1496 quae
598 1446 686 1484 fieri
723 1445 864 1497 possit,
904 1445 1221 1496 coniugationem
1251 1466 1301 1473 —-
1330 1446 1583 1497 „coniugatio

117 1510 435 1562 propositionum
463 1510 608 1548 dicitur
635 1510 722 1560 ipsa
750 1509 943 1547 connexio
973 1522 1110 1548 earum
1146 1522 1220 1560 per
1256 1509 1370 1547 aliam
1401 1523 1582 1554 commu-

117 1586 208 1612 nem
239 1574 490 1625 particulam,
519 1587 597 1624 qua
624 1574 730 1612 inter
758 1586 803 1611 se
832 1573 1088 1624 copulantur:
1118 1573 1172 1611 ita
1201 1572 1306 1612 enim
1333 1579 1503 1625 possunt
1530 1574 1582 1615 ad

116 1650 232 1676 unam
262 1638 560 1676 conclusionem
589 1635 853 1677 consentire''.
920 1638 1107 1688 Appulei.
1136 1638 1217 1675 642
1247 1637 1332 1683 (ed.
1362 1638 1497 1684 Flor.)
1529 1661 1581 1669 —

116 1702 166 1741 ab
195 1702 412 1742 Aristotele
442 1702 765 1752 praetermissam
796 1715 889 1740 esse
918 1702 1010 1741 inde
1050 1705 1230 1753 apparet,
1269 1703 1375 1752 quod
1406 1703 1581 1754 primum

119 1770 196 1812 (vs.
223 1767 295 1810 ⁶23)
335 1765 528 1803 maiorem
566 1765 882 1816 propositionem
926 1765 1024 1804 facit
1062 1765 1326 1804 universalem
1356 1767 1439 1805 sive
1467 1767 1581 1806 affir-

119 1834 292 1869 mantem
322 1828 407 1866 sive
431 1835 671 1880 negantem‚-
697 1830 889 1868 minorem
919 1829 1200 1878 affirmantem,
1230 1828 1376 1868 deinde
1405 1833 1462 1876 (v.
1492 1832 1582 1877 39.)

118 1893 308 1932 maiorem
338 1893 599 1931 universalem
628 1894 711 1931 sive
739 1893 1006 1932 affirmantem
1037 1893 1120 1932 sive
1148 1899 1356 1944 negantem
1386 1907 1475 1933 cum
1503 1894 1580 1934 mi-

118 1970 215 1996 nore
243 1964 414 2007 negante
442 1957 654 2007 coniungit.
711 1957 770 1996 De
798 1958 845 1996 iis
874 1970 968 1996 vero
995 1958 1351 2002 coniunctionibus,
1382 1970 1485 2008 quae
1505 1959 1581 1998 mi-

117 2034 255 2061 norem
278 2021 426 2060 habent
446 2020 722 2068 universalem,
752 2022 943 2060 maiorem
968 2021 1266 2072 particularem,
1288 2022 1466 2073 loquitur
1488 2022 1582 2062 inde

116 2100 139 2125 a
167 2098 223 2124 vs.
254 2087 318 2124 ³0.
387 2085 610 2137 Appuleius
639 2087 720 2124 660
749 2086 833 2131 (ed.
860 2086 992 2132 Flor.)
1048 2085 1260 2135 „Quatuor
1299 2091 1393 2126 sunt
1429 2100 1601 2139 propo-.

118 2151 307 2189 sitiones:
337 2149 439 2187 duae
470 2149 745 2200 particulares,
773 2150 876 2188 duae
896 2150 1152 2188 universales.
1208 2150 1361 2188 Harum
1378 2163 1581 2201 unaquae-

118 2227 211 2266 que,
240 2218 286 2252 ut
312 2213 368 2251 ait
391 2213 641 2260 Aristoteles,
671 2218 718 2252 ut
744 2214 798 2252 sit
826 2214 1003 2252 subiecta
1032 2215 1109 2252 sibi
1138 2219 1178 2252 et
1207 2214 1295 2252 aliis
1325 2215 1456 2253 tribus
1485 2227 1580 2266 pro-

118 2282 303 2329 ponatur,
345 2280 539 2326 quaterne
568 2277 724 2316 scilicet
751 2278 1017 2328 coniungitur,
1060 2284 1182 2328 atque
1208 2279 1264 2317 ita
1302 2290 1424 2317 senae
1451 2277 1580 2319 denae

117 2341 414 2393 coniugationes
444 2341 483 2379 in
511 2340 672 2391 singulis
702 2340 883 2380 formulis
922 2340 1073 2380 erunt.''
1138 2341 1196 2380 De
1237 2343 1576 2394 coniugationum,

119 2418 221 2457 quae
258 2405 345 2444 fieri
375 2404 550 2456 possint,
591 2418 759 2444 numero
787 2419 821 2444 v.
850 2406 907 2445 M.
937 2405 1001 2445 W.
1033 2405 1230 2444 Drobisch
1258 2405 1372 2445 Neue
1403 2406 1579 2447 Darstel-

117 2469 211 2521 lung
238 2470 313 2508 der
341 2468 467 2519 Logik
497 2468 597 2519 Lpz.
629 2471 743 2509 1836.
771 2468 809 2521 ἓ.
840 2472 890 2509 71
919 2483 1006 2522 sqq.
1038 2491 1087 2497 —
1144 2469 1215 2510 vs.
1242 2473 1292 2509 18
1320 2473 1439 2510 verba
1468 2465 1575 2513 ὅταν

115 2531 165 2574 τὸ
199 2533 396 2574 καθόλου
434 2535 541 2584 τεθῇ
579 2531 690 2583 πρὸς,
723 2531 772 2573 τὸ
799 2534 943 2584 μεῖζον
970 2534 1107 2583 ἄκρον
1135 2535 1418 2574 obscuritatem
1447 2549 1577 2587 quan-

117 2597 207 2637 dam
244 2599 407 2638 habent.
483 2597 573 2636 Zell
612 2599 729 2637 vertit
764 2611 908 2647 „wenn
942 2600 1046 2637 daun
1084 2598 1156 2636 das
1192 2599 1444 2650 Allgemeine
1481 2601 1574 2642 dem

119 2661 399 2715 Oberbegriffe
440 2662 642 2714 beigelegt
678 2663 777 2701 oder
815 2662 1115 2714 abgesproclien
1154 2660 1294 2712 wird'’,
1333 2676 1410 2703 non
1436 2669 1575 2705 recte:

116 2724 214 2764 nihil
243 2728 348 2766 euim
377 2726 630 2779 praedicatur
657 2727 708 2765 de
736 2728 906 2766 termino
936 2727 1098 2774 maiore,
1128 2726 1200 2765 sed
1229 2728 1421 2768 terminus
1448 2729 1577 2770 maior

117 2788 168 2829 de
196 2791 380 2832 universo
407 2791 559 2832 medio:
599 2804 722 2843 quare
750 2791 892 2832 eadem
934 2790 1091 2831 ratione
1118 2790 1197 2831 hoc
1225 2793 1460 2833 vertendum
1488 2796 1576 2834 erat
