1826 3112
222 237 303 278 2Ὶο
817 238 1112 283 categoriae.

276 347 389 385 νομα
417 335 562 374 omissa
589 346 679 373 esse
705 333 852 382 refert,
878 339 1088 385 utrumque
1114 339 1245 374 autem
1274 335 1313 373 in
1340 334 1541 374 nonnullis
1562 336 1703 375 deesse

278 398 521 449 Porphyrius
549 401 684 436 auctor
712 402 785 436 est.
840 397 1027 448 Syrianus
1056 398 1266 436 Iamblicho
1292 398 1573 447 adstipulatur,
1612 398 1702 437 Ale-

278 463 426 499 xander
464 463 642 510 Aegaeus
681 461 844 498 servavit
879 461 953 512 τῆς
990 459 1158 507 οὐσίας,
1196 461 1326 498 omisit
1361 458 1466 500 κατὰ
1501 461 1704 511 τοῦνομα,

278 524 470 574 Simplicii
498 535 590 559 vero
618 527 797 573 tempore
826 523 940 561 lectio
969 523 1150 582 vulgariS,
1180 536 1292 572 quam
1314 524 1429 561 etiam
1456 525 1583 561 versio
1604 524 1704 561 Boe-

278 587 411 625 thiana
427 587 601 635 praebet,
629 585 799 623 habebat
825 591 1033 635 utrumque
1052 586 1196 630 (schol.
1219 587 1597 631 42b25—43a4).
1626 586 1705 636 Ap-

278 654 391 699 paret
427 660 474 685 ex
509 648 571 685 his
599 649 888 697 antiquissimos
916 649 1152 698 interpretes
1184 661 1228 686 ea
1258 660 1331 685 non
1362 649 1579 699 agnovisse,
1609 660 1707 697 quae

279 725 303 750 e
332 715 518 748 contextu
547 710 754 757 eiecimus,
793 723 1025 761 quamquam
1060 722 1135 748 non
1174 710 1383 748 defuerunt
1410 711 1449 747 in
1478 710 1706 748 recentiori-

278 775 350 812 bus
367 773 478 811 libris
498 773 709 823 plerisque,
738 779 960 811 nostrorum
984 785 1032 810 ne
1052 773 1090 811 in
1112 786 1189 811 uno
1209 774 1379 822 quidem.
1409 772 1452 810 Si
1473 774 1557 823 quis
1577 776 1706 810 autem

278 848 333 873 vs.
359 838 384 872 2
405 840 444 872 et
464 836 490 871 4
518 835 672 872 omittat
699 836 813 873 verba
842 837 916 887 τῆς
943 833 1111 882 οὐσίας,
1148 836 1286 873 eadem
1323 836 1384 871 vix
1420 837 1605 884 poterunt
1632 847 1708 872 non

279 898 420 936 deesse
447 909 502 935 vs.
524 899 549 933 6
571 900 612 934 et
635 899 684 935 9:
714 910 1019 947 synonymorum
1049 898 1150 934 enim
1180 897 1357 934 definitio
1379 893 1424 935 ἐκ
1441 895 1709 947 παραλλήλου

279 963 342 1000 est
370 959 590 997 definitioni
619 959 957 1008 homonymorum.
1012 958 1127 1006 Quod
1161 970 1253 996 vero
1283 962 1418 996 nostro
1446 959 1533 997 loco
1561 959 1707 996 factum

280 1027 363 1069 est,
392 1025 435 1059 ut
462 1021 579 1058 lectio
607 1021 805 1069 antiquior
833 1033 882 1058 ne
908 1021 947 1058 in
974 1032 1048 1058 uno
1078 1020 1235 1069 quidem
1265 1021 1362 1059 libro
1390 1021 1600 1059 recentiori
1628 1033 1710 1058 ser-

278 1089 367 1123 vata
403 1084 478 1129 sit,
518 1082 622 1120 idem
654 1083 744 1120 lb9
778 1082 929 1120 factum
966 1095 1057 1122 esse
1090 1083 1322 1121 videbimus.
1379 1083 1562 1121 Ceterum
1590 1083 1710 1121 tutius

278 1148 413 1197 utique
453 1148 516 1184 est
543 1145 677 1182 delere
705 1158 804 1195 quae
841 1145 930 1182 olim
957 1157 1034 1183 non
1062 1145 1215 1182 adiecta
1248 1144 1430 1192 fuerunt,
1467 1158 1581 1195 quam
1612 1146 1711 1183 reci-

281 1222 378 1262 pere
405 1221 508 1258 quae
535 1208 678 1245 omissa
705 1207 878 1255 fuerunt,
907 1208 982 1245 nisi
1008 1207 1083 1246 alia
1106 1207 1205 1244 ratio
1228 1207 1295 1252 sit,
1325 1221 1400 1258 qua
1423 1207 1625 1258 probabile
1644 1207 1712 1245 fiat

279 1271 428 1321 aliquid
457 1271 623 1308 eiectum
652 1283 742 1308 esse
769 1284 792 1308 e
820 1274 1019 1310 contextu.
1074 1270 1126 1308 At
1154 1270 1227 1307 erit
1250 1269 1422 1308 fortasse
1443 1271 1508 1320 qui
1528 1270 1635 1308 dicat
1653 1274 1711 1308 ta-

279 1335 358 1373 lem
386 1334 580 1372 rationem
607 1333 700 1371 huie
730 1333 818 1371 loco
852 1345 928 1371 non
956 1334 1121 1378 deesse3
1161 1332 1406 1382 Speusippus
1435 1332 1536 1370 enim
1567 1332 1710 1377 (schol.

278 1398 449 1442 41b30)
478 1396 574 1434 satis
604 1395 740 1434 habuit
769 1396 901 1434 dicere
929 1394 952 1435 6
979 1393 1023 1434 δὲ
1041 1394 1166 1445 λόγος
1186 1391 1335 1444 ἕτερος,
1365 1398 1408 1432 ut
1429 1395 1640 1432 verisimile
1663 1395 1715 1433 sit

279 1463 397 1499 verba
424 1460 497 1511 τῆς
525 1456 673 1504 οὐσίας
709 1460 757 1497 ab
794 1459 840 1496 iis
869 1459 1000 1497 deleta
1029 1471 1140 1503 esse,
1180 1458 1246 1507 qui
1276 1458 1541 1508 Speusippum
1572 1469 1741 1507 seque-0

281 1528 430 1561 rentur.
474 1522 589 1569 Quod
618 1521 651 1558 si
680 1521 946 1569 concedimus,
973 1522 1113 1559 mirum
1144 1526 1251 1558 certe
1268 1526 1343 1565 est,
1374 1520 1476 1569 quod
1501 1519 1620 1557 iidem
1643 1520 1713 1568 illi,

280 1586 346 1635 qui
373 1586 447 1636 τῆς
474 1582 622 1629 οὐσίας
650 1583 844 1622 delevisse
871 1587 1078 1635 putantur,
1120 1595 1196 1620 non
1225 1582 1440 1619 deleverint
1468 1582 1570 1630 quod
1600 1595 1714 1632 prae-

281 1649 402 1687 cessit
428 1645 535 1686 κατὰ
560 1647 775 1697 τοῦνομα,
817 1659 944 1696 neque
974 1647 1076 1684 enim
1105 1646 1204 1683 haec
1231 1646 1347 1683 verba
1378 1645 1415 1681 in
1445 1643 1714 1682 definitionem

279 1711 606 1760 homonymorum
636 1709 882 1759 Speusippus
921 1709 1084 1758 recepit.
1139 1708 1304 1758 Saepius
1334 1707 1493 1756 quidem
1521 1707 1716 1745 Aristote-

280 1773 365 1820 les,
398 1777 444 1812 ut
467 1772 733 1810 definitionem
753 1771 969 1821 significet,
1005 1771 1099 1809 dicit
1120 1768 1143 1809 6
1170 1769 1294 1819 λόγος
1321 1771 1398 1821 τῆς
1423 1767 1590 1815 οὐσίας,
1622 1781 1656 1806 e.
1678 1781 1715 1818 g.

280 1838 439 1883 mals),
467 1835 655 1881 695b18,
686 1835 894 1883 10372224,
922 1835 1008 1872 aliis
1037 1835 1134 1872 locis
1162 1832 1287 1884 λόγος
1315 1839 1356 1871 et
1380 1830 1504 1872 οὐσία
1522 1833 1627 1870 iuxta
1646 1844 1717 1882 po-

279 1904 440 1947 nuntur,
464 1903 508 1937 ut
534 1911 635 1948 quae
652 1897 756 1935 idem
782 1897 873 1935 sere
901 1898 1132 1946 significent,
1162 1898 1360 1934 10:35b26
1388 1894 1412 1935 6
1438 1894 1564 1946 λόγος
1590 1891 1660 1933 καὶ
1692 1892 1720 1946 ἡ

280 1960 418 2009 οὐσία,
445 1963 555 1999 6521)
568 1963 616 1998 18
642 1958 720 2010 τὴν
746 1958 827 2010 γὰρ
856 1959 1006 1999 οὐσίαν
1032 1958 1112 2010 ἔχει
1137 1962 1266 1998 τοῦτο
1293 1955 1456 1998 καὶτὸν
1475 1957 1626 2008 λόγον,
1655 1958 1718 1995 vel

281 2025 356 2064 alio
382 2024 498 2062 modo
520 2023 820 2072 coniunguntur,
845 2024 945 2060 sicut
971 2023 1082 2060 4121»
1097 2025 1144 2059 19
1171 2020 1275 2073 αὕτη
1302 2019 1384 2071 γὰρ
1415 2019 1539 2060 οὐσία
1559 2018 1720 2070 ὀφθαλ-

283 2089 368 2138 μοῦ
395 2085 423 2138 ἦ
450 2083 557 2125 κατὰ
583 2082 659 2123 τὸν
685 2084 841 2135 λόγον,
878 2086 928 2123 de
967 2096 1043 2134 quo
1079 2084 1236 2134 quidem
1267 2097 1339 2121 usu
1367 2096 1458 2122 mox
1488 2084 1720 2131 videbimus,

283 2152 364 2191 sed.
376 2162 492 2200 quum
514 2146 651 2198 λόγος,
670 2149 735 2185 ubi
764 2148 921 2198 ponitur
948 2147 1075 2185 nudus
1103 2148 1151 2184 ab
1169 2146 1395 2193 Aristotele,
1424 2147 1528 2184 idem
1549 2158 1637 2184 esse
1657 2158 1721 2184 so-

280 2214 337 2252 let
358 2213 463 2263 quod
485 2210 671 2261 ὁρισμός,
693 2214 774 2249 tum
803 2207 986 2255 maxime,
1013 2210 1081 2247 ubi
1110 2209 1320 2259 opponitur
1346 2208 1405 2262 τῷ
1433 2207 1621 2259 ὀνόματι,
1649 2221 1721 2247 nu·-

282 2276 356 2314 dus
377 2276 467 2325 poni
489 2275 602 2323 solet,
629 2273 682 2313 cf.
709 2274 784 2311 184
798 2273 820 2310 b
834 2274 883 2309 10
902 2269 1035 2310 πολλὰ
1052 2269 1133 2322 γὰρ
1152 2271 1453 2322 περιλαμβάνει
1474 2272 1531 2319 ὡς
1548 2269 1653 2324 μέρη
1675 2268 1723 2309 τὸ

284 2337 490 2380 καθόλου.
540 2334 728 2376 πέπονθε
756 2333 801 2374 δὲ
829 2333 958 2374 ταύτὸ
986 2337 1121 2374 τοῦτο
1148 2334 1307 2386 τρόπον
1333 2334 1429 2374 τινὰ
1455 2332 1524 2375 καὶ
1551 2332 1602 2373 τὰ
1629 2332 1722 2372 ὀνό-

283 2415 394 2452 ματα
422 2399 528 2451 πρὸς
554 2400 629 2440 τὸν
655 2398 807 2450 λόγον,
838 2404 877 2436 et
907 2412 1007 2448 quae
1036 2404 1171 2437 nostro
1201 2399 1288 2436 loco
1316 2398 1428 2436 valde
1457 2398 1596 2436 similia
1625 2400 1718 2435 sunt

285 2466 456 2504 107220
493 2461 630 2514 ἕτερος
667 2477 748 2536 γαρ
789 2461 812 2502 6
839 2460 944 2501 κατὰ
971 2462 1162 2510 τοῦνομα
1189 2459 1314 2511 λόγος
1343 2459 1494 2501 αὐτῶν.
1547 2459 1716 2497 148a24

284 2526 516 2578 συνώνυμα
549 2525 630 2578 γὰρ
659 2525 720 2566 ὡν
749 2520 806 2572 εἷς
842 2524 866 2564 6
892 2524 1000 2565 κατὰ
1027 2526 1219 2575 τοῦνομα
1247 2522 1396 2574 λόγος;
1441 2534 1569 2572 neque
1597 2525 1725 2559 tamen

283 2604 384 2641 quae
420 2591 558 2629 ultimo
595 2591 680 2629 loco
717 2589 994 2639 adscripsimus
1032 2601 1102 2627 nos
1130 2592 1363 2635 moverunt,
1401 2590 1446 2625 ut
1473 2586 1591 2623 verba
1617 2580 1726 2622 κατὰ

282 2655 472 2704 τοῦνομα
499 2666 554 2693 vs.
581 2656 607 2692 6
635 2654 673 2692 in
701 2657 926 2692 contextum
954 2652 1247 2703 reciperemus:
1275 2649 1406 2687 obstat
1433 2649 1536 2686 enim
1561 2650 1602 2686 et
1623 2646 1724 2685 anti-

286 2718 564 2767 quissimorum
592 2717 851 2767 interpretum
879 2715 1091 2754 auctoritas
1119 2719 1159 2752 et
1184 2714 1268 2762 ipsa
1297 2711 1526 2751 Aristotelis
1557 2721 1725 2748 consue-

289 2779 397 2829 tudo,
426 2792 516 2830 qua,
543 2780 611 2820 ubi
637 2780 772 2830 plures
800 2779 1051 2819 definitiones
1069 2775 1267 2828 proponit,
1287 2787 1365 2814 non
1385 2773 1534 2825 repetit
1553 2785 1652 2823 quae
1674 2783 1723 2810 ex
