1832 3138
484 766 1146 825 KATHFOPIAI.

78 1027 357 1114 Ομώνυμα
391 1050 558 1113 λέγεται
600 1051 664 1096 ὠν
707 1047 850 1111 ὄνομα
883 1049 1022 1111 μόνον
1053 1048 1233 1107 κοινόν,
1282 1047 1310 1096 6
1343 1049 1392 1096 δὲ
1425 1016 1645 1104 κατᾶωρΒῗ

83 1115 281 1181 τοῦνομα
314 1116 450 1180 λόγος
481 1117 647 1178 ἕτερος,
682 1122 779 1164 οἷον
813 1120 930 1200 ζῷον
963 1135 990 1164 ο
1025 1135 1069 1163 τε
1104 1114 1346 1178 ἄνθρωπος
1377 1118 1453 1163 καὶ
1486 1115 1539 1164 τό

82 1186 392 1270 γεγραμμένον.
464 1183 636 1232 τούτων
684 1182 769 1246 γὰρ
815 1183 958 1245 ὄνομα
1000 1182 1139 1244 μόνον
1182 1183 1360 1242 κοινόν,
1419 1182 1446 1230 6
1489 1185 1539 1231 δὲ

84 1254 196 1304 κατὰ
230 1252 429 1315 τοῦνομα
462 1252 595 1315 λόγος
627 1251 792 1313 ἕτερος·
828 1250 904 1299 ἐὰν
936 1250 1021 1313 γάρ
1041 1269 1108 1309 τις
1134 1249 1335 1317 αποδιδῷ
1359 1251 1403 1297 τί
1422 1251 1539 1299 ἐστιν

86 1322 235 1371 αὐτῶν
253 1323 439 1388 ἑκατέρω
458 1319 511 1367 τὸ
534 1319 631 1386 ζώῳ
653 1325 775 1378 εἰναι,
794 1321 909 1368 ἴδιον
920 1319 1132 1380 ἑκατέρου
1150 1318 1288 1382 λόγον
1300 1299 1533 1367 ἀποδῶσει.
1552 1334 1571 1361 ⁵

85 1389 329 1452 συνώνυμα
364 1391 411 1436 δὲ
443 1388 610 1451 λέγεται
644 1406 707 1435 ων
739 1386 791 1435 τό
822 1406 867 1435 τε
902 1385 1046 1448 ὄνομα
1068 1385 1223 1434 κοινὸν
1242 1388 1318 1434 καὶ
1344 1385 1371 1434 6
1398 1386 1538 1450 λόγος

85 1459 112 1507 6
125 1457 274 1515 αὐτός,
296 1463 393 1505 οἱον
416 1453 576 1522 ζῷον”
548 1475 575 1503 ο
592 1472 636 1502 τε
656 1453 898 1541 ανθρωπος
915 1456 990 1502 καὶ
1011 1453 1174 1516 ὁβοῦς.
1211 1451 1238 1502 6
1259 1473 1344 1518 γαρ
1357 1452 1538 1517 ανθρω-

84 1542 170 1585 πος
194 1527 270 1573 καὶ
303 1524 330 1573 6
362 1528 477 1586 βοῦς
509 1526 648 1589 κοινῷ
682 1522 864 1585 ὀνόματι
896 1522 1272 1586 προσαγορεύεται
1299 1525 1427 1588 ζῷον,
1463 1523 1539 1570 καὶ

85 1593 277 1656 ὃλόγος
309 1593 358 1640 δὲ
391 1590 418 1639 6
455 1590 614 1649 αὐτός·
651 1589 727 1639 ἐαν
759 1611 846 1654 γαρ
881 1589 1084 1654 αποδιδῷ
1115 1610 1182 1648 τις
1213 1588 1292 1639 τὸν
1326 1590 1539 1651 ἑκατέρου

0 1665 21 1722 j
84 1661 240 1725 λόγον,
273 1661 317 1708 τί
349 1660 464 1707 ἐστιν
498 1658 646 1706 αὐτῶν
679 1659 867 1726 ἑκατέρῳ
900 1657 951 1706 τὸ
987 1658 1104 1740 ζῴῳ
1118 1655 1251 1716 εἶναι,
1284 1655 1364 1705 τὸν
1398 1657 1538 1706 αὐτὸν
1552 1676 1588 1704 10

84 1729 222 1792 λόγον
255 1727 492 1776 ἀποδῶσει.
539 1726 786 1788 παρώνυμα
821 1729 868 1774 δὲ
889 1727 1057 1787 λέγεται
1077 1722 1163 1773 ὅσα
1183 1724 1274 1773 από
1298 1744 1418 1783 τινος
1439 1729 1538 1773 δια-

85 1798 280 1860 φέροντα
323 1799 379 1856 τῇ
412 1792 576 1841 πτώσει
609 1792 693 1856 τὴν
726 1792 839 1840 κατὰ
871 1811 1072 1854 τουνομα
1104 1794 1415 1876 προσηγορίαν
1440 1793 1539 1855 ἔχει,

86 1871 183 1913 οἱον
225 1861 315 1910 απὸ
356 1864 436 1923 τῆς
476 1865 777 1926 γραμματικῆς
819 1859 846 1908 6
880 1859 1180 1924 γραμματικὸς
1222 1861 1297 1908 καὶ
1332 1858 1421 1907 ἀπὸ
1455 1865 1538 1925 τῆς

85 1932 287 1995 ανδρείας
317 1927 348 1977 6
382 1927 593 1991 ανδρεῖος.
1552 1945 1588 1972 16

87 2081 260 2122 Codices
279 2078 513 2120 ABCdemc
532 2079 620 2132 (sg,
641 2079 668 2118 Ῑι
690 2078 740 2117 ab
759 2077 890 2126 initio,
918 2079 937 2117 a·
950 2076 1044 2117 inde
1073 2090 1096 2116 a
1120 2088 1208 2129 cap.
1228 2079 1268 2126 8,
1295 2077 1536 2130 quibusdam

660 2143 758 2182 locis
788 2141 958 2193 abEG).

177 2219 238 2251 Tit
291 2217 383 2253 δέκα
401 2217 623 2262 κατηγορίαι
660 2218 729 2250 Vat
748 2217 835 2250 1314
861 2217 1003 2250 Ambros
1031 2216 1061 2258 Q
1084 2216 1149 2258 87,
1185 2215 1225 2250 αὶ
1258 2213 1349 2250 δέκα
1378 2227 1537 2258 κατηγο-

86 2264 164 2311 ρίαι
197 2264 264 2297 Vat
279 2265 367 2307 242,
402 2265 622 2320 κατηγορίαι
647 2261 737 2296 δέκα
754 2273 778 2294 u
804 2262 872 2296 Vnt
895 2263 963 2295 247
1000 2262 1106 2295 Palat
1134 2261 1198 2304 74,
1228 2261 1319 2315 περὶ
1342 2261 1418 2295 τῶν
1445 2261 1536 2295 δέκα

85 2310 315 2365 κατηγοριῶν
336 2310 405 2343 Urb
428 2311 491 2354 55,
508 2307 610 2366 ἀρχὴ
635 2304 704 2342 σὺν
726 2306 806 2362 θεῷ
827 2320 903 2342 των
925 2306 1017 2342 δέκα
1033 2307 1266 2351 κατηγοριῶν
1288 2318 1325 2352 g,
1346 2304 1461 2340 τοῦτό
1483 2319 1536 2340 τι-

84 2368 145 2396 νες
175 2353 448 2414 ἐπιγράφρνσιν
481 2338 621 2394 οὕτως·
657 2352 705 2387 τὰ
738 2351 808 2398 πρὸ
842 2353 918 2386 τῶν
940 2350 1067 2387 τόπων
1097 2353 1166 2385 Vat
1192 2353 1292 2393 1021,
1318 2353 1536 2409 κατηγορίαι

85 2398 171 2446 ἤτοι
192 2401 278 2447 περὶ
301 2401 376 2435 τῶν
399 2398 490 2435 δέκα
514 2396 769 2444 γενικωτάτων
791 2398 908 2441 γενῶν
937 2399 1005 2432 Vat
1022 2398 1090 2431 244
1115 2405 1150 2430 et
1177 2398 1207 2430 C
1229 2398 1357 2430 omisso
1382 2395 1479 2440 ἤτοι.

174 2445 237 2480 121
263 2443 344 2481 κατ’
368 2443 514 2499 οὔνομα
538 2459 567 2482 e.
594 2466 636 2471 -—
661 2446 696 2486 2,
721 2445 754 2484 4,
779 2444 800 2476 6
821 2451 856 2476 et
874 2444 895 2477 9
918 2443 1041 2488 λόγος]
1068 2441 1176 2486 λόγος
1200 2443 1267 2495 τῆς
1292 2438 1423 2481 ου’σιάς
1441 2442 1537 2476 codi-

86 2503 139 2525 ces
162 2499 309 2536 excepto
333 2503 364 2531 e,
388 2493 448 2536 qui
470 2492 494 2526 4
517 2500 554 2525 et
577 2492 598 2525 6
623 2471 741 2523 omi’sit
763 2489 830 2530 τῆς
852 2487 992 2529 ουσίας.
1017 2508 1062 2515 -
1086 2490 1108 2521 2
1132 2488 1198 2543 τῆς
1218 2485 1349 2527 ου’σίας
1361 2486 1468 2542 λόγος
1496 2488 1534 2530 C,

85 2549 124 2570 vs
146 2538 166 2570 6
190 2538 282 2570 idem
305 2537 412 2570 habet
434 2548 474 2582 g.
497 2555 540 2562 —
573 2539 595 2570 4
617 2548 714 2570 κατα
738 2532 905 2579 τοῦνομα
929 2546 986 2568 om
1010 2546 1038 2568 e.
1064 2552 1110 2560 —
1135 2546 1182 2567 αν
1210 2533 1346 2566 ACdeh.
1371 2551 1418 2559 —
1439 2531 1534 2567 ἄπο-

10 2583 23 2590 “
85 2582 180 2627 διδῷ
211 2594 267 2622 τις
288 2585 392 2626 unfg.
416 2602 462 2609 —
494 2582 517 2616 5
541 2588 576 2614 et
601 2583 639 2615 11
671 2579 879 2615 ἀποδίδωσι
903 2593 938 2614 π.
961 2599 1005 2605 -
1030 2580 1051 2613 6
1075 2576 1095 2613 ὁ
1119 2591 1216 2612 κατα
1239 2590 1406 2622 τουνομα
1428 2577 1534 2633 λόγῳ

27 2635 42 2656 “.
86 2617 230 2662 caduces.
239 2629 317 2662 —7
341 2627 423 2663 οἷον
445 2626 488 2663 τὸ
514 2628 624 2681 ζῷον.
640 2639 659 2661 ο
682 2624 766 2681 γὰρ
776 2621 981 2683 ἅνθρωπος
1001 2636 1030 2658 e.
1050 2642 1094 2649 -
1120 2622 1140 2658 ὁ
1155 2621 1252 2677 γὰρ.
1291 2623 1428 2679 .βοῦς]
1445 2621 1534 2659 τού-

86 2684 160 2706 των
182 2684 253 2719 γαρ
277 2671 454 2719 ἑκατερον
479 2675 533 2717 ns,
556 2670 702 2708 τούτων
725 2669 796 2718 γὰρ
820 2669 1004 2716 ἑκατέρων
1029 2681 1088 2702 rec
1113 2681 1147 2710 a,
1176 2669 1297 2703 ταῦτα
1320 2681 1390 2725 γαρ
1411 2680 1451 2714 g.
1488 2688 1532 2696 -

26 2727 29 2730 ⁴
86 2718 109 2750 8
133 2714 153 2751 ὁ
178 2729 232 2750 om
257 2729 287 2752 e.
310 2737 358 2745 —
389 2719 463 2766 ζῷα
487 2731 520 2751 ιι.
547 2737 591 2745 —·
616 2719 637 2751 9
662 2716 702 2752 δὲ
726 2729 784 2750 rec
808 2718 844 2760 h,
878 2728 934 2751 om
967 2715 1115 2771 ACadg.
1137 2732 1183 2738 —-
1215 2715 1258 2749 10
1273 2712 1435 2761 ἑκατερῳ
1461 2713 1532 2751 αὖ·

86 2762 163 2796 ταῖν
192 2762 276 2807 Ceg·
309 2782 357 2790 —
382 2754 423 2800 11¹
449 2762 636 2800 α’ποδοὶσει
661 2761 773 2807 λόγον
796 2773 836 2807 g.
854 2783 892 2788 —
925 2761 966 2795 14
992 2758 1012 2796 ὁ
1038 2772 1095 2794 om
1118 2770 1159 2806 g·

131 2835 160 2868 l.
1220 2831 1244 2865 6
