1884 3100
659 199 987 235 ΠΡΟΤΕΡΩΝ
1017 200 1057 233 A.
1499 198 1581 238 159

131 297 360 348 ἀδυνάτου
376 296 654 358 περαίνονται
674 296 834 355 πάντες
845 315 856 324 ·
882 295 1143 359 ἀμφοτέρως
1155 297 1202 344 δὲ
1212 295 1374 358 γίνεται
1383 294 1435 343 τὸ
1446 301 1577 359 προῖ-

129 387 207 416 τον
225 370 385 430 σχῆμα,
398 368 623 422 δεικτικῶς
638 366 728 449 μὲνε
727 363 1094 425 τελειουμένοιν,“
1066 384 1134 412 οτι
1152 363 1226 412 διὰ
1246 368 1326 429 τῆς
1347 362 1576 425 ἀντιστρο-

130 439 226 500 φῆς
236 434 511 493 έπεραίνοντο
521 433 690 490 πάντες,
705 452 732 496 η
715 431 783 479 6'
789 430 1062 497 ἀντιστροφὴ
1073 431 1124 480 τὸ
1133 436 1311 494 πρῶτον
1320 433 1455 480 ἐποίει
1462 436 1576 496 σχῆ-

129 522 204 564 μα,
227 499 300 548 διὰ
324 503 370 548 δε
385 503 470 548 τοῦ
490 499 717 547 ἀδυνάτου
737 499 1089 560 δεικνυμένων,”
1062 520 1129 547 οτι
1147 502 1351 558 τεθέντος
1365 519 1450 547 του
1431 504 1626 553 &ev-⁸6

129 574 242 626 δοῦς
259 566 285 615 6
307 566 604 629 συλλογισμὸς
614 568 773 628 γίνεται
785 564 858 613 διὰ
869 571 955 614 τοῦ
966 568 1152 626 πρώτου
1164 567 1399 632 σχήματος,
1422 565 1519 614 οἷον
1531 568 1577 615 ἐν

127 655 188 719 τῳ
173 635 431 700 τελευταίῳ
445 635 647 697 σχήματι,
661 632 760 681 εἰτὸ
774 639 813 680 Α
825 636 899 681 καὶ
910 633 961 681 τὸ
976 638 1013 681 Β
1024 638 1152 682 παντὶ
1164 655 1225 701 τῳ
1243 633 1535 697 Γὺποίρχει,“
1508 653 1577 683 οτι

125 702 178 751 τὸ
199 708 237 749 Α
255 703 338 748 τινὶ
362 721 423 767 τῳ
449 705 487 747 Β
507 700 720 785 ὑπάρχει·
751 703 791 748 εἰ
807 700 890 788 γὰρ
909 704 1078 765 μηδενί,
1097 701 1148 749 τὸ
1168 705 1215 750 δε
1238 707 1276 749 Β
1295 705 1500 768 παντὶτῷ
1521 706 1576 762 Γ,

125 769 278 818 ουδενὶ
297 788 359 834 τῳ
377 749 476 815 Γτό
490 774 548 815 Α·
583 767 678 815 ἀλλ’
690 761 746 833 ἦν
757 771 898 816 παντί.
913 769 1076 830 ὁμοίως
1088 772 1135 817 δε
1148 772 1221 816 καὶ
1235 772 1303 817 ἐπὶ
1314 775 1402 817 τῶν
1414 769 1575 818 ἄλλων.

246 816 375 882 ’Ἐστι
402 837 448 883 δε
480 838 554 883 καὶ
583 836 813 899 ἀναγαγεῖν
841 837 1010 895 πάντας
1030 857 1139 895 τους
1156 836 1491 899 συλλογισμούς
1513 839 1576 896 εἰς
1592 853 1616 886 h

126 921 234 961 τους
262 904 307 950 ἐν
336 907 399 949 τῶ
421 903 585 969 πρώτῳ
604 905 793 967 σχήιιατι
813 905 1022 952 καθόλου
1040 905 1385 967 συλλογισιιούς.
1422 906 1466 952 οῖ
1496 923 1576 966 μεν

124 968 210 1033 γὰρ
230 971 274 1017 ἐν
293 975 357 1035 τῷ
372 972 562 1036 δευτέρῳ
581 970 781 1032 φανερὸν
801 991 869 1018 οτι
890 971 946 1019 δι’
964 973 1138 1019 ἐκείνων
1149 977 1431 1028 τελειοῦνται,
1454 970 1576 1036 πλὴν

123 1036 211 1099 οὐχ
225 1036 389 1097 ὁμοίως
399 1037 579 1096 πάντες,
605 1037 700 1084 ἀλλ’
714 1040 755 1085 οἱ
768 1040 846 1099 μὲν
857 1040 1067 1087 καθόλου
1078 1044 1163 1087 τοῦ
1176 1043 1440 1103 στερητικοῦ
1454 1038 1575 1086 ἀντι-

123 1105 408 1164 στραφέντος,
441 1123 531 1151 των
563 1104 602 1151 6'
622 1106 668 1152 ἐν
686 1108 804 1166 μέρει
829 1106 1031 1165 ἑκάτερος
1049 1105 1123 1154 δια
1148 1112 1228 1169 τῆς
1247 1110 1307 1165 εἰς
1327 1105 1380 1154 τὸ
1403 1105 1608 1154 ‹idam-⁵

120 1190 199 1219 τον
217 1170 464 1234 ἀπαγωγῆς.
488 1173 531 1218 οὶ
550 1170 590 1218 6'
608 1173 654 1219 ἐν
676 1191 737 1238 τῳ
761 1173 936 1238 ποωτω,
947 1175 991 1219 οι
1015 1172 1127 1220 και-ἀ
1146 1175 1293 1234 μέρος,
1318 1175 1573 1221 ἐπιτελοῦν-

121 1259 194 1287 ται
212 1258 291 1300 μεν
302 1240 378 1285 καὶ
395 1238 452 1285 δι’
465 1237 627 1296 αὐτᾶν,
650 1241 738 1287 εστι
759 1242 807 1286 δε
827 1242 901 1286 καὶ
927 1238 1001 1287 διά
1020 1245 1107 1287 τοῦ
1126 1242 1339 1300 δευτέρου
1353 1240 1575 1304 σχήματος

123 1305 348 1354 δεικνύναι
366 1308 427 1393 εἰς
450 1305 674 1354 ἀδύνατον
697 1306 959 1369 ἀπάγοντας,
984 1305 1080 1354 οἷον
1099 1309 1137 1354 εἰ
1156 1306 1208 1355 τὸ
1232 1313 1270 1355 Α
1288 1310 1417 1355 παντὶ
1434 1327 1497 1374 τῳ
1521 1313 1574 1367 Β,

121 1373 174 1421 τὸ
200 1376 247 1421 δε
278 1378 315 1420 Β
341 1376 422 1420 τινὶ
449 1378 510 1439 τῷ
539 1377 600 1430 Γ,
625 1372 691 1421 ὅτι
711 1373 763 1421 τὸ
785 1380 822 1421 A
847 1376 929 1422 τινὶ
957 1379 1021 1440 τῷ
1040 1379 1092 1422 Γ
1136 1377 1174 1422 εἰ
1200 1374 1284 1437 γὰρ
1308 1377 1483 1438 μηδενί,
1511 1379 1575 1442 τῷ

123 1443 170 1489 δε
210 1445 243 1487 Β
262 1443 404 1497 παντί,
423 1441 572 1488 ουδενὶ
590 1446 652 1506 τῷ
673 1446 719 1488 Γ
734 1440 786 1488 τὸ
803 1446 840 1488 Β
852 1441 1060 1500 ὑπαρξει·
1090 1447 1224 1490 τοῦτο
1248 1441 1333 1505 γὰρ
1352 1446 1477 1503 ισμεν
1498 1441 1573 1490 δια
1588 1461 1624 1489 10

119 1527 204 1555 του
186 1509 431 1567 δευτέρου
440 1489 675 1573 σχήματός.
691 1507 853 1570 ὁμοίως
863 1512 909 1556 δε
921 1528 992 1555 και
983 1511 1073 1557 ἐπὶ
1087 1514 1173 1557 τοῦ
1182 1515 1444 1573 στερητικοῦ
1455 1512 1574 1558 ε’σται

120 1574 150 1639 ἡ
183 1574 415 1633 ἀπόδειξις.
454 1578 492 1623 εἰ
517 1574 602 1638 γιὶρ
629 1574 680 1623 τὸ
711 1582 749 1623 Α
773 1578 926 1640 μηδενὶ
959 1596 1019 1641 τῳ
1051 1582 1103 1634 Β,
1132 1575 1183 1625 τὸ
1213 1579 1261 1625 δὲ
1286 1582 1321 1625 Β
1342 1580 1426 1625 τινὶ
1445 1597 1508 1644 τῳ
1532 1582 1579 1626 Γ

118 1642 328 1704 υπάρχει,
358 1641 409 1690 τὸ
435 1648 473 1690 Α
492 1645 574 1690 τινὶ
596 1648 661 1709 τῷ
685 1647 730 1690 Γ
747 1643 831 1705 οὐχ
851 1643 1059 1702 ὑπάρξει·
1092 1647 1131 1692 εἰ
1146 1663 1230 1707 γαρ
1262 1647 1405 1700 παντί,
1436 1650 1502 1693 τῶ
1522 1647 1573 1693 δε

120 1714 158 1758 Β
178 1709 373 1774 μηδενὶ
344 1730 376 1757 υ
379 1710 548 1771 πάρχει,
568 1691 719 1758 ουδενὶ
739 1717 804 1776 τῷ
827 1715 873 1757 Γ
884 1710 934 1758 τὸ
949 1716 986 1758 Β
999 1710 1209 1780 ὑπᾷρξει·
1230 1717 1366 1760 τοῦτο
1387 1712 1428 1760 δ’
1446 1733 1504 1779 ην
1521 1711 1572 1761 τὸ

119 1778 255 1838 μέσον
281 1782 441 1840 σχῆιια.
483 1776 583 1823 ὥστ’
613 1779 702 1824 ἐπεὶ
733 1779 777 1824 οἱ
806 1797 886 1838 μεν
919 1780 964 1825 ἐν
993 1783 1058 1825 τοῖ
1089 1781 1208 1845 μέσῳ
1238 1780 1426 1843 σχήματι
1456 1784 1623 1828 συλ-ιε

120 1846 322 1906 λογισμοὶ
351 1844 511 1901 πάντες
537 1843 775 1906 ἀνάγονται
809 1847 871 1902 εἰς
901 1863 1011 1903 τους
1031 1846 1076 1892 ἐν
1099 1866 1159 1911 τῳ
1179 1847 1337 1913 πρώτῳ
1361 1848 1572 1896 καθόλου

122 1911 475 1973 συλλογισμούς,
508 1911 552 1958 οἱ
579 1913 626 1958 δὲ
658 1931 769 1958 κατα
800 1914 933 1972 μέρος
964 1914 1008 1960 έν
1031 1917 1096 1960 τοῖ
1122 1914 1282 1980 πρώτῳ
1318 1917 1380 1972 εἰς
1397 1914 1506 1974 τούς
1523 1916 1573 1963 ἐν

117 1996 178 2046 τῳ
196 1980 338 2044 μέσῳ,
370 1977 567 2039 φανερὸν
598 1976 665 2025 ὅτι
695 1981 769 2025 καὶ
802 1981 845 2026 οἱ
870 1979 981 2026 κατὰ
1001 1983 1136 2042 μέρος
1158 1962 1489 2045 ἀναχθήσονται
1509 1985 1572 2041 εἰς

117 2027 228 2104 τους
258 2047 302 2093 έν
334 2065 395 2112 τῳ
423 2045 581 2112 πρώτῳ
616 2046 806 2109 σχήματι
834 2046 1042 2095 καθόλου
1069 2050 1415 2109 συλλογισιιούς.
1455 2052 1501 2097 οἱ
1530 2049 1571 2097 δ’

118 2114 163 2161 ἐν
180 2117 244 2179 τῷ
264 2114 392 2179 τρίτῳ
411 2113 619 2160 καθόλου
639 2133 720 2174 μεν
732 2113 872 2161 ὄντων
883 2119 972 2161 τῶν
985 2113 1104 2174 ὅρων
1117 2115 1261 2174 ευθύς
1274 2118 1570 2165 ἐπιτελοῦνται
1584 2139 1621 2168 20

117 2180 175 2228 δι’
188 2159 373 2228 ἐκείνων
380 2200 471 2227 των
490 2185 813 2243 συλλογισμῶν,
850 2180 954 2229 ὅταν
976 2182 1016 2229 6'
1034 2184 1079 2230 ἐν
1097 2185 1215 2244 μέρει
1238 2186 1502 2268 ληφθῶσι,
1494 2184 1569 2232 δια

117 2252 205 2295 τῶν
235 2249 280 2294 ἐν
298 2249 417 2308 μέρει
439 2253 749 2310 συλλογισμῶν
771 2254 858 2296 τῶν
877 2251 923 2297 ἐν
940 2269 1001 2316 τῳ
1022 2250 1180 2316 πρώτῳ
1183 2252 1411 2335 σχηιιατι·
1440 2247 1569 2300 οὗτοι

117 2317 165 2363 δε
187 2314 452 2400 ἀνήχθησαν
472 2335 533 2373 εις
552 2316 758 2398 ἐκείνους,
779 2314 886 2365 ὥστε
905 2320 979 2364 καὶ
1001 2319 1043 2365 οι
1070 2320 1114 2365 έν
1136 2338 1198 2384 τῳ
1212 2321 1342 2385 τρίτῳ
1365 2319 1566 2383 σχήματι,

116 2382 287 2430 οἱκατὰ
299 2385 444 2443 μέρος.
468 2381 665 2445 φανερὸν
685 2386 771 2431 οὐν
791 2382 857 2431 ὅτι
868 2385 1026 2443 πάντες
1039 2367 1445 2450 ἀναχθήσονταιείς
1456 2386 1567 2447 τούς

118 2451 163 2498 ἐν
181 2467 242 2517 τῳ
266 2451 424 2517 πρώτω
445 2451 635 2515 σχήματι
657 2451 864 2499 καθόλου
884 2452 1226 2517 συλλογισμους.
1580 2470 1616 2499 25

207 2567 251 2600 34
271 2564 386 2600 ἐποίει
403 2565 446 2600 τὸ
464 2566 616 2622 πρῶτον
633 2578 687 2610 σχ.
706 2567 729 2602 ι’.
754 2585 800 2591 -
829 2569 873 2602 35
893 2567 934 2603 δὲ
958 2580 997 2611 ρι·
1017 2581 1071 2601 om
1092 2569 1193 2602 «1.-
1227 2567 1297 2601 τοῦ
1321 2568 1485 2610 ψευδοῦς
1502 2582 1564 2606 τε-

117 2610 251 2649 θέντος
272 2625 306 2644 ιι.
332 2632 378 2639 -
401 2610 567 2653 ψεύδους
587 2612 622 2645 C.
651 2631 693 2638 —
719 2613 761 2644 36
780 2610 818 2646 έν
836 2614 906 2659 τῷ.
945 2614 1013 2658 .τῷ
1030 2615 1052 2658 β
1071 2626 1107 2646 rc
1132 2615 1163 2647 A
1183 2625 1286 2656 supra
1310 2614 1363 2646 lit.

206 2655 298 2690 29b6
316 2657 368 2698 οἱ]
389 2658 555 2701 σχήματι,
575 2657 610 2691 οὶ
629 2658 814 2692 Mar0931.
833 2677 878 2685 —
898 2659 918 2692 9
939 2662 1010 2693 τινὶ
1031 2660 1082 2705 τῷ
1098 2670 1119 2702 γ
1140 2671 1180 2702 pn
1197 2659 1296 2692 omd
1298 2684 1305 2691 .
1331 2677 1376 2686 —-
1399 2655 1565 2707 γὼτάρ-

118 2701 182 2744 ξει.
203 2703 237 2736 εἰ
251 2703 304 2736 ci.
327 2721 373 2728 —-
402 2703 533 2749 μηδενὶ
550 2702 720 2759 υηπάρξει
728 2701 769 2736 τὰ
798 2716 824 2737 α
843 2705 896 2751 τῷ
912 2717 933 2748 γ
951 2705 1002 2751 τῷ
1020 2705 1043 2737 ι’.
1070 2724 1112 2731 -
1135 2706 1180 2736 20
1197 2706 1310 2758 τρίτῳ
1331 2705 1566 2761 συλλογισμοὶ

117 2745 284 2827 {geminas
305 2749 342 2828 g
374 2767 421 2775 -
453 2751 498 2784 22
514 2749 674 2795 σχήματι
696 2739 901 2793 ανάγονται
925 2740 986 2791 εἰς
1000 2748 1090 2791 τοὺς
1111 2748 1303 2786 καθόλου·
1329 2744 1434 2787 οὗτοι
1458 2752 1495 2788 C.
1519 2770 1564 2779 —

181 2804 200 2827 ⁰
234 2804 290 2826 0OE
342 2805 376 2829 u.
