1884 3100
688 205 991 253 categoriae.
1520 200 1599 240 ael

203 311 302 366 Gap.
330 310 369 351 4.
399 308 717 362 Gategoriarum
743 305 1016 347 enumeratio.

88 378 184 418 2⁸1
213 374 461 424 Lectionem,
483 387 601 426 quam
623 374 849 412 habuerunt
875 369 966 410 edd.
993 368 1163 421 priores,
1188 361 1238 407 ἐν
1262 363 1416 419 α’γορᾷ,
1444 362 1492 406 ἐν
1511 366 1600 407 Λυ-

144 439 244 494 κείῳ
270 454 294 480 e
321 438 438 480 codd.
466 438 711 478 reduximus.

92 507 191 545 2⁸2
217 506 299 545 τοῦ
332 505 524 551 κεῖσθαι,
566 502 688 553 quod,
716 499 783 539 ubi
811 498 1035 549 categoriae
1062 500 1338 544 recensentur,
1367 495 1525 549 saepius
1553 494 1602 533 ab

146 569 363 609 Aristotele
401 568 529 607 omitti
566 566 646 604 iam
684 563 1005 608 observavimus,
1049 561 1276 612 exemplum
1314 566 1377 600 est
1404 561 1604 599 10422219

145 631 198 673 τὰ
218 630 264 673 δὲ
281 630 396 672 θέσει
418 628 652 682 (διαφέρει)
674 621 771 668 οἷον
798 623 929 674 οὐδὸς
954 622 1026 666 καὶ
1053 621 1328 676 ὑπέρθυρον·
1355 625 1493 665 ταῦτα
1519 621 1605 676 γὰρ

143 700 202 749 τῷ
221 694 392 736 κεῖσθαί
412 707 504 742 πως
523 690 727 746 διαφέρει.
767 692 894 732 ΙΙ).“26
931 688 1063 738 οὐδὸς
1099 688 1182 742 γάρ
1210 687 1325 730 ἐστιν
1354 684 1379 730 ὅ
1398 702 1440 730 τι
1466 685 1606 736 οὕτως

142 762 291 808 κεῖται,
319 757 392 802 καὶ
417 757 466 800 τὸ
495 754 606 799 εἶναι
631 756 680 798 τὸ
716 754 854 804 οὕτως
882 754 988 796 αὐτὸ
1014 756 1187 795 κεῖσθαι
1215 754 1430 806 σημαίνει,
1456 750 1531 794 καὶ
1555 751 1607 794 τὸ

144 826 413 878 κρύσταλλον
440 818 600 864 εἶναιτὸ
630 820 746 864 οὕτω
782 820 1120 862 πεπυκνῶσθαι.

92 891 187 930 2α6
214 888 242 944 ἢ
269 888 483 942 ἀποφάσει
520 893 612 940 post
637 884 823 940 λέγεται,
859 899 917 925 vs.
945 888 971 924 ἵ
1010 883 1037 938 ἢ
1067 883 1285 936 ἀπόφασις
1326 887 1417 922 ante
1443 880 1607 934 γίνεται

146 959 191 994 et
227 953 300 996 καὶ
337 953 554 1006 ἀπόφασις
592 957 684 992 unte
718 953 814 1004 ἤτοι
849 951 1058 990 omisimus
1095 950 1275 989 codicem
1306 962 1331 988 e
1357 949 1505 997 secuti,
1542 947 1611 1000 qui

149 1019 260 1059 solus
280 1019 464 1071 congruit
484 1030 573 1056 cum
604 1016 791 1066 lectione,
820 1029 938 1067 quam
968 1019 1010 1054 et
1027 1013 1259 1065 Simplicius
1287 1012 1427 1052 habuit
1453 1017 1493 1051 et
1513 1012 1610 1051 Am-

148 1084 303 1123 monius
344 1082 490 1128 (schol.
517 1082 672 1120 491117
695 1102 740 1109 —
765 1081 851 1124 28).
906 1078 968 1119 Ad
996 1078 1118 1117 verba
1153 1076 1350 1128 Simplicii
1378 1076 1464 1122 (ed.
1491 1075 1614 1116 Basil.

145 1148 250 1186 1581
278 1146 348 1185 fol.
380 1147 429 1183 11
459 1143 504 1190 δ)
535 1146 612 1183 iam
641 1145 842 1183 annotavit
870 1143 963 1182 lust.
993 1141 1179 1182 Velsius:
1217 1141 1351 1189 „Hinc
1377 1141 1514 1192 itaque
1539 1153 1612 1191 pn·

145 1214 207 1250 tet
241 1209 488 1262 Simplicium
524 1209 641 1247 aliter
662 1209 771 1248 hunc
798 1213 953 1247 textum
979 1206 1143 1259 legisse,
1170 1218 1287 1257 quam
1316 1204 1439 1244 hodie
1464 1204 1505 1243 in
1533 1204 1614 1243 im-

146 1274 300 1327 pressis
328 1273 621 1326 exemplaribus
648 1269 883 1311 habeatne&

95 1340 188 1378 22⁸1
216 1337 337 1379 δοκεῖ
360 1337 600 1377 Aristoteles
628 1336 786 1375 videtur
814 1335 1032 1382 addidisse,
1061 1334 1153 1386 quia
1179 1346 1257 1373 non
1286 1332 1407 1372 huius
1428 1332 1506 1372 loci
1527 1336 1615 1372 erat

150 1403 367 1454 quidquam
388 1402 537 1440 docere
557 1401 608 1440 de
629 1400 914 1442 enuntiatione.
944 1399 1003 1439 De
1024 1412 1071 1438 re
1090 1399 1179 1452 ipsa
1205 1410 1243 1437 v.
1269 1399 1322 1436 16
1336 1410 1359 1437 a
1373 1399 1424 1436 12
1451 1402 1494 1438 et
1514 1410 1618 1450 quae

152 1466 332 1506 dicemus
360 1466 410 1505 ad
433 1466 473 1505 h.
501 1465 529 1506 Ι.

210 1571 311 1626 Gap.
333 1570 375 1611 5.
404 1571 473 1611 De
488 1570 737 1610 substantia.
760 1583 816 1610 vs.
838 1572 890 1608 19
920 1569 1039 1620 Quae
1061 1568 1382 1624 praedicantur,
1411 1580 1554 1608 eorum
1578 1572 1619 1607 et

101 1650 252 1677 nomen
282 1641 323 1676 et
352 1635 544 1690 definitio
570 1634 624 1674 de
651 1635 747 1674 aliis
776 1636 1043 1674 enuntiatur:
1071 1637 1124 1673 27
1152 1647 1262 1688 quae
1290 1639 1432 1674 autem
1453 1634 1499 1672 in
1523 1633 1621 1672 aliis

108 1701 346 1745 inhaerent,
376 1713 517 1739 eorum
538 1713 688 1738 nomen
716 1698 944 1752 aliquando
969 1698 1248 1751 praedicatur
1277 1698 1330 1738 de
1349 1699 1446 1739 illis.
1483 1699 1536 1736 34
1552 1697 1620 1736 De

97 1766 248 1819 primis
274 1765 519 1804 substantiis
548 1765 688 1802 omnia
717 1767 791 1802 aut
817 1763 1123 1815 praedicantur
1151 1763 1290 1802 autin
1311 1763 1363 1801 iis
1382 1762 1620 1801 inhaerent.

103 1831 203 1868 21³7
233 1828 407 1882 Species
437 1828 574 1880 magis
601 1827 838 1865 substantia
866 1833 928 1866 est
966 1839 1090 1879 quam
1117 1839 1262 1879 genus.
1317 1839 1373 1865 vs.
1399 1828 1449 1864 15
1477 1825 1622 1879 Expo-

102 1894 241 1942 nitur‚
279 1906 353 1932 cur
388 1890 611 1931 individua
647 1890 845 1930 dicantur
880 1891 1048 1944 primae
1089 1891 1352 1930 substantiae
1390 1895 1432 1929 et
1458 1891 1622 1943 species

103 1957 240 2010 magis
289 1956 555 1995 substantiae
601 1968 727 2009 quam
765 1968 910 2007 genus.
973 1958 1027 1994 22
1070 1954 1343 1994 Individuum
1392 1954 1624 2004 individuo,

103 2022 263 2074 species
289 2021 431 2073 specie
457 2033 541 2058 non
569 2020 706 2072 magis
734 2024 795 2058 est
823 2019 1072 2058 substantia.
1135 2022 1189 2057 29
1220 2018 1320 2058 Non
1349 2023 1409 2057 est
1437 2018 1626 2059 secunda

103 2086 341 2125 substantia
377 2089 554 2138 praeter
590 2084 751 2136 species
799 2090 840 2122 et
877 2096 1054 2136 genera.
1119 2085 1215 2122 3⁸17
1254 2081 1506 2123 Substantia
1542 2097 1626 2123 non

105 2150 299 2189 inhaeret
335 2149 382 2187 in
415 2148 533 2195 aliis,
570 2149 622 2185 21
665 2160 915 2202 quamquam
954 2147 1030 2186 hoc
1070 2160 1154 2186 non
1186 2148 1407 2200 proprium
1435 2153 1496 2186 est
1531 2147 1625 2186 sub-

106 2214 305 2253 stantiae.
371 2214 424 2250 23
453 2211 731 2250 Substantiae
772 2217 813 2251 et
851 2212 1122 2266 differentiae
1160 2210 1429 2261 συνωνύμως
1479 2213 1628 2264 utique

105 2277 425 2331 praedicantur.
481 2276 543 2313 Sl»
559 2278 608 2312 10
637 2274 888 2315 Substantia
908 2290 991 2330 per
1018 2289 1064 2315 se
1089 2276 1182 2315 sola
1210 2276 1397 2314 consistit
1417 2274 1534 2321 (τόδε
1553 2281 1627 2324 τι).

108 2343 135 2380 4
163 2340 439 2381 Substantiae
476 2339 584 2378 nihil
611 2340 869 2379 contrarium
898 2346 972 2380 est.
1028 2342 1080 2378 33
1110 2338 1382 2388 Substantia,
1421 2346 1629 2393 quatenus

108 2419 186 2459 per
218 2418 265 2445 se
299 2405 390 2445 sola
430 2404 644 2450 consistit,
680 2416 763 2442 non
799 2403 954 2443 dicitur
981 2405 1117 2456 magis
1154 2404 1222 2443 vel
1249 2405 1387 2443 minus
1417 2418 1505 2444 esse
1531 2406 1627 2446 sub·

110 2471 286 2509 stantia.
349 2471 474 2508 4³10
513 2467 791 2507 Substantiae
823 2470 1042 2522 proprium
1074 2474 1156 2518 est,
1195 2467 1305 2520 quod
1335 2471 1552 2509 contraria
1579 2471 1626 2511 in

110 2546 156 2573 se
182 2534 355 2587 suscipit
385 2533 495 2580 (alia
523 2533 636 2571 ratio
666 2539 728 2572 est
757 2534 958 2572 orationis
986 2539 1027 2572 et
1055 2533 1296 2586 opinionis).

113 2628 230 2666 2211
259 2627 311 2666 de
339 2626 559 2666 substantia
588 2638 624 2663 v.
652 2623 818 2676 Trdlbg.
846 2624 897 2664 de
925 2638 988 2664 an.
1016 2638 1057 2675 p.
1087 2626 1166 2663 323
1184 2646 1238 2652 —
1257 2625 1349 2672 32¹1,
1378 2624 1431 2663 Η.
1460 2625 1628 2667 Rsssow

167 2690 395 2730 Aristotelis
416 2691 467 2730 de
486 2690 656 2731 notionis
678 2688 908 2728 definitione
927 2688 1125 2727 doctrina.
1148 2689 1282 2727 Berol.
1304 2690 1423 2730 1843.
1452 2704 1492 2742 p.
1513 2693 1627 2729 51-

170 2754 234 2795 54.
275 2754 366 2797 Hoc
401 2755 491 2796 loco
522 2753 743 2796 substantia
770 2765 848 2793 non
875 2753 951 2793 nisi
978 2753 1188 2805 negatione
1215 2753 1415 2795 definitur.
1463 2755 1627 2796 Aristot.
