1780 3100
180 170 260 231 ἔξω
695 193 1154 236 Analytica.pr-iora.

233 290 467 329 Aristoteles
494 290 683 342 agnoscit,
711 291 864 340 septem
891 289 992 328 fiunt
1017 290 1214 328 conversis
1242 289 1557 329 conclusionibus
1579 292 1660 342 syl-

238 352 492 405 logismorum
522 354 534 390 l
563 347 614 400 α’,
645 345 683 401 β’
710 357 750 390 et
776 345 825 401 γ’.
891 352 1145 397 (Aristoteles
1173 364 1266 390 vero
1302 353 1462 390 eosdem
1500 353 1661 405 syllogi-

183 423 186 426 ’
236 427 341 460 smos
378 416 541 467 putavit,
581 415 644 465 qui
680 427 729 453 ex
763 415 904 453 iisdem
941 415 1274 465 propositionibus
1301 420 1554 454 nascerentur
1582 417 1665 455 sive

235 483 345 516 recta
375 480 455 516 sive
483 490 670 516 conversa
699 477 963 525 conclusione,
994 490 1028 514 v.
1057 479 1236 522 27a14).
1303 477 1471 516 Octavus
1499 479 1544 516 fit
1572 490 1663 517 con-

237 541 412 578 clusione
440 541 649 578 universali
678 541 693 578 Ι
722 534 760 591 β’
787 544 934 578 mutata
971 540 1010 577 in
1048 540 1339 591 particularem,
1376 553 1499 579 nonus
1534 541 1580 579 fit
1616 551 1665 578 ex

235 603 253 640 Ι
276 596 312 641 δ’
338 603 498 642 mutatis
527 604 704 653 terminis
732 605 811 642 sic:
839 602 885 642 τὸ
906 603 946 641 A
971 600 1077 642 κατὰ
1102 601 1217 650 τινὸς
1244 605 1321 642 τοῦ
1355 604 1399 652 Β,
1427 601 1475 643 τὸ
1496 604 1532 642 Β
1561 600 1665 643 κατὰ

237 664 419 716 μηδενὸς
458 667 537 704 τοῦ
566 666 608 705 Γ
628 687 680 694 —-
716 665 764 706 τὸ
801 666 841 704 A
877 664 982 705 κατὰ
1021 665 1135 713 τινὸς
1167 668 1246 706 τοῦ
1283 667 1325 706 Γ
1354 667 1419 706 οὔ.
1482 665 1665 718 Appuleii

240 728 380 767 librum
409 728 550 766 nullius
578 728 665 767 fere
693 730 808 779 pretii
836 741 925 768 esse
953 730 1070 775 facile
1096 731 1188 768 inde
1218 730 1434 777 coniicitur,
1467 730 1570 779 quod
1599 728 1665 766 ubi

237 790 288 829 de
325 792 451 841 prima
488 791 611 840 figura
650 792 827 843 disputat
855 791 1173 842 Theophrastum
1212 792 1386 830 imitatur
1423 793 1462 829 in
1502 804 1665 829 conver-

236 853 366 892 tendis
394 854 741 904 propositionibus,
780 855 818 893 in
856 854 972 891 tertia
1009 866 1101 891 vero
1140 867 1228 891 eum
1256 854 1524 904 reprehendit,
1561 852 1665 903 quod

236 916 415 966 opinatus
452 917 505 953 sit
541 917 641 953 duos
681 917 818 954 modos
856 915 963 953 nasci
1005 928 1054 953 ex
1099 917 1354 954 conversione
1394 915 1665 954 conclusionis.

236 977 449 1016 Praeterea
477 990 552 1015 non
592 978 834 1028 probandum
867 990 970 1025 esse,
1008 978 1110 1027 quod
1148 979 1186 1016 in
1220 979 1400 1016 omnibus
1427 979 1667 1030 syllogismis

237 1039 525 1090 propositiones
554 1039 608 1077 ita
635 1041 934 1091 transposuerit,
962 1045 1007 1079 ut
1033 1041 1159 1078 minor
1186 1042 1343 1079 maioris
1371 1042 1499 1079 locum
1521 1044 1667 1088 teneat,

236 1103 361 1140 maior
399 1102 575 1149 minoris,
619 1105 768 1140 notavit
796 1103 950 1141 Cornel.
979 1103 1172 1141 Martinus
1201 1105 1239 1142 in
1267 1104 1482 1143 animadvv.
1509 1104 1559 1142 ad
1588 1104 1667 1142 Ge-

237 1165 462 1203 verhartum
500 1164 836 1202 Elmeuhorstium
889 1166 1068 1216 scriptis,
1115 1179 1149 1204 v.
1193 1166 1336 1216 Appul.
1385 1167 1447 1205 ed.
1494 1166 1669 1204 Bosscha

239 1228 286 1266 11.
309 1241 347 1278 p.
370 1229 460 1265 282.
517 1227 632 1276 Quod
662 1229 857 1278 quomodo
884 1228 1033 1266 factum
1062 1229 1126 1275 sit,
1156 1228 1414 1278 explicuimus
1436 1229 1483 1267 ad
1505 1229 1667 1266 25b37.

239 1290 357 1328 Haud
398 1289 566 1328 alienum
603 1303 625 1327 a
660 1296 795 1328 nostro
835 1290 921 1328 loco
957 1290 1112 1329 videtur
1149 1290 1325 1329 inserere
1362 1303 1462 1340 quae
1491 1291 1670 1342 leguntur

239 1352 344 1403 apud
372 1352 604 1402 Appuleium
632 1355 710 1390 659
739 1353 819 1397 (ed.
848 1353 974 1398 Flor.)
1018 1352 1172 1400 „Stoici
1200 1366 1316 1404 porro
1349 1366 1421 1405 pro
1450 1354 1569 1391 literis
1597 1365 1668 1390 nu-

240 1427 372 1453 meros
390 1419 603 1465 usurpant:
632 1419 675 1453 ut
703 1415 773 1464 „Si
797 1416 978 1466 primum,
1007 1416 1245 1454 secundum:
1273 1417 1379 1466 atqui
1399 1418 1578 1466 primum,
1606 1427 1669 1453 se-

241 1478 409 1516 cundum
438 1475 598 1526 igitur.’'
644 1477 790 1516 Verum
812 1478 1044 1516 Aristoteles
1073 1479 1110 1515 in
1139 1479 1265 1529 prima
1293 1478 1461 1516 formula
1489 1483 1670 1528 quattuor

242 1539 347 1577 solos
375 1539 739 1578 indemonstrabiles
767 1540 914 1590 prodit.
968 1539 1266 1591 Theophrastus
1294 1546 1333 1578 et
1355 1541 1476 1578 ceteri
1498 1540 1669 1589 quinque

242 1606 482 1641 enumerant.
556 1602 658 1639 Nam
695 1603 1002 1653 propositionem
1040 1603 1244 1652 iungentes
1282 1603 1522 1640 indefinitam
1560 1602 1669 1640 colli-

241 1669 338 1716 gunt
366 1676 522 1714 quoque
550 1664 763 1702 illationem
801 1656 1053 1702 indefinitam.
1116 1665 1204 1703 Hoc
1242 1678 1572 1716 supervacaneum
1608 1668 1671 1702 est

240 1727 396 1765 tradere
538 1726 669 1764 Aristo
696 1731 827 1765 autem
848 1727 1132 1765 Alexandrinus
1161 1732 1202 1766 et
1229 1727 1400 1765 nonnulli
1421 1727 1672 1777 Peripatetici

241 1790 409 1827 iuniores
440 1789 609 1838 quinque
647 1789 745 1826 alios
781 1789 919 1827 modos
948 1794 1154 1839 praeterea
1191 1795 1406 1841 suggerunt
1440 1782 1670 1828 universalis

241 1851 448 1889 illationis:
478 1851 515 1888 in
545 1851 669 1901 prima
698 1851 866 1890 formula
894 1857 991 1898 tres,
1020 1853 1058 1890 in
1086 1853 1256 1891 secunda
1284 1852 1395 1900 duos,
1431 1864 1502 1902 pro
1531 1851 1671 1902 quibus

241 1914 296 1952 illi
324 1914 582 1964 particulares
611 1913 804 1952 inserunt:
843 1915 945 1965 quod
973 1927 1161 1965 perquam
1189 1916 1364 1966 ineptum
1391 1919 1466 1961 est,
1495 1914 1557 1954 cui
1583 1915 1671 1966 plus

243 1988 474 2014 concessum
503 1976 566 2023 sit,
595 1976 721 2014 miuus
751 1977 1027 2016 concludere.'’

299 2078 396 2131 Gap.
431 2078 469 2116 5.
525 2078 591 2116 De
623 2079 805 2118 secunda
837 2082 997 2132 figura.
1061 2068 1182 2117 2‘7a3
1221 2080 1287 2119 De
1316 2078 1672 2131 coniugationibus

186 2142 513 2195 propositionum
533 2142 839 2181 universalium.
893 2145 945 2180 26
964 2143 1031 2180 De
1050 2143 1417 2194 coniugationibus,
1442 2144 1672 2195 quaefiant

194 2218 245 2244 ex
276 2205 413 2243 altera
440 2205 678 2251 universali,
709 2206 845 2243 altera
867 2206 1133 2257 particulari,
1161 2207 1199 2243 si
1226 2207 1361 2244 altera
1390 2207 1584 2257 affirmet,
1615 2205 1672 2243 al-

192 2273 288 2306 tera
315 2272 452 2318 neget,
480 2268 568 2306 blo
594 2267 660 2305 vel
685 2268 723 2305 si
749 2273 822 2306 aat
850 2274 1027 2320 utraque
1050 2270 1227 2320 affirmet
1249 2275 1322 2307 aut
1343 2274 1519 2321 atraque
1537 2272 1671 2318 neget.

194 2333 245 2369 36
280 2331 347 2369 De
373 2331 426 2368 iis
454 2342 561 2381 quae
586 2330 669 2368 sint
699 2344 722 2368 e
749 2330 852 2369 binis
874 2332 1214 2383 particularibus.
1278 2333 1397 2370 28a1
1435 2331 1672 2381 Expomm-

193 2398 264 2432 ταν
290 2405 398 2445 qaae
421 2392 594 2444 propria
620 2394 702 2431 sint
729 2393 937 2432 secandae
952 2397 1140 2447 figurae.

194 2479 279 2516 261»
293 2479 344 2515 34
372 2477 486 2526 Quod
513 2477 608 2515 dicit
635 2478 686 2515 de
714 2477 884 2516 secunda
909 2478 1048 2528 figura,
1077 2478 1116 2516 id
1145 2490 1220 2517 non
1248 2490 1319 2529 pro
1347 2476 1576 2515 definitione
1605 2475 1671 2514 ha-

248 2540 420 2578 bendum
448 2544 510 2578 est
538 2553 625 2578 cum
656 2540 723 2579 lul.
751 2540 892 2589 Pacio,
933 2542 1002 2579 sed
1031 2554 1102 2592 pro
1131 2543 1264 2591 signo,
1302 2553 1350 2579 ex
1387 2552 1463 2589 quo
1500 2539 1674 2577 secunda

248 2603 373 2653 figura
401 2602 582 2652 cognosci
609 2604 747 2653 possit.
814 2602 898 2641 Non
938 2605 1103 2654 proponi
1139 2604 1403 2643 definitionem
1438 2606 1519 2640 tum
1549 2614 1598 2639 ex
1625 2613 1673 2639 eo

249 2670 368 2713 patet,
397 2665 501 2715 quod
530 2665 627 2703 nihil
655 2665 798 2704 dicitur
823 2666 875 2704 de
901 2667 1200 2717 particularibus
1219 2664 1561 2717 propositionibus,
1590 2667 1672 2702 tum

249 2727 354 2775 iude,
380 2727 483 2777 quod
511 2729 649 2780 σχῆμα
676 2728 752 2767 hoc
777 2729 864 2768 loco
883 2728 996 2768 latius
1016 2734 1138 2781 patet,
1167 2730 1356 2780 siquidem
1378 2741 1454 2767 non
1477 2727 1673 2779 significat
