1780 3100
214 202 295 242 360
777 206 1150 240 Hermeneutica.

272 298 510 352 συμβέβηκε
536 299 618 352 γὰρ
647 299 760 354 αὐτῷ
788 299 840 340 οὐ
866 305 980 353 κακῷ
1001 296 1123 348 εἶναι,
1151 314 1278 352 neque
1296 313 1389 340 usus
1410 302 1608 353 loquendi,
1636 303 1702 353 qni

269 364 372 415 apud
403 365 654 404 Aristotelem
683 365 844 411 obtinet,
873 366 1045 415 postulat
1074 365 1147 411 (cf.
1167 367 1362 404 1143a29
1383 361 1427 403 ἐν
1443 368 1500 415 τῷ
1519 364 1702 415 κριτικὸς

271 421 422 474 εἶναι),
461 439 588 476 neque
616 427 835 464 Atticorum
863 441 973 466 more
1001 428 1136 466 scribit
1173 428 1346 465 1031b7
1373 427 1421 467 τὸ
1448 426 1488 467 τί
1513 422 1567 478 ἦν
1595 423 1704 467 εἶναι

271 487 414 543 ἐκείνῳ
443 494 483 527 et
511 490 548 526 id
577 501 699 540 genus
726 490 824 528 alia:
863 491 926 528 cui
969 491 1126 540 quidem
1168 491 1454 532 constructioni,
1476 492 1613 530 similis
1643 495 1703 529 est

270 567 385 604 qnam
413 557 547 591 nostro
575 552 662 589 loco
689 553 834 591 habent
862 555 926 603 qui
954 552 1123 604 δυνατῷ
1152 554 1399 591 scribendum
1425 557 1603 603 putant),
1632 554 1703 591 sed

272 628 348 654 non
377 627 495 666 posse
523 615 695 653 dativum
731 627 805 653 non
834 617 948 666 poni,
985 617 1019 654 si
1048 616 1236 654 articulus
1265 612 1323 668 τῷ
1351 628 1426 654 non
1455 617 1703 668 coniungitur

271 691 359 717 cum
389 673 524 725 εἶναι,
567 678 636 715 sed
668 690 754 716 cum
784 677 952 731 δυνατῷ
989 692 1038 718 ex
1065 691 1141 729 quo
1169 679 1381 716 infinitivus
1411 673 1515 717 εἶναι
1544 679 1702 730 pendet,

272 743 361 791 quia
387 741 446 795 τῷ
475 740 642 790 δυνατῷ
671 734 779 779 εἶναι
804 742 920 792 plane
946 742 1050 779 idem
1080 746 1143 778 est
1163 742 1266 790 quod
1289 744 1346 791 τῷ
1370 739 1552 794 δυνατῷ.
1593 742 1704 790 Quae

272 816 390 853 quum
413 806 466 841 ita
481 804 571 849 sint,
601 815 648 841 ex
664 804 888 842 Aristotelis
901 817 1050 850 errore,
1079 804 1325 853 quemtnodo
1339 804 1605 854 exposuimus,
1632 816 1702 853 ap-

268 871 384 918 paret
400 867 547 917 optime
560 869 695 903 nostro
715 865 802 904 loco
814 866 1033 909 convenire,
1063 865 1165 915 quod
1184 867 1241 915 τῷ
1261 864 1431 919 δυνατῷ
1451 860 1560 905 εἶναι
1583 870 1625 904 et
1645 867 1703 916 τῷ

271 927 460 968 δυνατὸν
486 923 595 967 εἶναι
622 929 708 966 sine
735 928 959 966 discrimine
985 929 1113 979 posita
1143 928 1234 976 sint,
1263 941 1384 978 quare
1412 929 1642 967 servandum
1664 929 1704 966 in

268 992 332 1030 his
361 993 545 1030 duximus
574 990 679 1041 quod
708 990 821 1028 codd.
851 991 1050 1041 praebent.
1084 990 1263 1028 Eundem
1286 1004 1459 1030 errorem
1481 992 1597 1030 etiam
1612 1003 1703 1041 pro-

270 1055 329 1093 dit
357 1054 460 1106 quod
490 1052 543 1093 οὐ
570 1056 610 1092 et
636 1050 693 1104 μὴ
722 1052 807 1091 sine
835 1054 1061 1092 discrimine
1095 1054 1132 1091 in
1162 1053 1224 1091 his
1262 1055 1390 1105 posita
1417 1058 1527 1099 sunt,
1567 1066 1703 1104 quam-

269 1130 383 1167 quam
413 1115 469 1168 μὴ
498 1117 546 1154 ad
574 1116 806 1154 infinitivum
835 1116 976 1155 referri
1003 1116 1144 1162 debet,
1184 1114 1236 1155 οὐ
1274 1129 1368 1155 vero
1406 1117 1454 1155 ad
1482 1117 1520 1154 id
1549 1129 1597 1154 ex
1626 1128 1704 1166 quo

268 1179 418 1230 pendet
446 1179 669 1218 infinitivus.

217 1243 363 1281 22a34
391 1239 765 1292 ἅντεστραμμένως
801 1241 893 1291 quid
935 1241 1133 1291 significet
1169 1242 1257 1292 ipse
1294 1241 1467 1292 explicat
1500 1244 1552 1292 τῇ
1579 1252 1703 1281 κατα-

270 1305 394 1355 φάσει
421 1305 448 1358 ή
476 1305 688 1355 ἀπόφασις
717 1302 785 1343 καὶ
813 1303 842 1355 ἦ
868 1303 1104 1352 κατάφασις
1128 1308 1181 1355 ’τῇ
1207 1302 1432 1354 ἀποφάσει.

216 1369 363 1407 22338
392 1369 469 1420 οὐχ
497 1366 633 1415 οὕτως
660 1367 758 1418 ἕχειι
787 1373 1050 1418 repugnantes
1078 1368 1178 1405 enim
1210 1368 1342 1417 utique
1370 1380 1418 1405 ex
1445 1367 1611 1404 adverso
1633 1378 1705 1416 po-

270 1433 368 1470 sitae
407 1438 498 1471 sunt
534 1433 582 1470 iis
621 1431 713 1468 solis
753 1430 930 1479 exceptis
969 1442 1068 1478 quae
1107 1430 1253 1469 habent
1288 1429 1336 1469 τὸ
1371 1428 1626 1479 α’ναγκαῖον,
1667 1429 1705 1466 in

267 1494 332 1533 his
369 1507 461 1532 vero
501 1492 547 1532 αἱ
581 1490 768 1532 ἐναντίαι
805 1488 997 1540 ἕπονται,
1036 1492 1074 1529 11.
1104 1505 1138 1531 e.
1177 1505 1311 1530 earum
1341 1506 1439 1542 quae
1466 1505 1515 1530 ex
1542 1492 1707 1529 adverso

268 1558 422 1607 positae
451 1560 542 1595 sunt
569 1555 904 1605 (repugnantium)
927 1559 1211 1603 consequentes
1237 1560 1327 1593 sunt
1346 1555 1582 1592 contrariae:
1610 1565 1705 1603 quas

270 1633 504 1670 quamquam
552 1618 666 1657 simul
704 1630 815 1655 veras
852 1629 942 1654 esse
980 1629 1096 1666 posse
1134 1605 1317 1655 ostendet
1353 1619 1438 1664 b2,
1488 1615 1704 1654 contrarias

222 1702 225 1705 Δ
269 1682 464 1731 appellat,
495 1686 541 1720 ut
568 1683 654 1720 591»
670 1683 737 1725 10,
765 1679 851 1716 611)
865 1680 914 1715 Π
942 1679 1058 1716 etiam
1088 1680 1397 1730 propositionem
1427 1679 1477 1717 de
1505 1683 1617 1729 parte
1644 1677 1704 1715 af-

270 1744 490 1782 firmantem
521 1744 756 1782 contrariam
784 1746 897 1779 vocat
924 1741 961 1778 ei
990 1754 1089 1791 quae
1110 1741 1159 1778 de
1181 1747 1292 1792 parte
1313 1746 1444 1793 negat,
1471 1752 1704 1791 quamquam

269 1807 386 1845 simul
415 1820 530 1845 verae
559 1820 648 1845 esse
676 1809 853 1858 possunt.
893 1803 1118 1841 Contrarias
1146 1809 1275 1842 autem
1301 1817 1367 1843 eas
1390 1804 1563 1855 appellat
1587 1815 1704 1853 quum

269 1873 496 1920 propterea,
525 1870 628 1919 quod
645 1882 719 1907 non
748 1872 811 1906 est
839 1867 942 1906 aliud
970 1878 1109 1905 nomen
1133 1867 1236 1917 quod
1258 1868 1303 1905 iis
1323 1868 1463 1906 melius
1487 1865 1706 1912 conveniat,

267 1937 350 1970 tum
379 1933 548 1970 maxime
577 1937 738 1982 propter
767 1931 873 1967 locos
910 1942 1006 1978 quos
1043 1935 1236 1979 occupant
1268 1931 1306 1968 in
1334 1929 1464 1967 tabula
1493 1941 1606 1978 quam
1636 1927 1705 1965 ad-

267 1994 452 2044 scripsit:
481 2006 567 2031 nam
596 1995 633 2032 in
660 1994 735 2031 hac
763 1989 803 2039 ἐξ
831 1988 1025 2036 ἐναντίας
1053 1995 1108 2036 (v.
1134 1994 1172 2036 6,
1201 1995 1246 2036 8)
1276 1991 1490 2029 collocatae
1513 1995 1603 2028 sunt
1627 1988 1706 2028 οὐκ

268 2054 503 2107 ἀναγκαῖον
531 2050 641 2094 εἶναι
676 2060 716 2093 et
757 2053 992 2105 ἀναγκαῖον
1019 2050 1076 2104 μὴ
1104 2047 1238 2099 εἶναι,
1280 2052 1359 2093 οὐκ
1386 2052 1622 2103 ἀναγκαῖον
1648 2050 1705 2104 μὴ

268 2114 378 2159 εἶναι
405 2124 447 2157 et
473 2118 709 2170 ἀναγκαῖον
736 2113 857 2157 εἶναι.
875 2139 928 2145 -
955 2115 1000 2155 αἱ
1022 2115 1060 2155 δ’
1079 2115 1320 2167 ἀντιφάσεις
1340 2115 1487 2166 χωρίςε
1517 2129 1603 2154 nam
1627 2114 1706 2155 οὐκ

269 2182 508 2233 ἀναγκαῖον
535 2177 641 2222 εἶναι
677 2185 719 2221 et
746 2179 982 2232 ἀναγκαῖον
1011 2174 1119 2218 εἶναι
1149 2192 1265 2230 quam
1293 2180 1462 2218 maxime
1490 2179 1637 2217 distant
1665 2179 1706 2218 in

265 2247 411 2285 tabula.

214 2310 338 2348 22b3
367 2309 533 2348 causam
563 2308 747 2359 exponit,
788 2320 858 2345 cur
897 2305 975 2345 οὐκ
1002 2304 1238 2356 ἀναγκαῖον
1266 2298 1375 2344 εἶναι
1403 2308 1442 2342 et
1469 2301 1704 2354 ἀναγκαῖον

266 2367 376 2411 εἶναι,
413 2373 452 2410 in
491 2371 624 2410 tabula
659 2383 734 2409 non
764 2383 786 2408 e
812 2371 972 2421 regione
999 2370 1127 2420 posita
1158 2369 1256 2415 sint,
1296 2369 1399 2406 sicut
1426 2367 1576 2415 reliqua
1605 2380 1705 2417 quae

267 2436 342 2474 sibi
370 2439 600 2486 repugnant.
633 2456 679 2462 -—
710 2433 781 2473 Vs.
808 2435 834 2470 6
861 2446 950 2471 cum
978 2434 1066 2471 edd.
1096 2432 1293 2483 prioribus
1321 2431 1503 2469 dedimus
1531 2427 1638 2479 οὐχί.

213 2499 336 2536 22ὴῖ
365 2494 502 2537 ἐκεῖνα
531 2497 653 2535 intell.
687 2508 786 2547 quae
813 2495 960 2534 habent
997 2493 1044 2535 τὸ
1072 2494 1286 2535 ἀδύνατον
1296 2523 1308 2543 ,
1344 2506 1400 2532 vs.
1428 2495 1454 2530 8
1481 2495 1616 2533 ταῦτα
1643 2492 1703 2531 in-

266 2561 349 2598 tell.
380 2574 480 2611 quae
507 2560 657 2599 habent
683 2555 731 2599 τὸ
759 2557 1008 2609 ἀναγκαῖον.

213 2624 361 2661 22b10
388 2625 439 2662 At
476 2623 682 2673 dispositio
721 2623 1031 2661 enuntiationum
1061 2634 1176 2671 quam
1203 2620 1371 2658 fecimus
1398 2619 1499 2657 hanc
1527 2617 1701 2656 difficul-

266 2690 387 2724 tatem
415 2686 559 2735 habet,
587 2686 692 2736 quod
722 2684 910 2725 δυνατὸν
937 2686 1015 2724 dici
1043 2684 1203 2724 debebit
1230 2682 1337 2733 quod
1365 2679 1601 2732 ἀναγκαῖον
1629 2683 1703 2719 est.

264 2747 445 2799 Namque
472 2749 507 2788 si
533 2748 582 2789 τὸ
610 2747 799 2790 δυνατὸν
826 2760 1070 2800 consequens
1100 2759 1190 2786 esse
1216 2747 1295 2785 τοῦ
1323 2743 1562 2797 ἀναγκαίου
1585 2754 1703 2794 nega-
