1838 3086
640 218 897 265 Analyticn
921 217 1096 263 priora,
1550 217 1631 259 408

115 318 264 357 32121
292 314 359 358 ὅτι
385 314 433 357 δὲ
457 315 577 357 τοῦτ’
606 314 693 358 ἔστι
721 346 731 357 .
745 346 754 357 .
768 347 779 358 .
841 317 956 367 Quod
985 329 1082 357 vero
1110 315 1211 356 haec
1238 315 1418 356 definitio
1444 329 1539 357 vera
1565 323 1630 358 est

169 381 351 421 definitio
379 382 465 421 eius
487 382 592 433 quod
623 382 787 434 proprie
813 381 962 421 dicitur
988 377 1270 434 ἐνδεχόμενον
1287 408 1300 420 .
1318 410 1330 422 .
1351 410 1362 422 .

115 447 265 484 32326
306 443 386 486 οὐκ
414 444 579 498 ἀνάγκη
606 441 665 498 μὴ
701 443 918 496 ὑπάρχειν.
985 446 1117 485 Aliam
1146 447 1286 485 harum
1315 444 1629 484 enuntiationum

170 511 494 562 consequentiam
524 510 735 549 habuimus
762 512 814 548 22
828 511 925 558 327,
961 510 1028 548 ubi
1065 509 1114 549 τὸ
1143 505 1423 561 ἐνδεχόμενον
1451 502 1562 549 εἶναι
1588 513 1632 548 et

169 571 217 614 τὸ
247 574 327 615 οὐκ
354 573 592 624 ἀναγκαῖον
621 567 745 620 εἶναι,
785 571 832 612 τὸ
863 569 1142 624 ἐνδεχόμενον
1178 572 1237 626 μὴ
1266 568 1376 613 εἶναι
1403 576 1444 612 et
1470 571 1519 613 τὸ
1548 571 1631 613 οὐκ

170 636 412 690 ἀναγκαῖον
439 635 496 688 μὴ
527 631 638 676 εἶναι
664 637 704 674 in
735 637 875 675 eadem
906 638 1011 676 serie
1041 639 1168 689 posita
1198 643 1303 687 sunt,
1345 638 1493 689 quippe
1521 637 1629 689 quod

167 701 334 741 alterum
367 701 533 739 alterius
563 702 613 739 sit
642 713 905 750 consequens.
969 701 1050 740 Sed
1080 703 1118 740 in
1157 703 1418 753 sequentibus
1448 702 1627 740 enuntia-

167 765 319 804 tionum
347 765 527 804 ordinem
547 764 602 802 ita
622 765 852 803 mutandum
875 777 966 804 esse
988 766 1288 813 demonstravit,
1315 769 1361 804 ut
1380 779 1469 804 cum
1491 770 1628 804 nostro

167 829 256 867 loco
285 829 402 880 piane
431 829 657 875 conveniat3
687 843 723 868 v.
753 841 855 879 quae
884 828 1059 868 diximus
1088 829 1137 867 ad
1166 830 1253 868 221)
1271 831 1330 868 10.

114 894 265 933 32ο28
292 892 482 931 Dedimus
511 891 640 943 φάσις
669 905 719 932 ex
748 893 906 943 optimis
935 893 1152 932 codicibus.
1207 891 1448 943 κατάφασις
1476 896 1518 930 et
1544 890 1628 943 φά-

169 965 248 1003 σις,
291 956 356 995 ubi
387 956 686 1007 distinguuntur
714 957 762 994 ab
792 956 1020 1004 Aristoteie,
1058 957 1113 996 ita
1144 956 1349 1006 differunt,
1380 961 1423 995 ut
1451 957 1548 995 iilud
1578 957 1631 996 sit

167 1020 384 1060 ennuntiatio
421 1019 627 1058 affirmans
667 1020 813 1071 aliquid
855 1020 906 1059 de
944 1021 1072 1070 aliqua
1113 1033 1158 1059 re
1187 1020 1260 1066 (cf.
1287 1022 1441 1060 17025.
1482 1022 1628 1059 'Izala

164 1082 320 1135 μόριον
348 1082 387 1122 δ’
415 1081 683 1134 ἀντιφάσεως
709 1081 757 1124 τὸ
784 1081 863 1135 μὲν
889 1081 930 1123 τὶ
955 1083 1065 1124 κατά
1091 1097 1206 1131 τινος
1233 1083 1486 1135 κατάφασις,
1512 1082 1562 1124 τὸ
1583 1080 1629 1124 δὲ

165 1145 207 1188 τὶ
233 1147 318 1188 ἀπό
347 1161 465 1194 τινος
502 1146 754 1199 ἀπόφασις),
795 1148 926 1199 φάσις
960 1162 1055 1188 vero
1093 1149 1360 1199 quodcunque
1396 1149 1628 1200 pronuntia-

165 1218 255 1259 tur,
293 1225 328 1252 v.
355 1213 618 1252 lfibzz—so.
686 1213 773 1252 Non
812 1214 1038 1252 observavit
1076 1213 1155 1251 hoc
1195 1213 1413 1251 discrimen
1451 1214 1630 1251 4301126

164 1274 251 1316 ἔστι
279 1275 319 1316 δ’
347 1274 375 1328 ἦ
401 1273 479 1328 μὲν
506 1275 636 1327 φάσις
663 1273 703 1316 τὶ
727 1275 836 1317 κατά
872 1290 1001 1326 τινος,
1041 1273 1181 1327 ὥσπερ
1208 1274 1237 1329 ἦ
1264 1276 1518 1328 κατάφασις,
1555 1275 1629 1316 καὶ

165 1339 329 1393 ἀληθὴς
355 1339 382 1392 ἢ
409 1338 574 1393 ψευδὴς
599 1345 728 1386 πᾶσα,
774 1355 1010 1392 quamquam
1052 1341 1186 1393 paullo
1226 1346 1319 1393 post
1346 1343 1497 1379 431a8
1526 1342 1628 1380 bene

166 1407 344 1445 distinxit
371 1404 420 1445 τὸ
449 1403 527 1455 μὲν
555 1401 637 1446 οὖν
665 1404 951 1446 αἰσθάνεσθαι
979 1404 1134 1456 ὅμοιον
1160 1405 1220 1460 τῷ
1243 1404 1379 1455 φάναι
1399 1404 1538 1455 μόνον
1555 1402 1628 1445 καὶ

164 1471 305 1509 νοεῖν·
344 1467 450 1510 ὅταν
487 1468 533 1510 δὲ
570 1465 655 1524 ἡδὺ
684 1469 710 1522 ἢ
748 1466 946 1522 λυπηρὸν
983 1464 1080 1510 οἷον
1106 1472 1336 1520 καταφᾶσα
1364 1467 1390 1521 ἢ
1420 1468 1628 1519 ἀποφᾶσα

164 1531 307 1574 διώκει
345 1532 372 1586 ἢ
402 1533 564 1586 φεύγει,
604 1536 657 1576 cf.
683 1537 878 1574 1051324
905 1533 953 1574 τὸ
981 1532 1059 1584 μὲν
1086 1535 1229 1585 θιγεῖν
1264 1531 1337 1573 καὶ
1364 1532 1502 1584 φάναι
1528 1533 1628 1587 ἀλη-

161 1595 238 1645 θές
267 1597 341 1645 (οὐ
369 1597 451 1649 γὰρ
478 1597 610 1638 ταύτὸ
638 1598 878 1651 κατάφασις
905 1595 977 1639 καὶ
1005 1597 1169 1649 φάσις),
1210 1595 1259 1637 τὸ
1298 1596 1337 1637 δ’
1366 1597 1542 1649 ἀγνοεῖν
1569 1597 1628 1651 μὴ

163 1663 413 1715 θιγγάνειν·
453 1661 733 1716 ἀπατηθῆναι
760 1663 842 1715 γὰρ
871 1660 968 1712 περὶ
1002 1661 1051 1702 τὸ
1079 1661 1120 1702 τί
1148 1659 1261 1702 ἐστιν
1287 1661 1368 1702 οὐκ
1395 1661 1509 1703 ἔστιν
1535 1662 1626 1703 ἀλλ’

162 1725 190 1780 ἢ
219 1726 328 1768 κατὰ
356 1726 639 1778 συμβεβηκός.
702 1728 855 1766 Tamen
897 1726 1027 1779 φάσις
1061 1726 1166 1764 baud
1205 1739 1296 1764 raro
1333 1727 1381 1764 ab
1410 1728 1630 1766 Aristotele

163 1791 328 1843 ponitur
356 1804 429 1842 pro
457 1790 717 1839 κατάφασιςε
747 1793 950 1829 1008334
977 1786 1038 1830 ἔτι
1066 1788 1114 1837 εἰ,
1144 1786 1250 1828 ὅταν
1267 1787 1296 1840 ἦ
1315 1789 1444 1840 φάσις
1464 1789 1629 1843 ἀληθὴς

162 1850 205 1907 ᾗ,
233 1853 262 1907 ἦ
289 1853 506 1904 ἀπόφασις
534 1854 711 1907 ψευδής.
760 1856 910 1893 21b21
941 1853 1092 1906 φάσεις
1119 1850 1191 1893 καὶ·
1219 1851 1469 1904 ἀποφάσεις,
1499 1861 1542 1894 et
1570 1856 1627 1894 sic

162 1919 301 1971 φάναι
339 1932 411 1971 pro
447 1919 715 1970 καταφάναιε
761 1921 931 1958 1012a4
965 1917 1071 1960 ὅταν
1109 1915 1188 1969 μὲν
1224 1916 1302 1958 ὡδὶ
1331 1920 1478 1971 συνθῇ
1507 1922 1627 1972 φᾶσα

160 1982 189 2036 ἢ
216 1982 438 2034 ἀποφᾶσα,
467 1982 681 2034 ἀληθεύει.

107 2050 259 2088 32829
285 2046 333 2087 τὸ
360 2045 419 2100 μὴ
440 2046 693 2099 ἀναγκαῖον.
748 2047 875 2086 Modo
900 2047 1115 2087 habuimus
1135 2046 1217 2087 οὐκ
1236 2045 1490 2099 ἀναγκαῖον,
1519 2048 1627 2099 quod

161 2116 247 2151 erat
286 2113 558 2163 praedicatum
599 2112 806 2151 orationis:
847 2124 950 2150 nunc
988 2125 1098 2160 vero,
1139 2124 1258 2163 quum
1296 2113 1519 2151 subiectum
1560 2114 1625 2160 sit,

161 2175 261 2213 dixit
288 2173 337 2214 τὸ
366 2173 423 2227 μὴ
451 2174 703 2227 ἀναγκαῖον,
734 2175 846 2226 quasi
875 2175 1074 2214 adiectum
1114 2177 1167 2214 sit
1206 2176 1259 2215 ὄν
1285 2175 1349 2214 vel
1387 2175 1491 2213 aliud
1530 2175 1626 2226 quid

161 2239 407 2277 huiusmodi.
430 2261 482 2267 —
521 2239 669 2279 Vax-30
698 2240 792 2277 dixit
819 2237 894 2286 τὰς
921 2237 1030 2279 κατὰ
1057 2237 1105 2279 τὸ
1134 2237 1381 2291 ἐνδέχεσθαι
1401 2238 1628 2290 προτάσεις

163 2303 266 2341 sicut
294 2315 414 2354 supra
443 2303 500 2343 vs.
523 2306 548 2342 ‘1
578 2301 624 2341 αῖ
647 2301 873 2353 προτάσεις
902 2300 949 2343 ἐν
976 2304 1035 2359 τῷ
1063 2302 1282 2355 ὑπάρχειν.

108 2368 257 2406 32832
284 2363 393 2406 κατὰ
419 2363 500 2418 τὴν
527 2365 755 2407 ἀντίθεσιν.
821 2368 1120 2407 Substantivum
1162 2366 1379 2414 ἀντίθεσις
1406 2367 1628 2419 respondet

161 2431 286 2470 verbo
324 2429 611 2472 ἀντικεῖσθαι;
649 2432 798 2470 dicitur
837 2433 948 2471 enim«
979 2433 1030 2472 de
1066 2433 1248 2471 omuibus
1278 2435 1469 2481 quattuor
1497 2431 1627 2469 modis

161 2496 444 2548 oppositionis,
487 2497 538 2534 de
573 2497 717 2547 quibus
747 2508 781 2533 v.
810 2508 912 2546 quae
946 2496 1118 2535 diximus
1147 2497 1196 2535 nd
1226 2496 1393 2534 llblfi.
1451 2495 1626 2534 113b15

160 2555 248 2598 ἐπεὶ
275 2558 313 2599 δ’
343 2558 390 2599 αἱ
415 2557 651 2607 ἀντιθέσεις
677 2556 880 2612 τέτταρες.
922 2562 1004 2598 '12³
1019 2562 1070 2598 12
1098 2558 1324 2610 ἀντίφασις
1344 2555 1390 2598 δὲ
1411 2555 1626 2605 ἀντίθεσις

159 2614 210 2676 ἧς
239 2623 320 2664 οὐκ
348 2623 436 2665 ἔστι
463 2619 621 2675 μεταξὺ
648 2625 747 2664 καθ’
777 2621 926 2676 αὑτήν.
982 2627 1060 2662 163
1073 2626 1157 2663 alti
1184 2621 1392 2663 τάναντία
1419 2622 1528 2663 κατὰ
1545 2620 1626 2675 τὴν

161 2686 393 2739 ἀντίθεσιν,
423 2690 528 2741 quod
558 2689 658 2729 nihil
678 2688 782 2727 aliud
804 2694 867 2727 est
886 2701 1004 2738 quam
1027 2688 1198 2740 simplex
1220 2685 1440 2727 τάναντία.
1476 2689 1561 2726 6421
1573 2690 1626 2726 38

158 2752 245 2793 τῶν
271 2753 557 2807 καταφάσεων
597 2754 656 2803 (h.
699 2767 733 2793 c.
773 2751 860 2792 τῶν
903 2751 1214 2804 καταφατικῶν
1252 2750 1624 2803 προσδιορισμῶν)

1272 2813 1349 2850 m*
