1780 3100
110 1102 132 1133 ›,.
142 1082 186 1133 si*

221 213 301 254 826
784 217 1146 251 Hermenentica.

274 312 472 363 vulgarem
500 318 540 353 et
569 314 724 352 codices
753 318 912 352 tuentur
940 325 1075 352 omnes
1104 319 1144 352 et
1170 318 1246 353 vet.
1265 315 1462 367 lntp.lat.:
1491 324 1608 366 quare
1636 330 1704 355 ne-

276 385 353 426 que
389 375 740 427 obtemperandum
768 376 844 415 erit
870 376 1093 415 Alexandro
1124 389 1198 427 pro
1224 379 1358 418 ταῦτα
1385 390 1440 416 vs.
1470 380 1494 415 ἵ
1523 378 1707 417 scribenti

276 436 421 487 ταύτά,
450 451 577 488 neque
605 438 795 477 Hermino
822 436 952 478 ταύτὰ
980 452 1037 478 vs,
1066 441 1091 476 6
1122 443 1289 480 mutanti
1317 443 1355 481 in
1383 443 1517 481 ταῦτα
1545 441 1706 486 (Boeth.

204 499 207 506 ⁷
277 501 315 539 in
346 501 470 539 schol.
503 501 611 539 101b
640 504 763 547 not.):
805 501 929 540 altero
966 506 1053 540 utro
1083 502 1184 539 enim
1213 505 1383 542 admisso
1413 505 1538 542 locum
1567 503 1707 551 depra-

277 563 358 600 vari
396 575 510 601 nemo
555 568 616 602 est
655 565 745 614 quin
782 565 920 603 videat.
975 565 1151 614 Namque
1179 566 1211 603 si
1239 566 1469 605 Herminum
1498 566 1708 616 sequimur,

277 625 427 663 tollitur
456 627 718 665 membrorum
749 629 966 678 oppositio,
1003 641 1117 677 quam
1157 629 1347 681 particula
1383 626 1526 680 μέντοι
1553 630 1709 676 ind-icat,

281 687 316 725 si
355 688 645 737 Alexandrum,
686 690 870 728 universe
906 690 1159 741 proferuntur
1198 689 1289 735 (καὶ
1316 682 1377 731 ὧν
1404 690 1533 731 ταύτὰ
1560 690 1708 740 ὁμοιώ-

277 756 408 802 ματα)
447 764 547 801 qnae
574 753 651 790 hoc
679 752 765 790 loco
793 765 868 791 non
898 754 969 791 nisi
997 753 1047 790 de
1075 754 1124 790 iis
1146 742 1303 804 (quibus
1333 756 1483 794 animus
1513 748 1726 798 afficiatur&

282 812 395 865 (περὶ
420 814 507 853 τῶν
532 814 796 866 παθημάτων
821 817 896 867 τῆς
923 816 1078 866 ψυχῆς)
1109 820 1149 853 et
1178 818 1283 855 dicta
1310 830 1399 855 esse
1427 818 1573 855 debent
1592 822 1631 854 et
1665 829 1710 855 re

278 889 370 916 vera
396 878 500 916 dicta
529 883 630 916 sunt.
686 878 728 915 ln
757 879 876 927 priori
904 877 965 917 ed.
997 890 1135 917 comm.
1168 879 1419 923 (Basimfflo
1439 892 1474 929 p.
1494 882 1589 923 218)
1611 879 1710 916 Boe-

280 941 385 978 thius
417 945 483 978 aut
505 941 633 978 minus
654 944 838 978 accurate
854 940 1034 978 lectionis
1058 940 1286 978 varietatem
1309 941 1491 979 indicavit
1510 947 1576 979 aut
1597 942 1710 978 aliam

279 1000 485 1040 lectionem
513 1000 653 1040 habuit
679 1015 794 1051 qnam
821 1003 861 1039 in
891 1002 1012 1040 altera
1041 1002 1125 1048 ed.;
1154 1004 1250 1041 dicit
1269 1005 1371 1042 enim
1399 1004 1502 1051 „Est
1520 1005 1596 1041 alia
1616 1016 1710 1053 quo-

280 1076 357 1115 qne
384 1066 578 1116 scriptura
605 1065 681 1102 hoc
710 1064 826 1102 modo
855 1077 899 1102 se
926 1065 1075 1103 habens
1102 1093 1128 1113 ‚‚
1141 1066 1350 1114 „Quorum
1383 1072 1512 1105 autem
1534 1068 1609 1104 hae
1632 1066 1711 1116 pri-

279 1140 386 1165 mum
423 1132 561 1172 notae,
601 1128 674 1164 hae
711 1128 891 1164 omnibus
924 1129 1126 1176 passiones
1155 1130 1303 1166 animae
1331 1135 1442 1176 sunt,
1481 1134 1520 1166 et
1548 1141 1711 1178 quorum

280 1189 356 1228 hae
385 1189 671 1236 similitudines
700 1201 764 1227 res
794 1191 911 1227 etiam
940 1187 1049 1228 hae’'
1062 1190 1098 1228 '’.
1148 1191 1256 1228 Idem
1285 1193 1481 1241 mendum,
1510 1196 1553 1230 ut
1580 1193 1713 1230 ταῦτα

280 1253 473 1303 scriptum
502 1252 555 1290 sit
583 1264 653 1302 pro
681 1251 825 1300 ταύτά,
854 1253 1045 1290 habemus
1073 1255 1123 1291 40
1138 1253 1159 1290 b
1174 1255 1234 1291 14

228 1291 351 1353 16αὸ
378 1312 473 1365 περὶ
499 1314 677 1364 τούτων,
708 1317 828 1354 intell.
858 1315 1123 1366 παθημάτων
1150 1317 1223 1368 τῆς
1250 1317 1401 1368 ψυχῆς
1422 1329 1456 1355 v.
1478 1316 1638 1364 Trdlbg.
1662 1317 1713 1354 de

281 1391 342 1417 an.
372 1391 410 1428 p.
433 1380 521 1416 116.
561 1378 688 1416 Locus
717 1379 763 1416 ad
794 1391 910 1428 quem
940 1378 1175 1417 Aristoteles
1205 1381 1365 1430 respicit
1384 1384 1444 1417 est
1459 1379 1508 1416 de
1527 1392 1585 1416 an.
1599 1379 1665 1426 ΙΙΙ,
1674 1381 1712 1418 6.

231 1443 374 1479 16n12
401 1441 603 1481 σύνθεσιν
630 1439 700 1480 καὶ
727 1439 932 1490 διαίρεσιν
954 1472 963 1482 .
988 1471 999 1482 .
1021 1470 1030 1480 .
1076 1441 1391 1480 Affirmationem
1413 1447 1452 1478 et
1469 1442 1713 1491 negationem

282 1505 487 1554 significat.
545 1505 723 1543 Eundem
754 1517 910 1542 sensum
941 1505 1084 1542 habent
1113 1506 1263 1542 241117
1292 1504 1412 1541 verba
1439 1501 1466 1554 ἢ
1493 1505 1714 1553 προστιθε-

284 1565 417 1616 μένου
445 1566 470 1619 ἢ
500 1565 817 1616 διαιρουμένου,
845 1568 909 1604 ubi
937 1580 971 1606 v.
1003 1579 1103 1616 quae
1131 1567 1312 1604 diximus.
1359 1565 1421 1603 Cf.
1451 1567 1647 1603 14571128
1676 1571 1717 1604 et

283 1631 486 1668 10271121
515 1643 614 1679 quae
641 1632 910 1668 adscribemus
950 1630 998 1666 ad
1033 1632 1112 1665 l‘la
1126 1631 1187 1668 15.
1237 1629 1353 1666 Riese
1379 1628 1407 1666 I.
1433 1641 1472 1678 p.
1493 1629 1542 1665 91
1577 1633 1655 1666 not.
1680 1631 1715 1666 5.

283 1693 381 1730 1051
398 1694 483 1730 1112
510 1691 558 1730 τὸ
585 1688 661 1741 μὲν
689 1686 797 1730 εἶναί
825 1689 910 1729 ἐστι
936 1689 984 1729 τὸ
1013 1691 1262 1740 συγκεῖσθαι
1288 1687 1363 1728 καὶ
1383 1688 1431 1728 ἓν
1454 1685 1576 1735 εἶναι,
1603 1690 1651 1730 τὸ
1673 1689 1718 1730 δὲ

284 1752 341 1805 μὴ
376 1749 486 1794 εἶναι
522 1754 570 1794 τὸ
609 1753 666 1806 μὴ
706 1755 980 1804 συγκεῖσθαι,
1024 1751 1127 1791 ἀλλὰ
1162 1751 1288 1792 πλείω
1317 1748 1437 1791 εἶναι.
1492 1753 1579 1790 Non
1608 1759 1718 1791 recte

281 1818 385 1856 hunc
422 1818 550 1856 locum
588 1818 785 1868 expressit
816 1817 945 1855 Ritter
973 1815 1141 1863 (Gesch.
1168 1817 1240 1854 der
1263 1816 1362 1853 Phil.
1385 1816 1449 1853 lu,
1477 1828 1515 1867 p.
1536 1819 1606 1861 ⁷9)
1646 1817 1718 1865 „Ja

283 1880 521 1919 Aristoteles
542 1881 638 1930 geht
657 1893 701 1918 so
724 1881 826 1928 weit,
849 1880 935 1917 dass
960 1892 1004 1918 er
1026 1879 1112 1917 das
1134 1879 1226 1917 Sein
1246 1879 1325 1917 und
1350 1879 1438 1916 das
1467 1879 1611 1916 Nicht-
1626 1878 1718 1917 Sein

281 1943 348 1980 fiir
383 1943 514 1981 nichts
550 1943 716 1980 anderes
749 1943 965 1981 anerkennt
992 1942 1049 1979 als
1078 1955 1151 1980 nur
1179 1942 1245 1979 fiir
1269 1941 1594 1980 Verbundensein
1623 1942 1720 1978 oder

281 2004 769 2044 Nicht-Verbundensein
809 2005 879 2042 des
908 2004 1091 2055 Subjects
1127 2005 1198 2042 mit
1233 2004 1321 2041 dem
1353 2001 1604 2040 Priidicatff:
1646 2015 1718 2041 nos

282 2066 385 2106 enim
414 2079 534 2117 quum
563 2067 729 2106 dicimus
758 2068 876 2116 „das
906 2064 1042 2115 Sein’'‚
1072 2067 1121 2104 de
1141 2067 1225 2118 ipsa
1247 2075 1376 2104 rerum
1400 2070 1536 2103 natura
1558 2066 1629 2110 (de
1647 2065 1718 2104 οὐ-

284 2128 373 2182 σίᾳ)
403 2131 632 2181 cogitamus,
662 2142 776 2181 quam
805 2130 844 2167 in
864 2130 1135 2167 coniunctione
1165 2142 1310 2180 ponere
1329 2129 1581 2167 Aristotelem
1605 2141 1719 2167 nemo

285 2195 361 2233 erit
388 2194 453 2244 qui
482 2194 705 2232 contendat.
763 2194 870 2231 Bene
899 2193 1089 2231 haberent
1117 2192 1258 2240 omnia,
1287 2192 1320 2229 si
1349 2191 1513 2229 dixisset
1541 2192 1721 2239 „Aristo-

284 2258 384 2296 teles
413 2257 558 2295 erkliirt
580 2256 672 2295 Sein
699 2257 777 2295 und
797 2255 1033 2294 Nicht-Sein
1061 2254 1125 2293 fiir
1143 2253 1464 2293 Verbundensein
1482 2254 1561 2291 und
1585 2254 1720 2293 Nicht-

283 2319 654 2367 Verbundensein”,
691 2331 792 2370 quae
829 2318 987 2368 quidem
1027 2319 1223 2356 sententia
1250 2323 1290 2355 et
1318 2317 1521 2356 Aristoteli
1548 2317 1721 2367 placebit

280 2388 323 2422 et
349 2383 426 2434 ipsi
453 2383 606 2420 veritati
636 2384 690 2429 (v.
721 2383 869 2421 161122
897 2386 938 2419 et
965 2394 1063 2431 quae
1091 2381 1145 2418 ibi
1173 2381 1387 2424 dixim·us):
1417 2383 1525 2429 patet
1548 2380 1651 2416 enim
1673 2392 1721 2417 ex

283 2447 332 2485 iis
370 2457 470 2497 quae
509 2449 812 2495 praecesserunt
851 2440 960 2484 εἶναι
993 2435 1031 2484 h.
1061 2445 1086 2484 l.
1115 2456 1192 2482 non
1219 2443 1438 2494 significare
1465 2439 1543 2493 τὴν
1571 2440 1721 2481 οὐσίαν

285 2521 316 2547 s.
345 2507 393 2548 τὸ
421 2507 461 2547 τί
487 2505 613 2557 ἐστιν,
643 2509 714 2546 sed
742 2509 838 2546 nihil
865 2509 941 2547 nisi
970 2508 1164 2559 copulam,
1192 2519 1293 2556 qnae
1321 2506 1486 2550 dicitur,
1516 2518 1593 2553 qua
1621 2506 1719 2544 alte-

282 2582 370 2611 rum
395 2573 446 2611 de
474 2572 597 2611 altero
624 2571 845 2623 praedicari
873 2572 1089 2610 indicatur:
1127 2582 1246 2620 quare
1272 2574 1380 2607 recte
1408 2568 1524 2606 Biese
1545 2568 1570 2606 1.
1601 2582 1640 2619 p.
1667 2570 1719 2606 95

283 2639 363 2675 not.
387 2637 411 2674 3
453 2635 554 2683 „Rei
582 2634 818 2674 Aristoteles
857 2635 925 2672 hat
961 2634 1044 2672 also
1083 2634 1152 2672 das
1182 2631 1354 2671 Verbum
1384 2625 1493 2670 εἶναι
1520 2631 1627 2669 nicht
1654 2631 1721 2669 die

282 2696 519 2749 Bedeutung
546 2698 655 2737 eines
685 2695 813 2750 ῥῆμα,
842 2697 929 2735 weil
959 2709 1002 2735 e·
1030 2696 1141 2735 nicht
1167 2696 1278 2734 einen
1293 2695 1544 2733 bestimmten
1563 2694 1719 2743 Gegen-

282 2761 398 2799 stand
427 2762 686 2811 bezeichnet,
723 2761 894 2800 sondern
929 2761 1015 2800 sich
1050 2757 1121 2799 auf
1144 2759 1209 2798 die
1237 2757 1492 2809 Verbindung
1519 2758 1591 2797 des
1618 2757 1719 2797 Sub—
