1884 3100
709 213 1014 259 Categoriae.
1537 215 1619 255 Μ

153 312 465 366 πρεσβύτατον,
491 311 546 353 cf.
575 313 775 352 11731123
798 311 853 353 οὐ
875 311 959 364 γὰρ
987 311 1023 354 εἰ
1048 314 1141 362 τοῖς
1164 310 1306 360 κακῶς
1334 310 1618 365 διακειμένοις

151 376 259 432 ἡδέα
290 375 418 427 ἐστίν,
446 375 616 429 οἰητέον
639 374 749 417 αὐτὰ
774 374 848 418 καὶ
872 376 979 430 ἡδέα
1007 373 1118 419 εἶναι
1146 378 1291 424 (intcss.
1310 378 1476 425 ἄλλοις)
1505 376 1619 431 πλὴν

153 442 335 491 τούτοις.
402 442 663 482 pleonasmus
699 447 764 482 est
789 442 896 492 quod
928 443 1100 483 habetur
1126 445 1203 482 981
1219 445 1303 482 ³18
1330 439 1444 496 πλὴν
1469 440 1560 482 ἀλλ’
1588 441 1617 495 ἢ

151 507 262 550 κατὰ
290 506 571 559 συμβεβηκός.
609 507 687 545 563
702 505 788 544 b22
815 502 875 545 ἔτι
902 503 947 546 δὲ
977 506 1078 547 οὐδὲ
1105 506 1158 548 τὰ
1185 505 1282 560 περὶ
1307 505 1388 561 τὴν
1423 506 1618 561 κεφαλὴν

152 570 291 614 ἔοικεν
330 569 488 622 ἱέρακι,
528 568 619 610 ἀλλ’
647 571 781 621 ἄμφω
808 573 944 611 ταῦτα
972 578 1202 625 περιστερᾷ
1226 573 1413 625 μᾶλλον·
1450 572 1560 614 ἀλλ’
1588 571 1617 626 ἢ

150 635 259 677 κατὰ
284 635 333 677 τὸ
361 636 508 688 χρῶμα
535 633 711 686 μόνον
737 632 993 684 προσέοικεν
1020 635 1169 687 ἱέρακι.

96 701 224 740 5b14
252 701 352 741 Bkk.
389 698 537 746 αὐτοῖς
575 700 707 738 invitis
746 700 861 739 codd.
902 702 1108 750 omnibus,
1156 715 1392 755 quumqunm
1433 702 1618 741 1231110

150 762 254 806 οὐδὲ
279 763 329 805 τὸ
356 761 556 805 ἐναντίον
581 762 743 804 τούτου
771 761 820 804 έν
845 763 959 817 γένει
986 761 1114 806 ἔσται.
1162 766 1253 806 Ana
1281 766 1526 805 constructio
1555 769 1619 804 cst

151 832 232 869 894
245 833 269 870 b
282 832 334 868 22
361 827 566 876 ἐναντίως
597 827 634 869 δ’
653 827 698 869 οἱ
714 832 869 880 ταῦροι
891 829 964 871 καὶ
980 829 1025 870 οἱ
1044 827 1160 882 κριοὶ
1178 828 1230 870 τὰ
1251 827 1409 882 κέρατα
1436 829 1617 881 ἴσχουσι.

150 894 210 934 Ut
236 894 387 933 dicitur
412 890 605 940 ἐναντίος
629 892 772 940 τινός,
811 895 872 933 sic
900 896 1017 933 etiam
1049 897 1224 934 131219
1251 898 1311 947 τῷ
1338 892 1616 947 ἀντικειμένῳ

150 955 463 1011 προσκέχρηται
493 959 572 998 τοῦ
591 956 767 1009 ἀγαθοῦ
788 964 830 997 et
849 957 965 999 ἴδιον
985 958 1103 1006 τινὸς
1121 961 1222 1006 (136
1234 961 1258 998 b
1274 961 1328 998 20
1347 963 1430 1010 sq.)
1459 965 1502 998 ct
1519 957 1616 999 τινί.

96 1024 156 1062 5b
172 1026 221 1062 16
249 1022 354 1062 αὐτὸ
383 1025 485 1063 καθ’
515 1021 644 1072 αὑτό,
682 1024 745 1062 cui
772 1025 989 1076 opponitur
1015 1020 1065 1064 τὸ
1093 1022 1204 1075 πρὸς
1229 1020 1379 1075 ἕτερον
1405 1021 1617 1074 ἀναφέρε-

150 1089 268 1134 σθαι,
297 1100 355 1126 vs.
382 1089 409 1125 9
436 1089 716 1138 opponebatur
741 1085 791 1127 τὸ
819 1086 928 1128 κατὰ
954 1087 1247 1140 συμβεβηκός,
1285 1089 1460 1127 233833
1489 1100 1617 1140 oppo-

149 1153 258 1192 nitur
283 1149 332 1191 τὸ
360 1152 460 1191 καθ’
486 1147 659 1202 ἕτερονι
684 1150 852 1203 α’νάγκη
880 1150 927 1191 δὲ
954 1150 1026 1192 καὶ
1051 1153 1100 1193 τὸ
1128 1155 1214 1193 νῦν
1239 1151 1290 1192 τὸ
1315 1150 1375 1205 μὴ
1403 1153 1506 1192 καθ’
1534 1148 1617 1192 ἕτε-

151 1229 234 1266 ρον
261 1214 367 1256 α’λλὰ
394 1216 495 1256 καθ’
526 1214 632 1257 αὑτὸ
659 1215 732 1257 καὶ
758 1216 934 1267 πρῶτον
954 1217 1189 1269 λεγόμενον
1216 1216 1464 1267 ἀδιαίρετον
1490 1210 1615 1258 εἶναι.

147 1282 327 1320 2341116
354 1279 383 1334 ἦ
421 1279 504 1334 γὰρ
542 1280 747 1332 διαίρεσις
785 1281 839 1322 οὐ
879 1282 982 1322 καθ’
1022 1280 1140 1322 αὑτό.
1201 1282 1307 1332 Quid
1337 1281 1539 1333 significet
1565 1279 1616 1321 τὸ

149 1345 250 1385 καθ’
290 1343 397 1385 αὑτὸ
426 1347 640 1398 exponitur
668 1348 888 1385 1022a25:
924 1345 975 1386 ἓν
1010 1343 1090 1398 μὲν
1122 1344 1206 1399 γὰρ
1235 1343 1339 1386 καθ’
1367 1342 1475 1386 αὑτὸ
1500 1343 1551 1386 τὸ
1576 1343 1619 1385 τί

149 1402 206 1462 ἦν
242 1403 361 1450 εἶναι’
380 1406 543 1463 ἑκάστῳ
645 1408 694 1450 ἓν
722 1408 769 1451 δὲ
798 1406 881 1450 ὅσα
908 1408 957 1451 ἐν
983 1411 1042 1466 τῷ
1071 1410 1111 1451 τί
1138 1408 1252 1451 ἐστιν
1279 1409 1534 1463 ὑπάρχει...
1556 1409 1617 1451 ἔτι

150 1471 198 1513 δὲ
235 1472 273 1513 εἰ
309 1472 357 1514 ἐν
385 1473 502 1527 αὑτῷ
531 1473 741 1515 δέδεικται
768 1474 925 1530 πρώτῳ
951 1474 979 1528 ἢ
1006 1476 1094 1516 τῶν
1123 1475 1261 1516 αὐτοῦ
1288 1474 1374 1516 τινί
1473 1474 1534 1516 ἔτι
1561 1467 1616 1515 οὗ

149 1537 209 1590 μή
236 1536 351 1579 ἐστιν
377 1541 480 1579 α”λλο
511 1539 720 1580 αἴτιον...
744 1537 806 1579 ἔτι
833 1538 915 1580 ὅσα
941 1540 1061 1594 μόνῳ
1087 1539 1268 1593 ὑπάρχει
1295 1539 1367 1581 καὶ
1394 1533 1424 1592 ᾗ
1450 1540 1615 1592 μόνον·

148 1601 217 1643 διὸ
234 1602 284 1643 τὸ
307 1602 622 1656 κεχωρισμένον
640 1605 742 1644 καθ’
764 1602 896 1644 αὑτός
925 1606 1002 1644 hoc
1032 1618 1155 1644 sensu
1182 1607 1288 1644 enim
1317 1606 1416 1644 dicit
1438 1607 1615 1645 6541134

150 1665 226 1708 καὶ
252 1669 351 1708 οὔτε
379 1667 540 1709 ὀστοῦν
568 1666 682 1709 ἐστὶν
711 1668 817 1709 αὐτὸ
845 1670 947 1709 καθ’
975 1668 1081 1710 αὑτὸ
1110 1666 1254 1715 οὐδέν,
1283 1668 1375 1709 ἄλλ’
1402 1667 1430 1722 ἢ
1458 1667 1616 1721 μόριον

149 1731 210 1780 ὥς
235 1735 446 1785 συνεχοῦς
482 1731 510 1786 ἢ
547 1731 791 1785 ἁπτόμενον
826 1731 900 1774 καὶ
926 1732 1294 1786 προσδεδεμένονε
1333 1747 1458 1785 quare
1485 1729 1616 1781 αὐτὸς

147 1798 249 1837 καθ)
280 1795 414 1837 αὑτὸν
441 1798 560 1836 etiam
594 1802 660 1836 est
687 1799 851 1846 „soh1s‚
879 1798 966 1836 aliis
994 1811 1071 1836 non
1100 1797 1430 1837 adiuvantibus”:
1457 1799 1616 1837 853b4

148 1859 325 1902 ἔλαττον
362 1860 445 1913 γὰρ
482 1858 542 1901 ἔτι
569 1860 598 1914 ἦ
626 1858 747 1911 ἑτέρα
775 1859 906 1910 ἕλκει,
945 1860 982 1900 εἰ
1010 1859 1119 1914 αὐτὴ
1147 1862 1249 1902 καθ’
1278 1858 1440 1913 ἑαυτὴν
1466 1855 1614 1902 εἷλκεν.

148 1929 298 1965 881ιὸ
334 1925 361 1979 ἢ
399 1924 464 1966 ὄτι
499 1926 663 1977 μᾶλλον
700 1926 912 1967 εἰσδύεται
946 1925 994 1966 τὸ
1022 1923 1168 1965 ἔλαιον
1195 1923 1299 1977 μετὰ
1326 1927 1406 1965 τοῦ
1434 1923 1614 1974 ὕδατοςς

148 1986 226 2030 ἐὰν
262 1987 310 2029 δὲ
346 1988 453 2030 αὑτὸ
489 1989 593 2029 καθ’
634 1989 740 2030 αὑτὸ
768 1986 811 2041 ᾗ,
841 1990 920 2042 οὐχ
947 1988 1106 2041 ὁμοίως
1133 1987 1421 2041 παρεισδύνει.
1465 1993 1614 2030 73234

146 2055 248 2095 καθ’
273 2052 382 2095 αὑτὰ
399 2054 438 2095 δ’
458 2049 540 2094 ὅσα
566 2052 747 2106 ὑπάρχει
773 2066 817 2093 τε
845 2051 894 2094 ἐν
920 2057 979 2106 τῷ
1006 2052 1048 2093 τί
1075 2051 1192 2094 ἔστιν
1211 2085 1220 2094 .
1235 2085 1244 2094 .
1259 2084 1268 2093 .
1283 2051 1357 2094 καὶ
1384 2049 1505 2102 ὅσοις
1526 2055 1615 2095 τῶν

147 2117 481 2172 ἐνυπαρχόντων
517 2118 665 2166 αὐτοῖς
700 2117 810 2158 αὐτὰ
849 2116 896 2159 έν
930 2122 990 2171 τῷ
1027 2117 1141 2172 λόγῳ
1169 2116 1463 2172 ἐνυπάρχουσι
1488 2123 1547 2172 τῷ
1573 2119 1616 2160 τί

149 2182 237 2224 ἐστι
255 2184 480 2237 δηλοῦντι.
494 2182 595 2224 ..ἔτι
619 2179 644 2223 ὃ
666 2180 724 2235 μὴ
752 2184 854 2224 καθ’
881 2181 1171 2235 ὑποκειμένου
1199 2182 1363 2236 λέγεται
1389 2185 1526 2224 ἄλλου
1553 2197 1614 2224 τι-

149 2247 248 2296 νός.
263 2278 295 2289 ..
309 2245 369 2288 ἔτι
405 2247 444 2288 δ’
480 2248 613 2288 ἄλλον
639 2247 801 2298 τρόπον
827 2248 876 2289 τὸ
903 2246 981 2301 μὲν
1009 2248 1065 2289 δι’
1095 2247 1200 2289 αὑτὸ
1229 2248 1425 2301 ὑπάρχον
1452 2246 1613 2302 ἑκάστῳ

150 2314 254 2353 καθ’
282 2311 399 2353 αὑτό.
433 2314 630 2351 1029629
657 2310 684 2364 ἢ
712 2312 761 2353 τὸ
789 2312 843 2353 οὐ
870 2311 973 2354 καθ’
1012 2312 1118 2354 αὑτὸ
1155 2314 1318 2366 λέγεται
1354 2311 1502 2365 διχῶς,
1538 2312 1613 2355 καὶ

148 2377 309 2418 τούτου
337 2374 423 2417 ἐστὶ
449 2375 497 2416 τὸ
525 2374 604 2428 μὲν
632 2374 678 2416 ἐκ
704 2377 989 2429 προσθέσεως,
1016 2378 1065 2419 τὸ
1094 2376 1140 2418 δὲ
1170 2379 1235 2418 οὔ.

95 2443 156 2482 51)
170 2445 220 2481 19
248 2443 440 2482 Dedimus
467 2439 650 2493 μείζον’,
690 2443 838 2495 quippe
875 2457 926 2483 ex
964 2457 1039 2495 qua
1069 2443 1242 2482 lectione
1269 2443 1444 2494 reliquus
1472 2455 1611 2483 omnes

149 2514 258 2546 ortas
287 2519 379 2546 esse
407 2512 618 2559 appareat:
650 2520 764 2558 quam
787 2520 859 2546 cnr
879 2521 955 2546 non
979 2507 1184 2545 serendam
1204 2508 1401 2560 putaverit
1419 2507 1611 2547 Bkk.non

148 2572 282 2617 video,
321 2585 443 2623 quum
482 2571 638 2609 dederit
667 2573 741 2608 601
758 2572 820 2609 114
848 2569 939 2611 ἄλλ’
968 2569 1126 2617 οὐθέν,
1156 2575 1233 2611 253
1247 2574 1304 2610 216
1332 2570 1419 2611 ἄλλ’
1446 2570 1611 2623 ἀπορεῖ,

150 2637 298 2674 364ει9
326 2632 450 2675 ἐκεῖν’
479 2633 576 2684 ὑπό,
609 2637 784 2674 197322
812 2634 912 2675 αἴτι’
943 2637 1009 2675 ἄν.

97 2700 222 2739 5ὴ26
248 2699 425 2740 Multum
454 2707 495 2739 et
523 2700 722 2751 paullum,
760 2714 944 2753 magnum
982 2705 1025 2738 ct
1051 2712 1216 2751 parvum
1243 2712 1322 2739 non
1350 2701 1610 2752 quantitatem

152 2764 391 2815 exprimere,
428 2765 501 2804 sed
527 2764 765 2803 relationem
803 2764 1002 2816 quandam
1031 2764 1258 2815 significare
1283 2765 1471 2817 probavit
1497 2765 1612 2811 (inde

153 2841 177 2866 a
203 2840 260 2867 vs.
291 2830 360 2874 15)
401 2840 463 2878 co,
500 2829 607 2880 quod
641 2841 719 2868 non
745 2829 823 2868 nisi
858 2833 1046 2881 respectu
1079 2828 1219 2869 habito
1254 2828 1357 2870 alius
1382 2829 1446 2870 rei
1471 2841 1611 2881 magna
