1780 3100
252 207 333 247 382
765 210 1021 254 Annlytica
1043 211 1220 254 priora.

308 310 424 356 atque
450 305 548 344 fecit
575 319 628 343 vs.
657 307 706 344 31
746 318 885 355 „wenn
923 319 1001 344 nun
1038 307 1145 345 aber·
1169 307 1243 345 das·
1265 307 1505 358 Allgemeine
1542 309 1612 346 mit
1638 310 1728 348 dem

305 368 599 417 Unterbegriffe
646 370 690 405 in
728 368 1064 419 Verbindung
1110 368 1364 418 gebracht
1410 371 1593 409 wird'’:
1640 384 1730 410 nam

305 433 409 481 quod
438 432 534 468 dicit
570 431 609 468 in
645 432 707 468 his
744 431 850 481 πρὸς
884 430 931 470 τὸ
958 432 1100 481 μεῖζον
1126 433 1259 482 ἄκρον
1287 439 1326 471 et
1352 433 1458 483 πρὸς
1483 433 1530 473 τὸ
1559 431 1730 473 ἔλαττον

306 496 439 542 ἄκρον
467 507 540 531 non
570 494 695 543 ipsum
725 495 934 535 terminum
964 495 1169 544 significat,
1199 497 1248 533 de
1276 509 1353 545 quo
1382 498 1558 535 universo
1585 497 1731 547 aliquid

303 557 570 607 praedicetur,
600 557 668 593 sed
697 558 1005 608 propositionem
1035 558 1182 596 indicat
1209 560 1464 596 universalem
1495 572 1595 606 esse,
1632 573 1731 609 quae

303 620 411 658 illum
441 619 648 657 terminum
678 621 833 660 habeat.
862 643 913 649 —
966 621 1076 669 ἄκρα
1104 622 1288 671 appellari
1311 622 1520 660 terminum
1546 623 1730 660 maiorem

305 687 345 720 et
372 683 559 720 minorem
589 683 663 719 iam
693 684 859 722 vidimus
889 685 1048 727 251134,
1079 684 1131 723 cf.
1160 685 1316 722 461122.
1371 684 1578 723 Terminus
1609 685 1732 722 maior

304 745 449 783 dicitur
475 743 522 783 τὸ
550 746 721 793 πρῶτον
747 747 832 786 τῶν
859 748 1004 797 ἄκρων
1029 747 1164 792 46b1,
1181 747 1253 784 .vel
1282 748 1395 784 etiam
1425 747 1656 797 simpliciter
1683 745 1730 785 τὸ

304 808 440 857 ἄκρον
466 810 626 858 49337,
655 811 737 847 591»
750 813 787 857 2,
816 812 961 848 66b34
990 822 1072 858 sq.;
1101 810 1300 846 -termiuus
1330 810 1454 846 minor
1483 809 1530 848 τὸ
1558 808 1730 860 ἔσχατον

303 872 440 921 ἄκρον
468 873 628 916 59b19,
654 874 769 910 etiam
799 873 1031 922 simpliciter
1057 869 1104 910 τὸ
1132 872 1266 920 ἄκρον
1292 873 1452 918 48341,
1483 873 1578 911 b26.
1643 873 1731 910 Alio

303 948 421 973 sensu
450 936 591 972 dicitur
619 935 656 972 in
688 935 808 985 Phys.
837 937 1012 973 2291120
1038 933 1085 972 τὸ
1113 932 1194 984 γὰρ
1223 931 1353 984 μέσον
1387 932 1496 984 πρὸς
1535 931 1732 985 ἑκάτερον

302 996 461 1047 λέγεταί
487 1008 577 1042 πως
602 997 687 1035 τῶν
714 998 880 1046 ἅκρωντ
922 1011 1007 1036 nam
1038 1011 1072 1037 e.
1102 1010 1137 1047 g.
1165 995 1212 1036 τὸ
1240 996 1397 1048 φαιόν,
1426 999 1530 1048 quod
1558 999 1729 1036 medium

302 1061 433 1099 locum
461 1064 570 1098 tenet
598 1061 700 1099 inter
727 1061 854 1099 album
884 1065 926 1099 et
952 1061 1128 1111 nigrum,
1158 1061 1312 1110 utrique
1333 1061 1621 1110 quodammodo
1639 1074 1730 1100 con-

299 1124 462 1162 trarium
492 1128 563 1162 est.

249 1188 397 1225 26a132
433 1188 608 1235 Apparet
636 1186 889 1224 Aristotelem
924 1186 963 1223 h.
1001 1185 1024 1224 l.
1052 1198 1251 1236 exponere
1289 1185 1600 1235 coniugationem
1638 1198 1730 1236 pro-

299 1249 507 1301 positionis
535 1250 696 1287 minoris
725 1249 951 1286 universalis
980 1249 1061 1285 sive
1090 1248 1318 1285 affirmantis
1339 1249 1420 1284 sive
1443 1250 1619 1299 negantis
1642 1262 1729 1286 eum

301 1311 527 1363 particulari
565 1312 711 1349 maiore
748 1312 828 1349 sive
857 1311 1078 1349 affirmante
1107 1310 1189 1348 sive
1225 1315 1415 1360 negante:
1454 1323 1575 1360 quare
1614 1323 1730 1360 quem

301 1387 461 1412 sensum
490 1374 638 1412 habere
666 1375 791 1423 possit
827 1374 946 1412 lectio
976 1373 1157 1419 Bekkeri,
1187 1374 1370 1422 equidem
1399 1373 1545 1411 nescio.
1612 1374 1727 1422 Quod

300 1437 365 1475 ali-i
394 1436 574 1474 dederint
612 1438 745 1474 videre
779 1437 872 1474 licet
898 1436 1001 1487 apud
1033 1436 1214 1473 Bulilium
1243 1436 1326 1477 (ed.
1358 1436 1510 1486 Bipont.
1549 1435 1653 1474 Voll.
1683 1436 1730 1474 11.

300 1513 340 1550 p.
369 1502 480 1545 623).
537 1499 720 1536 Nostram
759 1499 966 1537 lectionem
1005 1500 1124 1536 etiam
1154 1503 1228 1536 vet.
1257 1499 1351 1548 intp.
1382 1498 1447 1537 lat.
1474 1499 1624 1546 habuit,
1661 1512 1730 1537 cu-

299 1563 361 1601 ius
389 1563 517 1600 versio
544 1574 616 1600 ms.
646 1566 776 1599 exstat
802 1562 839 1600 in
868 1562 954 1599 cod.
979 1561 1152 1598 Gothan.
1182 1561 1345 1598 membr.
1368 1560 1384 1597 Ι
1412 1573 1475 1598 no.
1494 1562 1546 1598 94
1575 1562 1645 1606 (de
1664 1574 1730 1600 co-

301 1626 388 1664 dice
414 1625 502 1675 ipso
530 1637 565 1663 v.
594 1624 730 1661 Iacobs
766 1624 844 1661 und
873 1623 1001 1661 Ukert
1028 1623 1208 1673 Beitriige
1244 1636 1315 1661 zur
1341 1623 1487 1660 {ilteren
1517 1623 1731 1662 Litteratur

300 1701 341 1739 p.
362 1690 481 1731 207„
510 1700 597 1725 nam
627 1687 744 1724 latine
772 1687 875 1724 hunc
902 1687 1030 1724 locum
1051 1686 1182 1724 reddit
1208 1698 1310 1732 „nec
1333 1698 1419 1722 cum
1446 1685 1654 1724 indiffinita
1672 1686 1730 1724 af-

299 1751 493 1788 firmativa
528 1751 580 1787 sit
606 1749 668 1787 vel
696 1749 983 1799 particularis''.
1049 1748 1175 1786 Nemo
1201 1749 1290 1795 erit,
1327 1749 1477 1798 opinor,
1517 1748 1583 1798 qui
1609 1750 1728 1787 verba

301 1814 398 1853 οὔτε
425 1811 693 1864 ἀποφατικοῦ
807 1812 930 1857 ὄντος
956 1812 1006 1850 de
1035 1811 1302 1861 propositione
1329 1810 1476 1848 maiore
1510 1810 1613 1848 dicta
1641 1823 1730 1849 esse

299 1880 434 1927 neget:
473 1890 593 1927 quare
631 1880 741 1914 recte
771 1876 1005 1922 Alexander,
1044 1875 1110 1925 qui
1139 1879 1311 1912 nostram
1341 1873 1548 1911 lectionem
1577 1874 1731 1912 videtur

301 1939 501 1987 habuisse,
542 1939 612 1976 sol.
640 1940 726 1976 2412
756 1939 839 1984 (ed.
870 1939 972 1978 lunt.
1004 1939 1124 1981 1521)
1153 1938 1260 1985 ,,τοῦ
1287 1934 1332 1975 δὲ
1358 1933 1464 1975 κατὰ
1490 1934 1641 1986 μέρος”
1671 1930 1730 1974 εἶ-

299 2013 378 2041 πεν
405 1999 499 2042 ἀντὶ
524 2003 602 2041 τοῦ
629 2002 702 2052 τῆς
729 2000 930 2051 μείζονος.
996 1998 1101 2050 αὕτη
1136 1997 1218 2049 γὰρ
1255 1998 1415 2049 γίνεται
1448 1996 1554 2038 κατὰ
1589 1996 1727 2049 μέρος,

301 2066 405 2105 unde
443 2067 474 2102 si
511 2066 599 2115 quis
635 2065 824 2115 colligere
857 2064 963 2110 velit,
1003 2063 1107 2113 quod
1146 2064 1264 2101 verba
1300 2061 1542 2113 ἄδιορίστου
1576 2060 1603 2113 ἢ
1638 2066 1730 2112 post

299 2129 511 2167 Alexandri
539 2133 717 2177 tempora
745 2127 946 2164 contextui
974 2125 1243 2176 superscripta
1271 2127 1331 2164 vel
1366 2127 1511 2163 inserta
1540 2126 1628 2172 sint,
1667 2137 1731 2162 me
1756 2130 1758 2133 “

299 2191 458 2241 quidem
487 2202 563 2228 non
590 2190 752 2228 habebit
779 2189 1132 2227 contradicentem:
1174 2200 1300 2238 neque
1337 2189 1439 2226 euim
1468 2189 1507 2226 in
1537 2187 1728 2237 exemplis

299 2267 400 2304 quae
428 2258 644 2304 sequuntur
671 2253 950 2305 propositionis
979 2251 1206 2290 indefinitae
1234 2251 1278 2288 fit
1305 2251 1465 2300 mentio,
1493 2263 1621 2302 neque
1648 2249 1729 2287 veri

299 2310 500 2355 dissimile>
520 2322 582 2355 est
609 2317 683 2354 ista
712 2317 830 2354 verba
858 2316 986 2353 addita
1015 2327 1104 2352 esse
1132 2315 1179 2352 ab
1208 2314 1423 2363 interprete
1451 2315 1620 2364 quodam
1649 2312 1729 2363 qui,

300 2392 417 2430 quum
438 2381 476 2417 in
496 2384 629 2418 mente
650 2379 778 2417 adhuc
801 2378 965 2416 haberet
985 2376 1032 2417 τὸ
1053 2376 1296 2428 ἅδιόριστον
1306 2390 1360 2417 vs,
1383 2379 1447 2424 28,
1475 2375 1729 2414 Aristotelem

299 2444 499 2494 corrigere
527 2455 639 2493 quam
668 2442 890 2491 intelligere
918 2441 1110 2479 maluerit.
1154 2442 1195 2480 Si
1225 2440 1416 2490 scriptum
1445 2441 1618 2477 exstaret
1645 2439 1724 2476 τοῦ

297 2503 404 2546 κατὰ
429 2503 555 2557 μέρος
583 2506 706 2552 ὄντος
732 2503 758 2556 ἢ
785 2506 863 2544 τοῦ
891 2503 1148 2553 ἄδιορίστου,
1177 2503 1324 2542 mentio
1351 2501 1633 2552 propositionis
1663 2501 1728 2539 in·-

299 2570 487 2608 definitae
523 2569 621 2607 nihil
656 2570 823 2607 haberet
849 2569 951 2619 quod
979 2568 1211 2615 offenderet,
1251 2577 1481 2616 quamquam
1510 2565 1568 2603 b3
1597 2563 1725 2613 suspi-
1770 2553 1775 2609 ἔ

299 2633 452 2671 cionem
481 2645 558 2670 non
584 2638 727 2681 movet,
755 2632 855 2682 quod
885 2632 982 2670 dixit
1009 2629 1252 2680 ἄδιορίστου
1270 2640 1314 2666 τε
1339 2624 1408 2666 καὶ
1439 2624 1486 2666 ἐν
1512 2624 1626 2678 μέρει
1653 2627 1723 2677 λη·
1767 2626 1772 2695 f

298 2696 494 2746 φθέντος,
531 2697 621 2747 quia
648 2697 725 2735 iam
753 2708 810 2736 vs.
838 2697 864 2734 2
891 2695 1196 2748 propositionem
1223 2693 1414 2730 minorem
1443 2691 1724 2741 particularem
1760 2706 1768 2731 η

299 2770 390 2798 esse
422 2759 630 2809 indicavit,
678 2762 720 2799 ut
756 2759 832 2798 ista
867 2759 985 2798 verba
1021 2769 1097 2797 non
1130 2755 1340 2804 adiecerit,
1379 2755 1453 2793 nisi
1489 2758 1535 2793 ut
1575 2751 1725 2804 signifi·

1757 2886 1759 2914 ἐ

1752 2915 1759 2968 l
