1780 3100
191 221 270 260 438
700 222 950 265 Anutytica
974 220 1144 264 prior-u.

246 316 494 370 syllogismus
513 322 554 357 et
573 330 621 356 ex
636 317 969 368 propositionibus
991 316 1054 355 AB
1072 320 1115 355 et
1141 327 1191 354 ex
1217 313 1547 365 propositionibus
1576 314 1666 354 OD:

245 392 366 431 quare
394 382 469 419 erit
500 380 698 418 conclusio
728 391 829 429 quae
856 380 902 418 fit
926 392 974 417 ex
994 379 1062 417 AB
1082 383 1149 417 aut
1168 378 1203 415 Ε
1225 383 1289 415 aut
1309 377 1341 415 C
1362 382 1430 416 aut
1451 377 1482 415 D
1505 381 1572 416 aut
1594 377 1668 415 alia

245 442 440 494 quaelibet
458 443 674 494 propositio
689 441 814 480 abhis
831 442 1004 480 diversa:
1026 441 1120 479 item
1141 439 1243 491 quod
1262 440 1511 478 concluditur
1528 451 1576 478 ex
1601 438 1668 477 CI)

248 506 324 545 erit
343 510 409 544 aut
430 505 465 543 E
483 509 552 544 aut
577 506 611 544 A
635 508 704 543 aut
725 505 756 542 B
778 507 844 543 sut
861 505 936 543 alia
954 503 1171 555 propositio
1190 504 1237 541 ab
1258 502 1319 539 his
1340 502 1506 550 diversa,
1527 505 1595 541 aut
1612 502 1670 541 ni-

247 567 305 606 hil
337 567 494 606 omnino
528 567 621 606 inde
641 567 894 607 concludatur
913 579 1077 606 necesse
1096 569 1168 616 est.
1218 564 1353 602 Prim
1366 577 1438 603 um
1461 564 1580 615 igitur
1600 576 1671 615 po-

248 642 386 668 namus
414 629 702 669 conclusionem
731 643 831 681 quoe
857 631 927 669 fiat
954 642 1004 668 ex
1025 629 1092 669 AB
1114 640 1203 667 esse
1223 628 1256 666 Ε
1288 629 1397 672 (nam
1415 627 1517 665 lianc
1535 626 1672 666 condi-

247 692 394 731 tionem
428 693 469 732 in
496 696 627 732 mente
654 692 801 731 habere
827 694 1017 733 debemus
1045 704 1102 732 vs.
1133 692 1228 736 18),
1257 690 1546 728 conclusionem
1574 701 1674 739 quae

250 755 482 794 conficiatur
508 768 555 795 ex
583 755 650 794 Cl)
679 759 747 795 aut
774 768 863 794 esse
890 756 923 794 Ε
952 759 1019 793 aut
1044 754 1080 792 A
1107 757 1173 792 aut
1201 753 1243 790 B.
1292 752 1418 791 Erunt
1444 752 1563 803 igitur
1589 751 1672 802 plu-

250 829 316 856 res
344 818 561 869 syllogismi
588 821 655 856 aut
682 831 782 857 unus
810 831 887 857 non
913 817 988 856 nisi
1015 829 1062 854 eo
1089 828 1228 863 sensu,
1263 826 1340 865 quo
1367 826 1486 853 unum
1514 826 1562 852 ex
1589 814 1674 864 plu-

250 879 358 918 ribus
394 881 481 920 fieri
518 894 636 932 posse
673 881 940 919 ostendimus:
975 891 1142 929 namque
1175 877 1221 915 fit
1257 880 1326 915 aut
1351 875 1675 927 prosyllogismus

250 953 301 981 ex
329 941 396 981 GD
424 948 492 982 aut
528 944 576 982 fit
602 943 741 982 eadem
767 942 965 982 conclusio
995 941 1068 988 (Ε)
1099 953 1121 979 e
1148 939 1313 978 diversis
1339 938 1674 989 propositionibus

248 1005 468 1044 coniunctis
488 1026 541 1034 ——
563 1018 685 1056 quare
706 1017 781 1044 non
803 1010 912 1044 recte
931 1005 1018 1043 Zell
1037 1000 1094 1050 ὡς
1123 999 1328 1054 ἐνεδέχετο
1345 1013 1451 1049 „was
1465 1002 1509 1053 ja
1528 1001 1677 1050 gleich-

252 1065 343 1105 falls
379 1068 604 1107 statthoben
639 1068 791 1107 kann'':
829 1081 920 1107 nam
946 1068 1044 1106 haec
1070 1067 1188 1106 verba
1215 1078 1291 1104 non
1318 1065 1424 1103 dicto
1450 1069 1539 1103 sunt
1566 1067 1610 1102 ut
1636 1063 1677 1103 iu

249 1130 501 1180 parenthesi,
540 1131 611 1169 sed
650 1131 918 1181 coniungenda
954 1142 1042 1169 cum
1080 1134 1272 1179 sequente
1298 1125 1447 1166 ταύτόε
1485 1130 1546 1164 est
1573 1125 1677 1164 enim

249 1190 377 1231 ταύτὸ
406 1190 462 1240 ὡς
489 1190 694 1244 ἐνεδέχετο
723 1194 797 1240 (cf.
821 1206 877 1232 vs.
897 1195 923 1232 6
950 1190 1061 1232 οὕτω
1088 1189 1165 1243 ’μὲν
1192 1188 1397 1242 ἐνδέχεται
1414 1219 1423 1229 .
1442 1219 1453 1230 .
1475 1218 1484 1228 .
1505 1187 1553 1228 τὸ
1574 1186 1677 1234 αὐτὸ

250 1261 400 1306 συμπ.)
429 1257 679 1308 syllogismus
715 1269 762 1295 eo
791 1269 910 1294 sensu
937 1268 1057 1304 unuS‚
1086 1267 1162 1305 quo
1189 1267 1310 1293 unum
1337 1250 1427 1292 esse
1452 1264 1571 1302 posse
1597 1251 1679 1302 syl-

251 1318 457 1369 logismum
497 1333 544 1358 ex
580 1320 757 1370 pluribus
796 1332 910 1369 quam
947 1319 1070 1357 tribus
1109 1317 1287 1356 terminis
1324 1328 1446 1366 supra
1478 1314 1682 1365 exposuit:

249 1393 419 1432 nomque
437 1387 685 1433 opponuntur
703 1378 830 1421 ταύτὸ
858 1385 899 1420 et
925 1379 1093 1428 πλείους
1122 1381 1226 1431 quod
1253 1378 1479 1431 praecessit.
1529 1376 1681 1415 Deinde

253 1444 289 1482 si
317 1448 393 1490 (vs,
421 1447 492 1491 20)
523 1458 571 1483 ex
598 1446 666 1484 AB
693 1446 739 1484 fit
776 1445 975 1484 conclusio
1005 1444 1066 1492 E,
1105 1455 1154 1481 ex
1182 1442 1248 1481 ci)
1275 1453 1367 1480 vero
1395 1452 1523 1491 neque
1550 1439 1583 1478 Ε
1610 1451 1680 1477 ne-

254 1519 331 1556 que
358 1507 391 1545 A
430 1519 558 1557 neque
587 1508 640 1555 B,
675 1508 745 1546 sed
783 1519 1037 1557 quaecuuque
1073 1506 1170 1553 alia,
1209 1508 1372 1555 apparet
1409 1502 1680 1554 syllogismum

253 1580 331 1607 non
368 1581 458 1607 esse
498 1582 629 1608 unum.
692 1569 869 1620 Denique
903 1569 938 1607 si
965 1570 1041 1615 (vs.
1066 1569 1138 1612 22)
1177 1580 1226 1605 ex
1254 1566 1321 1604 CD
1347 1566 1446 1605 nihil
1472 1564 1680 1613 colligitur,

255 1643 305 1670 ex
341 1631 408 1670 AB
437 1636 567 1669 autem
596 1632 794 1670 conclusio
822 1632 879 1680 Ε,
917 1631 965 1668 ad
993 1631 1121 1680 ipsum
1149 1629 1419 1680 syllogismum
1448 1626 1546 1666 nihil
1572 1629 1682 1664 certe

253 1692 405 1732 faciunt
431 1695 721 1744 propositiones
751 1694 831 1732 cl).
892 1692 1129 1731 Secundo
1157 1692 1192 1729 si
1229 1693 1304 1739 (vs.
1333 1692 1406 1738 24)
1434 1703 1483 1728 ex
1510 1689 1576 1728 AB
1603 1701 1682 1727 non

255 1756 502 1795 concluditur
523 1756 572 1805 E,
601 1756 672 1795 sed
699 1755 804 1794 aliud
833 1754 939 1804 quid,
969 1767 1017 1792 ex
1045 1753 1111 1792 CD
1138 1765 1232 1792 vero
1258 1756 1327 1792 aut
1354 1753 1388 1791 Δ
1415 1756 1482 1791 aut
1508 1752 1540 1789 B
1569 1750 1683 1797 (τού-

253 1830 342 1858 των
361 1818 544 1870 θάτερον
569 1831 625 1857 vs.
642 1821 712 1864 26)
742 1822 808 1856 aut
835 1818 909 1855 alia
936 1817 1155 1869 propositio
1182 1828 1450 1866 quaecunque,
1477 1827 1553 1853 non
1581 1826 1682 1853 unus

253 1882 505 1933 syllogismus
524 1882 613 1929 erit,
643 1882 715 1919 sed
742 1881 889 1931 plures,
912 1892 1041 1930 neque
1069 1879 1294 1918 conclusum
1320 1878 1360 1915 id
1390 1878 1493 1927 quod
1522 1877 1684 1915 demon-

253 1945 458 1983 strandum
487 1947 582 1982 erat.
637 1943 705 1982 Sin
732 1947 861 1981 autem
891 1945 967 1990 (vs.
987 1945 1059 1989 28)
1089 1954 1136 1980 ex
1165 1942 1231 1980 AB
1259 1952 1336 1979 non
1364 1939 1609 1978 concluditur
1634 1938 1683 1988 Ε,

254 2007 326 2046 sed
356 2006 458 2044 aliud
487 2006 595 2057 quid,
623 2018 672 2043 ex
699 2005 766 2044 cD
794 2017 887 2042 vero
914 2004 1010 2042 nihil
1038 2004 1194 2042 omnino
1223 2002 1434 2053 colligitur,
1463 2014 1590 2051 neque
1615 2014 1683 2040 ne-

253 2069 450 2108 cessariae
469 2072 559 2107 sunt
577 2067 866 2119 propositiones
888 2066 954 2104 CI)
983 2067 1033 2104 ad
1058 2066 1348 2104 conclusionem
1375 2077 1491 2114 quam
1517 2063 1683 2103 facimus

254 2145 383 2183 neque
416 2131 662 2170 concluditur
695 2130 799 2179 quod
832 2129 1078 2180 propositum
1116 2132 1187 2166 est.
1251 2127 1354 2165 Satis
1391 2126 1502 2177 plana
1531 2126 1684 2165 videtur

254 2194 536 2234 demonstratio
572 2205 686 2243 quam
724 2193 1002 2242 exposuimus,
1036 2203 1163 2241 neque
1191 2190 1402 2240 quidquam
1431 2189 1588 2227 obscuri
1613 2189 1684 2227 ha-

253 2258 335 2303 bet,
363 2257 482 2295 modo
508 2259 689 2295 teneatur
715 2255 805 2305 hoc,
831 2258 873 2293 ut
900 2267 957 2292 vs.
988 2255 1038 2291 14
1056 2275 1109 2281 —-
1129 2254 1181 2292 24
1221 2256 1392 2303 ponatur
1427 2264 1478 2289 ex
1505 2251 1570 2289 AB
1598 2251 1685 2289 fieri

251 2320 546 2358 conclusionem
583 2318 641 2366 Ε,
668 2330 724 2355 vs.
751 2318 803 2356 24
825 2339 871 2346 —
894 2319 945 2354 30
972 2329 1065 2355 vero
1102 2320 1269 2367 ponatur
1305 2326 1354 2352 ex
1380 2314 1447 2351 AB
1476 2314 1564 2351 fieri
1592 2326 1685 2352 con-

252 2383 469 2421 clusionem
498 2382 545 2420 ab
574 2382 609 2420 Ε
637 2381 842 2419 diversam.
893 2380 972 2417 lam
999 2379 1105 2417 facili
1131 2377 1288 2429 negotio
1314 2376 1581 2415 removebitur
1607 2375 1684 2414 dif-

256 2445 433 2493 ficultas,
472 2456 546 2495 qua
574 2443 795 2482 Alexander
825 2442 969 2488 (schol.
998 2441 1314 2485 174a40-44)
1343 2443 1382 2477 et
1409 2438 1476 2488 qui
1505 2439 1588 2476 eius
1615 2450 1684 2476 ve-

258 2508 374 2558 stigia
390 2507 537 2559 premit
556 2504 795 2556 Philoponus
818 2505 960 2551 (schol.
981 2506 1058 2542 1¹14
1072 2506 1152 2542 ala
1169 2525 1214 2532 -—
1229 2504 1291 2550 16,
1311 2501 1376 2539 ubi
1396 2500 1563 2552 γραφῆς
1590 2500 1683 2539 scri·

256 2571 429 2610 bendum
466 2570 544 2608 erit
581 2582 654 2621 pro
690 2566 918 2620 γροὶφεται,
956 2572 998 2606 et
1023 2568 1075 2607 ib.
1103 2579 1159 2605 νι.
1186 2565 1388 2610 46—b3)
1416 2565 1521 2602 hunc
1554 2564 1683 2601 locum

254 2632 439 2683 impediri
457 2635 712 2683 putaverunt:
739 2632 857 2671 scribi
880 2631 984 2670 enim
1004 2631 1211 2669 voluerunt
1229 2627 1306 2667 AB
1332 2639 1405 2678 pro
1434 2626 1514 2665 ΓΔ
1539 2638 1594 2665 vs.
1618 2626 1682 2674 28,

256 2695 348 2745 quia
374 2695 610 2735 Aristoteles
647 2695 802 2734 silentio
833 2694 1156 2746 praetermiserit,
1184 2703 1254 2732 cur
1279 2702 1356 2729 non
1380 2690 1450 2728 fiat
1476 2700 1575 2727 unus
1602 2687 1682 2738 syl—

257 2757 446 2809 logismus
482 2771 530 2799 ex
567 2757 899 2811 propositionibus
934 2754 1164 2803 Auem-1
1198 2765 1248 2793 ex
1275 2752 1342 2793 AB
1377 2752 1478 2792 nihil
1511 2753 1682 2803 cogatur,
