1884 3100
626 185 962 219 ΠΡΟΤΕΡΩΝ
991 186 1030 218 Β.
1480 180 1558 220 231

107 302 188 346 ρος
207 284 333 330 ἔστιν.
349 280 508 343 ὅτιμὲν
524 283 612 329 οὐν
622 280 711 329 ου’κ
724 283 838 330 ἔστιν
848 279 1073 338 αποδειξαι
1083 297 1166 345 την
1175 277 1396 337 καθόλου,
1413 297 1555 341 φανε-

104 351 214 413 ρόν·
234 348 286 398 τὸ
306 351 384 411 μὲν
399 348 483 413 γὰρ
506 349 718 397 καθόλου
737 351 960 397 δείκνυται
988 348 1062 396 διά
1083 367 1171 397 των
1189 346 1413 404 καθόλου,
1433 344 1486 393 τὸ
1506 348 1555 394 δὲ

103 419 401 480 συμπέρασμα
428 416 517 465 οὐκ
538 419 626 464 ἔστι
650 417 870 475 καθόλου,
905 420 974 464 δεῖ
990 416 1030 463 6'
1058 417 1104 464 ἐκ
1124 420 1211 464 τοῦ
1231 414 1605 476 συμπεράσμα-ιιο

102 504 178 544 τος
206 485 345 542 δεῖξαι
367 487 440 532 καὶ
450 485 587 568 ,“τῆς
571 485 718 545 ετέρας
737 483 1005 545 προτάσεως.
1050 485 1106 531 ἔτι
1130 482 1245 542 ὅλως
1263 481 1372 531 ουδὲ
1392 483 1553 544 γίνεται

102 551 402 616 συλλογισμὸς
432 551 798 638 άντιστραφείσης
824 555 906 615 τῆς
935 551 1213 612 προτάσεως·
1246 551 1292 598 ἐν
1318 552 1437 611 μέρει
1468 548 1593 613 γᾶρῑ)

102 619 552 682 άμφότεραιγίνονται
571 620 614 665 αι
633 619 882 679 προτάσεις.
904 617 986 681 τὴν
1009 617 1048 666 6'
1060 619 1306 679 ἐπὶμέρους
1327 619 1454 665 ἔστιν.
1479 621 1552 665 δε-

100 689 262 748 δείχθω
281 705 365 748 γαρ
387 684 440 732 τὸ
463 690 502 732 A
523 704 634 732 κατα
652 684 775 744 τινὸς
799 690 885 733 τοῦ
910 690 956 732 Γ
976 684 1050 733 δια
1070 691 1155 733 τοῦ
1176 690 1226 733 Β.
1269 685 1345 733 ἐὰν
1365 703 1452 732 ουν
1471 688 1555 748 λη-

99 758 203 816 φθῇ
227 752 279 801 τὸ
311 757 348 800 Β
380 755 507 800 παντὶ
532 757 599 799 τῶ
620 757 659 799 Α
681 754 757 800 καὶ
786 751 838 801 τὸ
868 753 1164 813 συμπέρασμα
1183 753 1306 813 μένῃ,
1336 751 1388 799 τὸ
1408 756 1447 798 Β
1468 753 1554 799 τινὶ

98 826 163 887 τῷ
209 825 255 867 Γ
284 819 491 880 υπάρξει
532 821 693 882 γίνεται
725 819 809 883 γὰρ
844 818 895 867 τὸ
921 836 1102 881 πρωτον
1133 824 1294 884 σχῆμα,
1323 820 1398 866 καὶ
1431 817 1483 866 τὸ
1512 822 1552 866 A
1566 832 1584 861 ⁵

100 890 248 950 μέσον.
275 889 313 935 εἰ
336 889 382 934 δὲ
396 886 1010 950 στερητικοςοσυλλογισμος,
1023 906 1104 951 την
1113 889 1193 949 μὲν
1208 886 1421 935 καθόλου
1435 885 1551 948 πρό-

98 969 224 1003 τασιν
245 974 332 1002 ουκ
350 956 438 1002 ε’στι
450 954 598 1012 δεῖξαι,
619 953 674 1002 δι’
695 953 802 1002 ὃκαὶ
818 955 1038 1017 πρότερον
1050 956 1232 1019 ἐλέχθη·
1254 953 1390 1019 τὴνδ’
1406 955 1452 1002 ἐν
1472 954 1550 1015 μέ-

98 1042 165 1083 ρει
185 1023 313 1079 ἔστιν,
335 1020 455 1068 ἐὰν
431 1024 595 1090 ομοίως
615 1021 894 1084 α’ντιστραφῇ
911 1021 963 1070 τὸ
983 1027 1060 1070 ΑΒ
1079 1021 1230 1082 ὥσπερ
1243 1021 1351 1070 κάπὶ
1370 1026 1458 1079 τῶν
1466 1040 1549 1068 κα-

98 1089 261 1146 θόλου,
291 1087 386 1136 οἷον
413 1091 449 1154 ᾤ
483 1087 534 1135 τὸ
564 1093 602 1135 Α
632 1092 713 1136 τινὶ
745 1089 806 1153 μὴ
834 1088 1037 1152 υπάρχει,
1069 1089 1120 1138 τὸ
1140 1095 1178 1138 Β
1198 1092 1281 1137 τινὶ
1308 1088 1547 1151 υπάρχειν·
1564 1104 1601 1133 1⁰

99 1155 243 1214 αλλως
264 1155 348 1218 γὰρ
370 1174 429 1202 ου
449 1157 605 1217 γίνεται
631 1156 934 1220 συλλογισμὸς
959 1156 1032 1204 διά
1055 1157 1108 1222 τὸ
1133 1155 1422 1220 οἷποφατικὴν
1439 1154 1549 1204 εἶναι

97 1242 178 1288 την
195 1225 240 1271 ἐν
260 1224 379 1284 μέρει
394 1222 620 1284 πρότασιν.

227 1290 304 1337 Ἐν
335 1292 381 1338 δὲ
411 1294 476 1355 τῷ
506 1291 696 1356 δευτέρῳ
726 1290 915 1354 σχήματι
941 1289 992 1338 τὸ
1026 1309 1105 1352 μεν
1133 1287 1438 1352 καταφατικὸν
1459 1288 1598 1338 ου’κ6

98 1358 188 1405 ε’στι
200 1357 336 1414 δεῖξαι
349 1355 422 1404 δια
433 1376 600 1405 τουτου
617 1362 703 1405 τοῦ
721 1358 906 1419 τρόπου,
925 1357 977 1406 τὸ
996 1361 1043 1406 δε
1057 1356 1336 1442 στερητικὸν
1343 1359 1470 1405 ἔστιν.
1492 1355 1546 1404 τὸ

98 1444 177 1486 μεν
196 1444 282 1473 ουν
300 1423 595 1488 κατηγορικὸν
608 1424 668 1472 013
688 1427 911 1474 δείκνυται
928 1425 1002 1489 δια
1021 1424 1145 1489 τὸμὴ
1165 1425 1419 1487 αμφοτέρας
1438 1422 1547 1472 εἶναι
1564 1442 1598 1470 15

96 1511 174 1550 τας
199 1493 437 1553 προτάσεις
466 1492 796 1554 καταφατικάς·
836 1492 888 1540 τὸ
915 1491 999 1555 γὰρ
1028 1493 1324 1553 συμπέρασμα
1350 1506 1547 1556 στερητι-

96 1559 182 1607 κόν
211 1561 314 1617 ἐστι,
344 1558 395 1606 τὸ
417 1561 464 1606 δε
492 1558 785 1623 κατηγορικὸν
811 1559 901 1617 «ᾆξ’
873 1561 1135 1622 αμφοτέρων
1163 1561 1387 1608 ἐδείκνυτο
1410 1579 1546 1607 κατα-

97 1632 308 1690 φατικῶν.
341 1625 395 1674 τὸ
425 1628 473 1674 δε
497 1626 755 1691 στερητικὸν
786 1621 872 1675 ώδε
902 1630 1137 1676 δείκνυται.
1172 1627 1404 1689 υπαρχέτω
1432 1625 1485 1674 τὸ
1509 1632 1548 1674 Α

96 1697 224 1742 παντὶ
264 1698 326 1761 τῷ
359 1698 420 1753 Β,
441 1699 524 1777 τῷ
554 1697 602 1742 δε
639 1699 686 1742 Γ
712 1697 886 1759 μηδενί·
924 1697 1223 1757 συμπέρασμα
1250 1694 1301 1743 τὸ
1324 1699 1362 1742 Β
1395 1693 1546 1742 ουδενὶ

97 1767 158 1827 τῷ
199 1766 249 1808 Γ.
294 1760 370 1809 {av
401 1780 485 1808 ουν
515 1765 678 1824 ληφθῇ
709 1762 762 1809 τὸ
796 1767 834 1809 Β
863 1765 992 1810 παντὶ
1021 1767 1083 1828 τῷ
1111 1768 1150 1809 Α
1169 1761 1386 1823 υπάρχον,
1408 1761 1598 1824 α’νάγ-ςιο

98 1848 157 1893 κη
187 1828 239 1875 τὸ
269 1834 307 1875 A
340 1830 492 1892 μηδενὶ
515 1833 579 1911 τῷ
619 1833 666 1875 Γ
687 1828 922 1891 ὑπάρχειν·
962 1831 1122 1892 γίνεται
1146 1849 1229 1892 γαρ
1255 1829 1307 1876 τὸ
1340 1829 1548 1890 δεύτερον

98 1901 266 1959 σχῆμα,
303 1897 439 1957 μέσον
479 1894 530 1942 τὸ
571 1900 622 1944 Β.
681 1898 720 1944 εἰ
757 1899 805 1944 δε
849 1895 902 1944 τὸ
940 1901 1017 1945 ΑΒ
1048 1895 1313 1961 στερητικὸν
1351 1896 1546 1960 ἐλήφθη,

96 1964 287 2025 θάτερόν
327 1965 374 2010 δε
422 1963 735 2026 κατηγορικόν,
786 1963 839 2012 τὸ
895 1970 1070 2026 πρῶτον
1106 1966 1226 2012 ἔσται
1265 1969 1425 2028 σχῆμα.
1491 1962 1546 2011 τὸ

95 2050 174 2091 μεν
200 2029 284 2094 γὰρ
316 2034 362 2076 1
383 2032 512 2077 παντὶ
543 2035 605 2097 τῷ
633 2035 685 2088 Α,
717 2029 770 2079 τὸ
803 2033 851 2079 δε
882 2035 921 2079 Β
955 2031 1107 2080 ουδενὶ
1137 2037 1203 2099 τῶ
1226 2037 1287 2090 Γ,
1329 2030 1432 2079 ωστ’
1461 2049 1546 2079 ου-

96 2100 187 2146 δενὶ
218 2118 279 2164 τω
307 2103 343 2144 Α
374 2097 426 2146 τὸ
452 2103 514 2144 Β·
547 2079 648 2145 ov'6'
677 2118 764 2160 αρα
791 2099 843 2147 τὸ
872 2103 910 2146 A
940 2105 1002 2167 τῷ
1034 2105 1084 2148 Β.
1128 2099 1202 2148 δια
1233 2118 1311 2161 μεν
1346 2100 1432 2147 οὐν
1462 2103 1598 2147 τοῦ25

97 2145 468 2226 συμπεράσματος
509 2167 583 2212 καὶ
623 2170 703 2228 τῆς
738 2172 841 2228 μιᾶς
868 2168 1122 2228 προτάσεως
1157 2167 1217 2215 οὕ
1243 2169 1405 2230 γίνεται
1434 2171 1548 2213 συλ-

96 2231 323 2315 λογισμός,
354 2234 727 2315 προσληφθείσης
751 2232 790 2279 6'
823 2235 1009 2294 ἑτέρας’
996 2237 1125 2282 ε’σται.
1170 2233 1228 2298 ἢν
1246 2235 1293 2281 δε
1313 2232 1374 2296 μὴ
1398 2232 1548 2280 καθό-

97 2304 186 2347 λου
215 2298 242 2346 ὁ
275 2297 573 2371 συλλογισμὸς
603 2301 647 2360 ᾐ,
670 2298 700 2363 ἡ
730 2319 808 2361 μεν
829 2302 875 2348 ἐν
895 2300 988 2368 ὅλῳ
1007 2301 1224 2363 πρότασις
1242 2299 1303 2348 οὕ
1323 2301 1550 2348 δείκνυται

187 2460 227 2492 41
251 2454 339 2493 οὔδε
355 2455 448 2496 ὅλως
471 2458 508 2491 C.

187 2503 274 2537 58b1
296 2501 526 2558 προτάσεως]
550 2501 675 2549 ἑτέρας
693 2505 726 2535 in
747 2505 852 2537 litura
868 2507 910 2539 A.
946 2525 985 2531 —
1025 2508 1046 2538 2
1065 2503 1310 2550 ἐπιδεδείχθω
1328 2518 1361 2539 n.
1387 2525 1430 2531 ——
1468 2507 1490 2539 5
1508 2517 1551 2548 pr

99 2550 141 2585 τὸ
166 2561 221 2583 om
239 2562 273 2583 π.
298 2569 344 2575 -
368 2551 386 2582 7
408 2548 466 2583 διὸ
486 2550 629 2582 codices.
647 2568 688 2573 -
715 2550 735 2582 9
755 2549 852 2584 ε’στιν
872 2563 927 2583 om
951 2552 1011 2584 Cu.
1028 2570 1071 2575 —
1097 2560 1177 2594 post
1193 2551 1258 2586 ἐὰν
1271 2552 1342 2584 add
1361 2563 1427 2595 μεν
1439 2551 1549 2604 Genus,

99 2608 138 2628 rc
159 2597 220 2636 An,
246 2588 315 2629 οὖν
332 2607 370 2627 rc
389 2595 458 2627 add
479 2595 519 2627 Β.
548 2614 584 2619 -
614 2594 798 2647 καθόλου]
818 2596 998 2638 καθόλου,
1024 2594 1093 2631 ουίι
1112 2596 1200 2638 ἔστι,
1223 2599 1257 2631 δι
1265 2596 1288 2630 ἀ
1307 2593 1447 2642 προσλτῖ
1486 2608 1551 2636 »ως

101 2637 133 2675 δ’
153 2639 248 2675 ἔστιν
267 2641 412 2680 codices,
438 2641 596 2683 exceptis
614 2642 644 2673 A
659 2640 717 2684 qui
737 2641 822 2674 haec
838 2654 914 2686 om,
941 2650 976 2674 et
995 2643 1025 2674 Β
1044 2642 1102 2684 qui
1121 2654 1180 2675 rec
1200 2643 1282 2675 add.
1309 2661 1345 2667 ·-
1385 2643 1428 2676 10
1445 2655 1474 2688 φ
1492 2653 1550 2675 om

102 2686 206 2730 prA.
242 2705 284 2711 —-
316 2682 417 2729 υπάρ
397 2698 464 2730 ρχῃ
485 2688 586 2741 prA
612 2704 658 2710 -
693 2687 808 2731 τῷηι.
834 2705 871 2712 —
915 2688 955 2720 16
981 2685 1068 2732 γὰρ]
1094 2699 1160 2729 μεν
1184 2699 1230 2720 m.
1253 2706 1298 2713 -—
1332 2688 1550 2734 1912οτῷγ

103 2730 234 2784 μηδενί
250 2743 286 2764 τι.
309 2751 355 2758 —
377 2733 423 2765 20
438 2732 489 2778 τῷ
511 2729 551 2765 δε·
569 2744 590 2775 γ
607 2732 741 2775 μηδενί
759 2740 840 2776 post
854 2730 1023 2776 ὑπάρχον
1041 2733 1110 2764 add
1131 2734 1204 2774 Cm,
1221 2746 1259 2766 rc
1276 2744 1372 2776 marg
1385 2733 1491 2768 adiB.
1505 2752 1542 2759 -—

106 2777 151 2809 24
168 2772 240 2821 γὰρ
257 2788 359 2821 supra
381 2789 420 2811 vs
435 2766 480 2812 Β.
504 2795 549 2803 -
573 2789 615 2821 pr
630 2789 651 2821 γ
669 2789 708 2810 rc
727 2789 762 2811 ιι.
786 2796 832 2802 -
854 2778 898 2811 27
916 2779 950 2812 εἰ
963 2779 1117 2812 ABCma.
1141 2797 1187 2804 —
1210 2779 1255 2814 28
1273 2773 1298 2825 ᾗ
1319 2789 1374 2813 om
1392 2790 1426 2812 n.
