1722 3112
591 192 844 238 Analyticn
879 191 1058 237 priora.
1506 190 1586 232 537

181 292 280 345 Gap.
308 291 375 333 2²1.
430 291 646 347 Differunt
669 290 992 333 verisimilitudo
1008 295 1048 330 et
1072 291 1249 342 signum.
1272 318 1277 323 -
1308 292 1358 328 10
1375 291 1445 332 Es
1467 296 1583 332 utro-

71 370 150 412 que
166 358 225 410 fit
253 355 362 409 quod
389 362 564 396 vocatur
585 357 859 410 enthymema.
923 355 1098 395 Videtur
1120 354 1286 409 quidem
1309 355 1470 408 aliquid
1485 370 1582 409 pro·

0 439 1 452 ι
72 422 167 462 bari
188 433 310 474 posse
333 434 413 473 per
438 421 605 474 signum
625 422 671 460 in
692 420 877 460 omnibus
892 421 1066 473 figuris,
1095 421 1145 459 21
1169 419 1298 459 etiam
1322 419 1368 458 in
1386 420 1585 461 secunda.

70 487 123 525 24
154 485 290 535 Quum
318 485 458 524 alteru
494 485 725 538 syllogismi
754 485 986 538 propositio
1020 484 1111 524 sola
1146 485 1386 537 profertur,
1420 497 1501 537 per
1528 485 1584 523 si-

69 563 198 603 gnum
220 549 439 603 probatur.
493 551 546 588 29
574 549 800 601 Redargui
834 562 917 588 non
947 553 1124 602 possunt
1163 549 1392 602 syllogismi
1426 561 1504 602 per
1528 550 1584 587 si-

69 627 199 668 gnum
219 614 450 668 probantes
477 614 522 652 in
547 614 690 665 prima
706 615 884 665 figura,
909 619 1083 666 possunt
1112 614 1157 652 in
1184 614 1318 653 tertia
1345 614 1439 661 (34)
1471 617 1515 652 et
1541 613 1587 652 in

68 677 279 725 secunda,
315 678 390 730 qui
420 689 469 715 re
504 689 608 716 vera
646 676 753 715 nihil
782 682 948 728 cogunt.
1012 677 1066 716 bl
1105 677 1216 728 Quid
1250 679 1306 718 sit
1341 676 1605 730 τεκμήριον.”

69 745 95 781 '¹1
126 741 283 788 Quibus
312 740 616 782 conditionibus
656 741 789 781 animi
823 746 961 781 motus
999 753 1053 780 ea·
1089 742 1222 794 signis
1261 755 1509 795 cognoscere
1536 742 1586 782 li·

72 811 178 846 ceat.
233 806 287 844 14
315 805 495 859 Signum
523 806 708 846 inveniri
731 806 915 863 poterit,
952 810 1043 845 tum
1070 806 1109 845 si
1134 806 1213 845 uni
1238 807 1485 846 animalium
1511 819 1585 859 ge-

71 871 169 910 neri
193 882 300 910 unus
329 870 461 910 animi
486 875 621 910 motus
642 872 844 924 proprius
872 875 947 918 est,
975 871 1028 909 26
1048 874 1138 910 tum
1165 871 1205 910 si
1229 871 1306 910 uni
1330 871 1481 923 generi
1493 871 1586 923 plu·

69 948 140 974 res
164 940 262 975 sunt
286 935 461 988 proprii.
516 936 570 974 32
599 934 720 985 Quod
747 934 848 975 inde
875 935 1089 987 colligitur
1118 934 1163 974 id
1191 935 1236 975 in
1266 936 1411 988 prima
1434 937 1586 989 figura

71 1001 246 1053 cogitur.

70 1107 191 1145 70a3
218 1105 370 1145 Lucem
398 1104 608 1145 effundunt
644 1109 783 1145 nostro
821 1107 911 1146 loco
940 1119 1042 1158 quae
1069 1105 1166 1145 dicit
1194 1106 1397 1146 1357a32
1423 1102 1587 1159 λέγεται

120 1167 203 1223 γὰρ
233 1167 518 1223 ἐνθυμήματα
546 1167 588 1220 ἐξ
616 1168 794 1211 εἰκότων
821 1170 895 1211 καὶ
922 1168 1127 1224 σημείων,
1158 1165 1265 1210 ὥστε
1292 1167 1458 1222 ἀνάγκη
1485 1169 1583 1210 τού-

121 1247 209 1276 των
237 1231 439 1288 ἑκάτερον
466 1231 649 1289 ἑκατέρῳ
676 1234 836 1276 ταύτὸν
866 1231 988 1276 εἶναι.
1044 1234 1092 1276 τὸ
1121 1232 1201 1287 μὲν
1227 1232 1310 1288 γὰρ
1340 1233 1452 1283 εἰκός
1473 1232 1586 1276 ἐστιν

122 1297 180 1348 ὥς
207 1297 273 1341 ἐπὶ
301 1299 350 1341 τὸ
377 1293 490 1341 πολὺ
517 1299 773 1352 γινόμενον,
812 1299 892 1354 οὐχ
919 1299 1063 1348 ἅπλῶς
1092 1298 1160 1348 δέ,
1196 1298 1393 1351 καθάπερ
1422 1297 1586 1352 ὁρίζον·

121 1363 192 1405 ταί
218 1378 349 1416 τινες,
389 1363 495 1406 ἀλλὰ
532 1364 581 1406 τὸ
617 1363 714 1417 περὶ
752 1363 805 1406 τὰ
833 1363 1088 1419 ἐνδεχόμενα
1115 1365 1254 1413 ἄλλως
1281 1363 1408 1418 ἔχειν,
1449 1362 1587 1414 οὕτως

121 1426 221 1483 ἕχον
247 1430 357 1482 πρὸς
384 1427 535 1479 ἐκεῖνο,
563 1429 673 1482 πρὸς
702 1429 725 1470 ὃ
754 1428 879 1479 εἰκός,
909 1428 967 1480 ὥς
987 1427 1035 1472 τὸ
1056 1429 1252 1472 καθόλου
1272 1429 1381 1482 πρὸς
1408 1427 1456 1470 τὸ
1478 1429 1587 1471 κατὰ

121 1492 271 1548 μέρος·
299 1495 387 1536 τῶν
415 1491 461 1536 δὲ
489 1493 677 1548 σημείων
705 1493 754 1536 τὸ
781 1493 861 1548 μὲν
890 1494 1028 1545 οὕτως
1054 1494 1136 1549 ἔχει
1164 1493 1222 1543 ὥς
1248 1495 1337 1535 τῶν
1363 1496 1468 1535 καθ’
1493 1493 1585 1536 ἕκα-

123 1559 227 1602 στόν
253 1574 294 1600 τι
320 1559 430 1612 πρὸς
457 1559 506 1601 τὸ
533 1559 755 1606 καθόλου,
795 1558 844 1602 τὸ
882 1559 929 1602 δὲ
966 1559 1024 1609 ὡς
1064 1561 1152 1601 τῶν
1187 1558 1386 1601 καθόλου
1413 1573 1455 1600 τι
1480 1559 1588 1612 πρὸς

119 1624 168 1666 τὸ
196 1623 305 1663 κατὰ
332 1621 475 1671 μέρος.
526 1624 693 1660 τούτων
722 1623 768 1660 δὲ
793 1623 841 1662 τὸ
870 1621 949 1674 ’μὲν
977 1624 1220 1675 ἀναγκαῖον
1246 1623 1500 1677 τεκμήριον,
1538 1624 1587 1666 τὸ

121 1683 168 1726 δὲ
194 1683 253 1737 μὴ
282 1683 522 1741 ἀναγκαῖον
550 1683 785 1735 ἄνώνυμόν
806 1683 893 1726 ἐστι
911 1685 1020 1728 κατὰ
1041 1685 1122 1741 τὴν
1141 1686 1371 1739 διαφοράν.
1409 1691 1586 1730 135987

120 1748 172 1792 τὰ
198 1747 283 1803 γὰρ
310 1749 514 1803 τεκμήρια
540 1747 613 1790 καὶ
642 1747 694 1790 τὰ
722 1748 865 1790 εἰκότα
893 1748 966 1792 καὶ
993 1750 1045 1792 τὰ
1073 1753 1225 1805 σημεῖα
1252 1751 1478 1804 προτάσεις
1505 1753 1586 1795 εἰσὶ

120 1812 356 1868 ῥητορικαὶ.
406 1817 509 1854 1355
522 1817 580 1853 af»
608 1813 694 1856 ἔστι
722 1813 762 1855 δ’
791 1813 1002 1866 ἀπόδειξις
1028 1814 1235 1870 ῥητορικὴ
1264 1814 1516 1871 ἐνθύμημα,
1546 1833 1581 1858 v.

119 1880 254 1920 Probl.
285 1878 432 1929 XVIII,
461 1882 499 1918 3.
550 1879 672 1921 Rhet.
693 1880 728 1919 11
753 1894 788 1921 c.
814 1883 988 1921 22—24.
1042 1881 1210 1934 Trdlbg.
1245 1883 1297 1922 de
1329 1895 1392 1925 an.
1423 1897 1464 1936 p.
1490 1885 1584 1925 405.

120 1945 191 1985 lul.
235 1945 380 1985 Pacius
421 1944 472 1983 de
505 1944 806 1996 enthymemate
849 1945 1025 1986 conferri
1066 1946 1178 1985 iubet
1223 1946 1391 1998 Quintil.
1434 1947 1494 1996 V,
1533 1950 1586 1987 10

120 2014 163 2050 et
195 2011 262 2049 14.

65 2086 217 2126 70a19
243 2082 293 2125 τὸ
319 2082 400 2136 μὲν
427 2083 481 2124 οὐ
508 2080 695 2136 λέγουσι.
741 2083 1060 2138 Propositionem
1082 2086 1278 2127 minorem
1303 2086 1431 2137 (ΒΓ)
1459 2087 1581 2129 silen-

118 2149 176 2189 tio
203 2154 486 2201 praetereunt,
519 2150 668 2200 quippe
696 2161 799 2200 quae
825 2149 1081 2202 intelligatur.

66 2226 215 2264 70a29
241 2224 410 2272 ἄλυτος.
459 2224 598 2264 13521)
612 2226 663 2263 17
690 2222 829 2275 μόνον
854 2222 938 2277 γὰρ
966 2223 1036 2273 (τὸ
1063 2224 1314 2278 τεκμήριον)
1342 2223 1398 2266 ἂν
1424 2225 1581 2280 ἀληθὲς

117 2283 172 2340 ᾖ,
199 2288 362 2330 ἄλυτόν
388 2286 515 2330 ἐστιν.
555 2288 612 2328 lb.
639 2302 699 2330 vs,
722 2290 774 2328 14
791 2294 926 2329 autem
955 2291 1060 2341 quod
1088 2290 1128 2329 in
1157 2290 1331 2331 secunda
1359 2291 1489 2345 figura
1508 2307 1582 2346 per

118 2355 296 2407 σημεῖον
321 2354 522 2406 colligitur
549 2351 859 2406 ἀσυλλόγιστον
884 2355 1006 2404 dicit,
1035 2355 1126 2406 quia
1153 2367 1231 2395 non
1259 2357 1487 2396 necessario
1512 2370 1580 2397 ve-

119 2432 209 2459 rum
237 2423 314 2462 est.
371 2419 488 2469 Quod
516 2419 556 2458 in
582 2419 711 2470 prima
738 2419 866 2470 figura
893 2419 1050 2472 cogitur
1077 2432 1152 2471 per
1180 2414 1371 2472 σημεῖον,
1401 2421 1458 2471 id,
1488 2422 1581 2473 qnia

118 2496 281 2537 semper
306 2497 446 2524 verum
475 2487 551 2531 est,
580 2485 743 2536 proprie
770 2483 995 2536 appellatur
1021 2483 1266 2537 τεκμήριον,
1295 2486 1403 2537 quod
1425 2499 1523 2527 vero
1541 2488 1581 2527 in

116 2549 308 2600 reliquis,
348 2561 470 2600 quum
511 2547 610 2588 solvi
638 2548 765 2600 possit
802 2553 846 2588 et
882 2549 1089 2602 redargui,
1124 2550 1223 2591 nihil
1260 2550 1423 2602 quidem
1457 2550 1580 2591 habet

117 2614 359 2661 necessarii,
412 2611 484 2652 sed
523 2613 607 2651 veri
646 2613 777 2653 simile
815 2617 888 2654 est.
961 2612 1087 2654 Cuius
1132 2614 1192 2654 rei
1237 2627 1398 2655 causam
1434 2615 1581 2658 indicat

117 2689 176 2717 vs.
195 2681 245 2716 31
266 2692 353 2731 sq.:
383 2691 471 2717 nam
503 2678 543 2717 in
570 2677 688 2717 tertia
708 2677 850 2729 figura,
879 2691 1003 2730 quum
1026 2679 1228 2718 conclusio
1250 2692 1327 2721 non
1348 2680 1401 2719 sit
1419 2680 1580 2721 univer-

119 2742 238 2791 salis,
275 2756 352 2783 non
395 2743 551 2794 cogitur
589 2743 628 2781 id
658 2743 789 2794 ipsum
817 2743 923 2794 quod
952 2743 1132 2783 volumus
1171 2740 1241 2791 (τὸ
1276 2746 1499 2797 πρᾶγμα),
1537 2745 1576 2785 ἰη

160 2806 185 2837 l.
1327 2807 1374 2842 35
