1734 3100
199 186 278 228 454
718 190 972 235 analytica
1005 190 1171 236 priora.

252 296 303 324 ex
328 284 377 324 lis
404 285 564 337 quidem
590 284 689 335 ipsis
717 297 817 336 quae
843 287 1055 327 sumsimus
1082 298 1163 327 non*
1186 288 1233 327 fit
1252 284 1518 339 syllogismus,
1545 300 1677 339 quam-

253 340 369 398 quam
397 348 595 399 colligitur
622 347 770 397 aliquid
798 350 904 399 quod
932 351 1157 393 necessario
1185 350 1437 402 consequitur
1461 355 1501 390 et
1524 351 1574 389 fit
1602 350 1680 402 syl-

252 409 442 462 logismus
478 422 552 461 per
587 410 787 461 ambages,
824 412 863 450 h.
898 426 931 451 e.
971 425 1203 463 quamquam
1239 425 1315 452 non
1350 414 1396 451 fit
1433 414 1680 465 syllogismus

252 476 363 511 recta
390 472 465 520 via,
500 476 632 511 tamen
659 471 896 523 περαίνεται
924 488 985 514 m:
1022 488 1110 514 nam
1139 480 1184 514 ut
1211 476 1421 528 opponitur
1453 474 1500 524 ‘td
1532 476 1681 515 συλλο-

254 533 447 585 γίζεσθαι
473 538 531 586 τῷ
559 535 834 585 περαίνεσθαι
862 541 916 583 (v,
937 539 989 575 4⁷
998 539 1079 576 2123
1102 549 1187 588 sqq.
1228 543 1268 576 e't
1291 551 1395 588 -quae
1429 536 1600 578 diximus
1632 539 1681 577 ad

253 597 399 634 41239
423 601 555 646 extu),
595 600 653 637 sic
691 605 829 638 nostro
865 600 952 638 loco
990 598 1030 648 ἐξ
1059 599 1200 662 αὐτῶν
1236 598 1313 650 μὲν
1346 600 1512 642 τούτων
1547 599 1683 648 οὐδεὶς

251 656 412 709 γίνεται
450 661 730 712 συλλογισμός
765 667 804 700 et
839 660 1002 712 ἀνάγκη
1039 660 1083 702 δὲ
1225 663 1357 713 Quare
1385 677 1441 702 vs.
1472 667 1522 704 21
1550 663 1681 716 ἄναγ-

252 719 375 767 καίας
398 722 620 763 Alexander
646 729 756 763 recte
784 725 955 775 explicat
982 737 1053 775 per
1080 726 1408 779 συλλογιστικῆς,
1434 728 1474 767 h.
1501 741 1537 766 e.
1567 728 1682 801 aliam

253 785 352 823 viam
381 798 497 836 quam
525 790 672 824 rectam
702 787 936 838 investigare
964 787 1204 826 debebimus.

310 887 409 940 Cap.
428 889 493 929 29.
534 888 701 927 Eadem
727 890 947 928 terminum
973 889 1152 929 medium
1179 890 1418 930 inveniendi
1429 892 1538 930 ratio
1559 892 1684 931 etiam

199 951 245 989 in
273 950 324 989 iis
350 951 594 1002 syllogismis
622 951 776 990 obtinet
812 952 883 1004 qui
919 951 975 991 ad
1012 952 1232 992 absurdum
1268 952 1490 1001 deducunt,
1529 956 1614 993 b15
1644 958 1682 992 et

200 1013 245 1051 in
280 1013 449 1065 reliquis
485 1013 728 1065 syllogismis
763 1015 1047 1067 hypotheticis,
1086 1017 1138 1054 21
1177 1020 1219 1054 et
1253 1015 1299 1054 in
1334 1017 1386 1054 iis
1422 1017 1572 1069 quide
1597 1023 1684 1056 toto

202 1075 400 1127 colligunt
428 1073 469 1124 ἐξ
495 1075 752 1125 ὑποθέσεως,
788 1077 896 1131 quod
922 1091 1004 1125 non
1031 1079 1114 1117 m‘si
1139 1077 1192 1116 de
1219 1083 1344 1130 parte
1370 1092 1416 1117 re
1442 1092 1543 1118 vera
1570 1081 1681 1132 cogi-

199 1142 280 1176 tur.
336 1141 389 1177 28
427 1138 594 1177 Eadem
620 1141 730 1178 ratio
769 1142 846 1179 erit
873 1142 1197 1192 syllogismorum
1224 1143 1557 1190 necessariorum,
1593 1155 1683 1194 pos-

199 1200 379 1240 sibilium
408 1206 449 1240 et
475 1202 747 1253 simplicium:
787 1206 838 1241 36
866 1203 977 1242 unde
1001 1208 1122 1255 patet
1151 1216 1307 1242 omnem
1334 1204 1405 1256 qui
1427 1206 1535 1257 fieri
1554 1206 1684 1256 possit

197 1263 476 1314 syllogismum
503 1264 582 1303 hac
609 1264 919 1319 demonstrandi
944 1267 1107 1305 ratione
1135 1267 1350 1304 contineri.

199 1348 345 1387 45a26
382 1350 492 1399 Quae
513 1354 629 1388 recta
654 1350 713 1387 via
741 1350 1060 1396 demonstrantur
1087 1363 1133 1388 ea
1161 1349 1301 1387 iisdem
1329 1349 1503 1388 terminis
1529 1349 1686 1389 adhibi-

251 1411 305 1450 tis
345 1412 463 1450 etiam
501 1425 575 1463 per
611 1412 885 1450 deductionem
923 1412 972 1450 ad
1014 1412 1227 1451 absurdum
1263 1412 1480 1463 probantur
1523 1417 1563 1451 et
1599 1413 1686 1452 vice

228 1485 380 1513 vversa.
446 1474 625 1524 Pugnare
660 1475 736 1512 hoc
771 1475 924 1511 videtur
963 1487 1051 1512 cum
1087 1475 1134 1512 iis
1172 1488 1272 1524 quae
1312 1487 1428 1524 supra
1456 1475 1684 1514 habuimus:

252 1546 344 1573 nam
382 1535 634 1587 syllogismos
672 1535 708 1573 ΙΙ
729 1530 765 1574 δ’
792 1540 833 1574 et
861 1535 911 1573 Ill
933 1530 963 1574 ε’
998 1541 1106 1574 recta
1142 1534 1394 1582 (δεικτικῶς)
1424 1536 1684 1575 demonstrari

248 1610 327 1637 non
364 1610 483 1649 posse
521 1610 640 1647 supra
675 1598 852 1636 tradidit.
917 1598 1086 1636 Tollitur
1124 1598 1336 1637 difficultas
1366 1610 1428 1646 eo,
1466 1600 1570 1649 quod
1608 1599 1685 1638 hoc

250 1659 340 1698 loco
366 1671 444 1698 non
472 1659 603 1710 agitur
632 1661 682 1698 de
710 1660 871 1711 singulis
900 1661 1028 1698 modis
1057 1661 1386 1712 syllogismorum,
1423 1661 1495 1699 sed
1531 1661 1584 1700 de
1619 1674 1684 1700 ra-

250 1721 360 1761 tione
395 1734 473 1772 qua
507 1722 728 1760 inveniatur
763 1723 915 1760 medius
953 1723 1156 1761 terminus.
1223 1723 1311 1761 Hoc
1346 1726 1409 1762 est
1446 1722 1548 1760 enim
1577 1723 1685 1773 quod

250 1785 434 1835 exposuit
463 1796 547 1834 cap.
574 1785 639 1831 28,
680 1784 721 1822 in
748 1797 825 1834 quo
852 1798 929 1824 non
957 1785 1033 1823 nisi
1070 1786 1120 1824 de
1161 1785 1259 1824 binis
1299 1785 1535 1837 syllogismis
1575 1785 1683 1835 prio-

248 1848 357 1887 ribus
379 1846 552 1885 omnium
573 1846 787 1896 figurarum
815 1860 944 1886 sermo
973 1851 1055 1886 est:
1085 1860 1205 1897 quare
1231 1848 1308 1886 iam
1337 1860 1412 1886 non
1440 1848 1480 1885 id
1499 1847 1579 1898 agit
1596 1847 1685 1886 Ari-

248 1908 430 1956 stoteles,
470 1911 514 1945 ut
538 1909 681 1957 probet
707 1913 815 1947 recta
851 1911 911 1948 via
938 1910 1200 1948 demonstrari
1237 1922 1490 1960 quaecunque
1516 1922 1588 1960 per
1615 1910 1684 1948 de-

248 1971 477 2010 ductionem
515 1970 565 2008 ad
603 1971 814 2009 absurdum
843 1972 1162 2009 demonstrentur
1198 1976 1239 2010 et
1263 1972 1351 2010 ‘vice
1376 1984 1506 2020 versa,
1546 1971 1617 2010 sed
1647 1972 1684 2010 ei

248 2033 498 2085 propositum
518 2036 593 2080 est,
621 2036 664 2070 ut
683 2033 824 2071 doceat
843 2034 983 2072 iisdem
1011 2034 1186 2072 terminis
1214 2034 1324 2073 nobis
1353 2046 1450 2084 opus
1469 2046 1575 2082 esse,
1601 2034 1685 2072 sive

247 2100 358 2135 recta
394 2096 670 2133 demonstrare
708 2095 853 2146 aliquid
890 2096 1056 2135 velimus
1095 2096 1178 2134 sive
1213 2096 1451 2136 deductione
1489 2096 1593 2135 facta
1635 2096 1683 2134 ad

250 2158 479 2205 absurdum,
506 2170 541 2195 v.
566 2169 623 2195 vs.
645 2159 696 2195 36
717 2170 802 2207 sqq.

197 2223 338 2260 45231
368 2218 511 2259 οὐδενὶ
538 2218 803 2273 ὑπῆρχενιὴ.
831 2233 867 2259 e.
898 2221 935 2259 Β
962 2221 1013 2259 de
1039 2221 1146 2260 nullo
1173 2222 1215 2261 E
1239 2220 1559 2273 praedicabatur:
1594 2233 1683 2260 nam

249 2288 293 2323 ut
331 2285 670 2322 demonstraretur
708 2284 749 2322 A
784 2284 1004 2335 praedicari
1041 2284 1091 2322 de
1129 2285 1235 2324 nullo
1274 2285 1335 2331 E,
1385 2284 1479 2334 poni
1515 2283 1682 2323 debebat

251 2348 439 2393 (442225)
470 2347 506 2385 Β
524 2363 584 2377 =
611 2347 658 2394 Θ,
688 2346 793 2398 quod
821 2358 897 2385 non
924 2346 1175 2397 praedicatur
1203 2348 1253 2387 de
1279 2347 1445 2386 termino
1473 2345 1524 2385 E.

197 2412 343 2449 45233
370 2408 497 2449 παντὶ
524 2408 712 2462 ὑπῆρχεν
738 2409 805 2458 (τὸ
832 2410 874 2448 Α
899 2413 958 2461 τῷ
987 2409 1039 2449 Η
1059 2410 1230 2458 intell.):
1268 2423 1355 2448 nam
1392 2412 1437 2448 ut
1462 2409 1503 2447 A
1530 2409 1580 2447 de
1607 2408 1680 2446 ali-

248 2486 326 2524 quo
378 2474 420 2512 E
463 2474 684 2524 praedicari
728 2473 1002 2526 colligeretur,
1059 2473 1153 2511 dare
1209 2472 1446 2511 debebamus
1486 2471 1528 2511 Γ
1548 2486 1610 2503 --·
1638 2470 1690 2509 H

252 2537 453 2581 (441120).

198 2599 341 2637 45a38
367 2595 413 2638 ἐκ
439 2596 522 2650 γὰρ
548 2597 635 2639 τῶν
663 2628 672 2638 .
696 2629 706 2640 .
733 2628 743 2638 .
808 2598 1000 2638 Continuo
1037 2597 1322 2638 demonstratio
1350 2598 1391 2636 et
1416 2595 1604 2636 deductio
1631 2596 1680 2635 ad

250 2661 464 2701 absurdum
499 2663 616 2701 modo
653 2661 946 2701 demonstrandi
984 2661 1143 2712 quidem
1177 2659 1386 2708 differunt,
1424 2659 1679 2698 terminorum

253 2735 347 2763 vero
373 2724 507 2764 habita
531 2725 684 2765 ratione
711 2728 751 2763 et
775 2724 1097 2777 propositionum,
1125 2734 1173 2763 ex
1201 2723 1343 2774 quibus
1364 2723 1478 2772 fiunt,
1505 2734 1582 2763 uon
1603 2719 1679 2760 dif-
