<?xml version="1.0" encoding="UTF-8"?>
<!DOCTYPE html PUBLIC "-//W3C//DTD XHTML 1.0 Transitional//EN"
    "http://www.w3.org/TR/xhtml1/DTD/xhtml1-transitional.dtd">
<html xmlns="http://www.w3.org/1999/xhtml" xml:lang="en" lang="en">
 <head>
  <title>
</title>
<meta http-equiv="Content-Type" content="text/html;charset=utf-8" />
  <meta name='ocr-system' content='tesseract 3.04.00' />
  <meta name='ocr-capabilities' content='ocr_page ocr_carea ocr_par ocr_line ocrx_word'/>
</head>
<body>
  <div class='ocr_page' id='page_1' title='image "aristotelisorgan01arisuoft_0198.png"; bbox 0 0 1826 3112; ppageno 0'>
   <div class='ocr_carea' id='block_1_1' title="bbox 316 197 1236 236">
    <p class='ocr_par' dir='ltr' id='par_1_1' title="bbox 316 197 1236 236">
     <span class='ocr_line' id='line_1_1' title="bbox 316 197 1236 236; baseline 0.003 -7"><span class='ocrx_word' id='word_1_1' title='bbox 316 197 395 236; x_wconf 73' lang='lat'><strong>164</strong></span> <span class='ocrx_word' id='word_1_2' title='bbox 831 198 1236 232; x_wconf 74' lang='grc' dir='ltr'><em>ΑΝΑΛΤΤΙΚΩΝ</em></span> 
     </span>
    </p>
   </div>
   <div class='ocr_carea' id='block_1_2' title="bbox 267 291 1747 2468">
    <p class='ocr_par' dir='ltr' id='par_1_2' title="bbox 267 291 1743 1279">
     <span class='ocr_line' id='line_1_2' title="bbox 317 291 1738 375; baseline 0.001 -34"><span class='ocrx_word' id='word_1_3' title='bbox 317 293 508 356; x_wconf 89' lang='grc' dir='ltr'><strong><em>ἀνάγκης</em></strong></span> <span class='ocrx_word' id='word_1_4' title='bbox 523 291 575 339; x_wconf 84' lang='grc' dir='ltr'><strong><em>τὸ</em></strong></span> <span class='ocrx_word' id='word_1_5' title='bbox 597 292 741 340; x_wconf 84' lang='grc' dir='ltr'><strong><em>Α·τὸ</em></strong></span> <span class='ocrx_word' id='word_1_6' title='bbox 763 291 845 354; x_wconf 78' lang='grc' dir='ltr'><strong><em>γὰρ</em></strong></span> <span class='ocrx_word' id='word_1_7' title='bbox 859 297 896 375; x_wconf 89' lang='grc' dir='ltr'><strong><em>Β</em></strong></span> <span class='ocrx_word' id='word_1_8' title='bbox 909 291 999 341; x_wconf 85' lang='grc' dir='ltr'><strong><em>ὑπὸ</em></strong></span> <span class='ocrx_word' id='word_1_9' title='bbox 1011 294 1061 340; x_wconf 88' lang='grc' dir='ltr'><strong><em>τὸ</em></strong></span> <span class='ocrx_word' id='word_1_10' title='bbox 1079 295 1254 342; x_wconf 79' lang='grc' dir='ltr'><strong><em>Γέστίν.</em></strong></span> <span class='ocrx_word' id='word_1_11' title='bbox 1280 295 1317 342; x_wconf 79' lang='grc' dir='ltr'><strong><em>εἰ</em></strong></span> <span class='ocrx_word' id='word_1_12' title='bbox 1329 295 1375 342; x_wconf 71' lang='grc' dir='ltr'><strong><em>δὲ</em></strong></span> <span class='ocrx_word' id='word_1_13' title='bbox 1386 292 1437 341; x_wconf 86' lang='grc' dir='ltr'><strong><em>τὸ</em></strong></span> <span class='ocrx_word' id='word_1_14' title='bbox 1450 293 1738 358; x_wconf 70' lang='grc' dir='ltr'><strong><em>κατηγορικὸν</em></strong></span> 
     </span>
     <span class='ocr_line' id='line_1_3' title="bbox 317 357 1738 422; baseline -0.001 -15"><span class='ocrx_word' id='word_1_15' title='bbox 317 360 554 422; x_wconf 87' lang='grc' dir='ltr'><strong><em>ἀναγκαῖον</em></strong></span> <span class='ocrx_word' id='word_1_16' title='bbox 563 393 576 415; x_wconf 91' lang='grc'><strong><em>,</em></strong></span> <span class='ocrx_word' id='word_1_17' title='bbox 609 357 694 405; x_wconf 79' lang='grc' dir='ltr'><strong><em>οὐκ</em></strong></span> <span class='ocrx_word' id='word_1_18' title='bbox 706 359 819 405; x_wconf 75' lang='grc' dir='ltr'><strong><em>ἔσται</em></strong></span> <span class='ocrx_word' id='word_1_19' title='bbox 837 358 889 406; x_wconf 74' lang='lat' dir='ltr'><strong><em>vd</em></strong></span> <span class='ocrx_word' id='word_1_20' title='bbox 903 361 1193 422; x_wconf 80' lang='grc' dir='ltr'>συμπέρασμα</span> <span class='ocrx_word' id='word_1_21' title='bbox 1207 360 1452 422; x_wconf 81' lang='grc' dir='ltr'><strong><em>ἀναγκαῖον.</em></strong></span> <span class='ocrx_word' id='word_1_22' title='bbox 1479 361 1583 407; x_wconf 74' lang='grc' dir='ltr'><strong><em>ἔστω</em></strong></span> <span class='ocrx_word' id='word_1_23' title='bbox 1594 359 1675 422; x_wconf 74' lang='grc' dir='ltr'><strong><em>γάρ</em></strong></span> <span class='ocrx_word' id='word_1_24' title='bbox 1687 359 1738 407; x_wconf 79' lang='grc' dir='ltr'><strong><em>τό</em></strong></span> 
     </span>
     <span class='ocr_line' id='line_1_4' title="bbox 278 424 1737 510; baseline -0.001 -37"><span class='ocrx_word' id='word_1_25' title='bbox 278 446 288 451; x_wconf 52' lang='grc'><em>“</em></span> <span class='ocrx_word' id='word_1_26' title='bbox 315 431 401 473; x_wconf 88' lang='grc' dir='ltr'><strong><em>ΒΓ</em></strong></span> <span class='ocrx_word' id='word_1_27' title='bbox 412 424 697 488; x_wconf 78' lang='grc' dir='ltr'><strong><em>κατηγορικὸν</em></strong></span> <span class='ocrx_word' id='word_1_28' title='bbox 715 427 786 471; x_wconf 88' lang='grc' dir='ltr'><strong><em>καὶ</em></strong></span> <span class='ocrx_word' id='word_1_29' title='bbox 807 425 1145 488; x_wconf 84' lang='grc' dir='ltr'><strong><em>ἀναγκαῖον,τὸ</em></strong></span> <span class='ocrx_word' id='word_1_30' title='bbox 1163 429 1208 473; x_wconf 69' lang='grc' dir='ltr'><strong><em>δὲ</em></strong></span> <span class='ocrx_word' id='word_1_31' title='bbox 1222 431 1306 473; x_wconf 89' lang='grc' dir='ltr'><strong><em>ΑΓ</em></strong></span> <span class='ocrx_word' id='word_1_32' title='bbox 1320 425 1571 510; x_wconf 76' lang='grc' dir='ltr'><strong><em>στερητικὸν</em></strong></span> <span class='ocrx_word' id='word_1_33' title='bbox 1592 429 1665 472; x_wconf 89' lang='grc' dir='ltr'><strong><em>καὶ</em></strong></span> <span class='ocrx_word' id='word_1_34' title='bbox 1676 425 1737 488; x_wconf 82' lang='grc' dir='ltr'><strong><em>μὴ</em></strong></span> 
     </span>
     <span class='ocr_line' id='line_1_5' title="bbox 267 486 1739 554; baseline -0.001 -14"><span class='ocrx_word' id='word_1_35' title='bbox 267 513 302 540; x_wconf 71' lang='lat'><strong><em>40</em></strong></span> <span class='ocrx_word' id='word_1_36' title='bbox 319 492 565 554; x_wconf 82' lang='grc' dir='ltr'><strong><em>ἀναγκαῖον.</em></strong></span> <span class='ocrx_word' id='word_1_37' title='bbox 595 492 683 537; x_wconf 77' lang='grc' dir='ltr'><strong><em>ἐπεὶ</em></strong></span> <span class='ocrx_word' id='word_1_38' title='bbox 707 486 790 538; x_wconf 82' lang='grc' dir='ltr'><strong><em>οὖν</em></strong></span> <span class='ocrx_word' id='word_1_39' title='bbox 803 491 1067 554; x_wconf 84' lang='grc' dir='ltr'><strong><em>ἀντιστρέφει</em></strong></span> <span class='ocrx_word' id='word_1_40' title='bbox 1080 493 1129 540; x_wconf 86' lang='grc' dir='ltr'><strong><em>τὸ</em></strong></span> <span class='ocrx_word' id='word_1_41' title='bbox 1141 493 1450 553; x_wconf 83' lang='grc' dir='ltr'><strong><em>καταφατικόν,</em></strong></span> <span class='ocrx_word' id='word_1_42' title='bbox 1472 491 1655 552; x_wconf 78' lang='grc' dir='ltr'><strong><em>υπάρξει</em></strong></span> <span class='ocrx_word' id='word_1_43' title='bbox 1667 494 1739 538; x_wconf 87' lang='grc' dir='ltr'><strong><em>καὶ</em></strong></span> 
     </span>
     <span class='ocr_line' id='line_1_6' title="bbox 316 556 1739 622; baseline -0.001 -17"><span class='ocrx_word' id='word_1_44' title='bbox 316 557 367 605; x_wconf 80' lang='grc' dir='ltr'><strong><em>τό</em></strong></span> <span class='ocrx_word' id='word_1_45' title='bbox 390 559 523 604; x_wconf 86' lang='grc' dir='ltr'><strong><em>Γτινὶ</em></strong></span> <span class='ocrx_word' id='word_1_46' title='bbox 534 562 596 602; x_wconf 68' lang='lat' dir='ltr'><strong><em>vd</em></strong></span> <span class='ocrx_word' id='word_1_47' title='bbox 612 561 647 602; x_wconf 93' lang='grc' dir='ltr'><strong><em>Β</em></strong></span> <span class='ocrx_word' id='word_1_48' title='bbox 671 556 763 613; x_wconf 78' lang='grc' dir='ltr'><strong><em>ἐξ’</em></strong></span> <span class='ocrx_word' id='word_1_49' title='bbox 734 558 936 621; x_wconf 86' lang='grc' dir='ltr'><strong><em>ανάγκης,</em></strong></span> <span class='ocrx_word' id='word_1_50' title='bbox 960 558 1057 606; x_wconf 76' lang='grc' dir='ltr'><strong><em>ὥστ’</em></strong></span> <span class='ocrx_word' id='word_1_51' title='bbox 1079 562 1116 607; x_wconf 82' lang='grc' dir='ltr'><strong><em>εἰ</em></strong></span> <span class='ocrx_word' id='word_1_52' title='bbox 1133 559 1183 606; x_wconf 88' lang='grc' dir='ltr'>τό</span> <span class='ocrx_word' id='word_1_53' title='bbox 1204 561 1280 620; x_wconf 70' lang='grc' dir='ltr'><strong><em>μὲν</em></strong></span> <span class='ocrx_word' id='word_1_54' title='bbox 1299 564 1335 605; x_wconf 91' lang='grc' dir='ltr'><em>Α</em></span> <span class='ocrx_word' id='word_1_55' title='bbox 1356 560 1505 622; x_wconf 82' lang='grc' dir='ltr'><strong><em>μηδενὶ</em></strong></span> <span class='ocrx_word' id='word_1_56' title='bbox 1526 563 1613 605; x_wconf 76' lang='grc' dir='ltr'><strong><em>τῶν</em></strong></span> <span class='ocrx_word' id='word_1_57' title='bbox 1633 562 1677 604; x_wconf 92' lang='grc' dir='ltr'>Γ</span> <span class='ocrx_word' id='word_1_58' title='bbox 1689 556 1739 604; x_wconf 84' lang='grc' dir='ltr'><strong><em>τὸ</em></strong></span> 
     </span>
     <span class='ocr_line' id='line_1_7' title="bbox 278 622 1743 687; baseline 0.001 -19"><span class='ocrx_word' id='word_1_59' title='bbox 278 637 301 668; x_wconf 81' lang='lat' dir='ltr'><strong>h</strong></span> <span class='ocrx_word' id='word_1_60' title='bbox 318 626 365 671; x_wconf 74' lang='grc' dir='ltr'><strong><em>δὲ</em></strong></span> <span class='ocrx_word' id='word_1_61' title='bbox 379 629 424 670; x_wconf 91' lang='grc' dir='ltr'>Γ</span> <span class='ocrx_word' id='word_1_62' title='bbox 435 625 517 669; x_wconf 85' lang='grc' dir='ltr'><strong><em>τινὶ</em></strong></span> <span class='ocrx_word' id='word_1_63' title='bbox 533 628 618 669; x_wconf 78' lang='grc' dir='ltr'><strong><em>τῶν</em></strong></span> <span class='ocrx_word' id='word_1_64' title='bbox 636 627 686 680; x_wconf 90' lang='grc' dir='ltr'><strong><em>Β,</em></strong></span> <span class='ocrx_word' id='word_1_65' title='bbox 706 623 756 670; x_wconf 86' lang='grc' dir='ltr'><strong><em>τὸ</em></strong></span> <span class='ocrx_word' id='word_1_66' title='bbox 775 629 812 670; x_wconf 88' lang='grc' dir='ltr'><em>Α</em></span> <span class='ocrx_word' id='word_1_67' title='bbox 832 628 913 672; x_wconf 89' lang='grc' dir='ltr'><strong><em>τινὶ</em></strong></span> <span class='ocrx_word' id='word_1_68' title='bbox 930 644 1018 672; x_wconf 86' lang='grc' dir='ltr'><strong><em>των</em></strong></span> <span class='ocrx_word' id='word_1_69' title='bbox 1039 630 1075 672; x_wconf 90' lang='grc' dir='ltr'><strong><em>Β</em></strong></span> <span class='ocrx_word' id='word_1_70' title='bbox 1099 625 1181 687; x_wconf 79' lang='grc' dir='ltr'><strong><em>οὐχ</em></strong></span> <span class='ocrx_word' id='word_1_71' title='bbox 1213 625 1416 684; x_wconf 78' lang='grc' dir='ltr'><strong><em>ὑπάρξει·</em></strong></span> <span class='ocrx_word' id='word_1_72' title='bbox 1456 623 1550 670; x_wconf 79' lang='grc' dir='ltr'><strong><em>ἀλλ’</em></strong></span> <span class='ocrx_word' id='word_1_73' title='bbox 1580 642 1667 670; x_wconf 88' lang='grc' dir='ltr'><strong><em>ουκ</em></strong></span> <span class='ocrx_word' id='word_1_74' title='bbox 1699 622 1743 679; x_wconf 78' lang='grc' dir='ltr'><strong><em>ἐξ</em></strong></span> 
     </span>
     <span class='ocr_line' id='line_1_8' title="bbox 319 689 1740 757; baseline 0 -21"><span class='ocrx_word' id='word_1_75' title='bbox 319 689 529 752; x_wconf 82' lang='grc' dir='ltr'><strong><em>ἀνάγκης·</em></strong></span> <span class='ocrx_word' id='word_1_76' title='bbox 563 690 772 736; x_wconf 78' lang='grc' dir='ltr'><strong><em>δέδεικται</em></strong></span> <span class='ocrx_word' id='word_1_77' title='bbox 798 690 881 752; x_wconf 82' lang='grc' dir='ltr'><strong><em>γάρ</em></strong></span> <span class='ocrx_word' id='word_1_78' title='bbox 904 693 948 738; x_wconf 82' lang='grc' dir='ltr'><strong><em>ἐν</em></strong></span> <span class='ocrx_word' id='word_1_79' title='bbox 969 697 1031 757; x_wconf 77' lang='grc' dir='ltr'><strong><em>τῷ</em></strong></span> <span class='ocrx_word' id='word_1_80' title='bbox 1050 693 1204 757; x_wconf 79' lang='grc' dir='ltr'><strong><em>πρώτω</em></strong></span> <span class='ocrx_word' id='word_1_81' title='bbox 1224 691 1408 754; x_wconf 72' lang='grc' dir='ltr'><strong><em>σχήματι</em></strong></span> <span class='ocrx_word' id='word_1_82' title='bbox 1438 689 1503 737; x_wconf 83' lang='grc' dir='ltr'><strong><em>ὅτι</em></strong></span> <span class='ocrx_word' id='word_1_83' title='bbox 1536 695 1617 753; x_wconf 77' lang='grc' dir='ltr'><strong><em>τῆς</em></strong></span> <span class='ocrx_word' id='word_1_84' title='bbox 1643 701 1740 736; x_wconf 87' lang='grc' dir='ltr'><strong><em>στε-</em></strong></span> 
     </span>
     <span class='ocr_line' id='line_1_9' title="bbox 318 755 1739 842; baseline -0.001 -40"><span class='ocrx_word' id='word_1_85' title='bbox 318 761 500 819; x_wconf 77' lang='grc' dir='ltr'><strong><em>ρητικῆς</em></strong></span> <span class='ocrx_word' id='word_1_86' title='bbox 521 755 769 815; x_wconf 76' lang='grc' dir='ltr'><strong><em>προτάσεως</em></strong></span> <span class='ocrx_word' id='word_1_87' title='bbox 780 756 839 820; x_wconf 81' lang='grc' dir='ltr'><strong><em>μὴ</em></strong></span> <span class='ocrx_word' id='word_1_88' title='bbox 855 757 1091 819; x_wconf 78' lang='grc' dir='ltr'><strong><em>ἀναγκαίας</em></strong></span> <span class='ocrx_word' id='word_1_89' title='bbox 1093 758 1266 842; x_wconf 80' lang='grc' dir='ltr'><strong><em>οὔσης</em></strong></span> <span class='ocrx_word' id='word_1_90' title='bbox 1256 757 1362 804; x_wconf 83' lang='grc' dir='ltr'><strong><em>ου’δε</em></strong></span> <span class='ocrx_word' id='word_1_91' title='bbox 1379 756 1429 803; x_wconf 80' lang='grc' dir='ltr'><strong><em>τὸ</em></strong></span> <span class='ocrx_word' id='word_1_92' title='bbox 1449 757 1739 816; x_wconf 79' lang='grc' dir='ltr'><strong><em>συμπέρασμα</em></strong></span> 
     </span>
     <span class='ocr_line' id='line_1_10' title="bbox 318 820 1736 885; baseline -0.001 -18"><span class='ocrx_word' id='word_1_93' title='bbox 318 821 688 882; x_wconf 85' lang='grc' dir='ltr'><strong><em>εσταιάναγκαῖον.</em></strong></span> <span class='ocrx_word' id='word_1_94' title='bbox 710 842 768 869; x_wconf 86' lang='grc' dir='ltr'><strong><em>ετι</em></strong></span> <span class='ocrx_word' id='word_1_95' title='bbox 790 842 872 870; x_wconf 84' lang='grc' dir='ltr'><strong><em>καν</em></strong></span> <span class='ocrx_word' id='word_1_96' title='bbox 892 823 963 870; x_wconf 79' lang='grc' dir='ltr'><strong><em>διά</em></strong></span> <span class='ocrx_word' id='word_1_97' title='bbox 984 829 1069 870; x_wconf 81' lang='grc' dir='ltr'><strong><em>τῶν</em></strong></span> <span class='ocrx_word' id='word_1_98' title='bbox 1090 823 1204 884; x_wconf 83' lang='grc' dir='ltr'><strong><em>ὅρων</em></strong></span> <span class='ocrx_word' id='word_1_99' title='bbox 1223 826 1288 885; x_wconf 79' lang='grc' dir='ltr'><strong><em>εἴη</em></strong></span> <span class='ocrx_word' id='word_1_100' title='bbox 1306 822 1509 882; x_wconf 87' lang='grc' dir='ltr'><strong><em>φανερόν.</em></strong></span> <span class='ocrx_word' id='word_1_101' title='bbox 1530 823 1635 868; x_wconf 79' lang='grc' dir='ltr'><strong><em>ἔστω</em></strong></span> <span class='ocrx_word' id='word_1_102' title='bbox 1655 820 1736 882; x_wconf 78' lang='grc' dir='ltr'><strong><em>γάρ</em></strong></span> 
     </span>
     <span class='ocr_line' id='line_1_11' title="bbox 287 885 1740 970; baseline -0.002 -35"><span class='ocrx_word' id='word_1_103' title='bbox 287 887 370 935; x_wconf 81' lang='grc' dir='ltr'><strong><em>5τὸ</em></strong></span> <span class='ocrx_word' id='word_1_104' title='bbox 401 890 478 970; x_wconf 85' lang='grc' dir='ltr'><strong><em>μεν</em></strong></span> <span class='ocrx_word' id='word_1_105' title='bbox 509 892 546 934; x_wconf 93' lang='lat' dir='ltr'><em>A</em></span> <span class='ocrx_word' id='word_1_106' title='bbox 576 887 768 949; x_wconf 79' lang='grc' dir='ltr'><strong><em>ἀγαθόν,</em></strong></span> <span class='ocrx_word' id='word_1_107' title='bbox 798 888 848 935; x_wconf 80' lang='grc' dir='ltr'><strong><em>τὸ</em></strong></span> <span class='ocrx_word' id='word_1_108' title='bbox 881 888 919 935; x_wconf 88' lang='grc' dir='ltr'><strong><em>δ’</em></strong></span> <span class='ocrx_word' id='word_1_109' title='bbox 942 889 1009 949; x_wconf 83' lang='grc' dir='ltr'><strong><em>ἐφ’</em></strong></span> <span class='ocrx_word' id='word_1_110' title='bbox 1032 892 1067 935; x_wconf 71' lang='lat'><strong><em>03</em></strong></span> <span class='ocrx_word' id='word_1_111' title='bbox 1094 894 1131 935; x_wconf 90' lang='grc' dir='ltr'><strong><em>Β</em></strong></span> <span class='ocrx_word' id='word_1_112' title='bbox 1155 893 1281 970; x_wconf 77' lang='grc' dir='ltr'><strong><em>ζῷον,</em></strong></span> <span class='ocrx_word' id='word_1_113' title='bbox 1302 907 1352 934; x_wconf 89' lang='grc' dir='ltr'><strong><em>το</em></strong></span> <span class='ocrx_word' id='word_1_114' title='bbox 1377 890 1422 935; x_wconf 86' lang='grc' dir='ltr'><strong><em>δε</em></strong></span> <span class='ocrx_word' id='word_1_115' title='bbox 1447 890 1648 944; x_wconf 81' lang='grc' dir='ltr'><strong><em>Γῖππος.</em></strong></span> <span class='ocrx_word' id='word_1_116' title='bbox 1690 885 1740 933; x_wconf 84' lang='grc' dir='ltr'><strong><em>τὸ</em></strong></span> 
     </span>
     <span class='ocr_line' id='line_1_12' title="bbox 318 952 1742 1019; baseline -0.001 -19"><span class='ocrx_word' id='word_1_117' title='bbox 318 972 396 1014; x_wconf 88' lang='grc' dir='ltr'><strong><em>μεν</em></strong></span> <span class='ocrx_word' id='word_1_118' title='bbox 417 972 502 1000; x_wconf 87' lang='grc' dir='ltr'><strong><em>ουν</em></strong></span> <span class='ocrx_word' id='word_1_119' title='bbox 520 952 690 1014; x_wconf 74' lang='grc' dir='ltr'><strong><em>ἀγαθὸν</em></strong></span> <span class='ocrx_word' id='word_1_120' title='bbox 710 955 917 1015; x_wconf 78' lang='grc' dir='ltr'><strong><em>ἐνδέχεται</em></strong></span> <span class='ocrx_word' id='word_1_121' title='bbox 934 957 1119 1017; x_wconf 75' lang='grc' dir='ltr'><strong><em>μηδενὶ”</em></strong></span> <span class='ocrx_word' id='word_1_122' title='bbox 1104 958 1219 1019; x_wconf 79' lang='grc' dir='ltr'><strong><em>ι’ππῳ</em></strong></span> <span class='ocrx_word' id='word_1_123' title='bbox 1239 953 1461 1015; x_wconf 81' lang='grc' dir='ltr'><strong><em>ὑπάρχειν,</em></strong></span> <span class='ocrx_word' id='word_1_124' title='bbox 1485 952 1534 1000; x_wconf 84' lang='grc' dir='ltr'><strong><em>τὸ</em></strong></span> <span class='ocrx_word' id='word_1_125' title='bbox 1557 956 1602 1000; x_wconf 87' lang='grc' dir='ltr'><strong><em>δε</em></strong></span> <span class='ocrx_word' id='word_1_126' title='bbox 1626 956 1742 1011; x_wconf 77' lang='grc' dir='ltr'><strong><em>ζῶον</em></strong></span> 
     </span>
     <span class='ocr_line' id='line_1_13' title="bbox 319 1017 1741 1103; baseline -0.001 -37"><span class='ocrx_word' id='word_1_127' title='bbox 319 1019 485 1081; x_wconf 86' lang='grc' dir='ltr'><strong><em>ἀνάγκη</em></strong></span> <span class='ocrx_word' id='word_1_128' title='bbox 513 1021 638 1064; x_wconf 85' lang='grc' dir='ltr'><strong><em>παντὶ</em></strong></span> <span class='ocrx_word' id='word_1_129' title='bbox 669 1017 903 1080; x_wconf 78' lang='grc' dir='ltr'><strong><em>ὑπάρχειν·</em></strong></span> <span class='ocrx_word' id='word_1_130' title='bbox 935 1020 1028 1067; x_wconf 80' lang='grc' dir='ltr'><strong><em>ἀλλ’</em></strong></span> <span class='ocrx_word' id='word_1_131' title='bbox 1051 1020 1136 1067; x_wconf 79' lang='grc' dir='ltr'><strong><em>οὐκ</em></strong></span> <span class='ocrx_word' id='word_1_132' title='bbox 1155 1020 1320 1084; x_wconf 87' lang='grc' dir='ltr'><strong><em>ἀνάγκη</em></strong></span> <span class='ocrx_word' id='word_1_133' title='bbox 1332 1020 1477 1103; x_wconf 76' lang='grc' dir='ltr'><strong><em>ζῷόν</em></strong></span> <span class='ocrx_word' id='word_1_134' title='bbox 1488 1038 1528 1066; x_wconf 91' lang='grc' dir='ltr'><strong><em>τι</em></strong></span> <span class='ocrx_word' id='word_1_135' title='bbox 1547 1039 1608 1082; x_wconf 85' lang='grc' dir='ltr'><strong><em>μη</em></strong></span> <span class='ocrx_word' id='word_1_136' title='bbox 1633 1037 1741 1066; x_wconf 88' lang='grc' dir='ltr'><strong><em>ειναι</em></strong></span> 
     </span>
     <span class='ocr_line' id='line_1_14' title="bbox 319 1067 1739 1148; baseline 0.001 -18"><span class='ocrx_word' id='word_1_137' title='bbox 319 1084 506 1147; x_wconf 65' lang='grc' dir='ltr'><strong><em>ἀγαθόν,</em></strong></span> <span class='ocrx_word' id='word_1_138' title='bbox 526 1086 641 1144; x_wconf 80' lang='grc' dir='ltr'><strong><em>εἴπερ</em></strong></span> <span class='ocrx_word' id='word_1_139' title='bbox 660 1085 868 1146; x_wconf 81' lang='grc' dir='ltr'><strong><em>ἐνδέχεται</em></strong></span> <span class='ocrx_word' id='word_1_140' title='bbox 887 1091 975 1134; x_wconf 83' lang='grc' dir='ltr'><strong><em>πᾶν</em></strong></span> <span class='ocrx_word' id='word_1_141' title='bbox 993 1084 1099 1134; x_wconf 79' lang='grc' dir='ltr'><strong><em>εἶναι</em></strong></span> <span class='ocrx_word' id='word_1_142' title='bbox 1119 1086 1299 1148; x_wconf 73' lang='grc' dir='ltr'><strong><em>ἀγαθόν.</em></strong></span> <span class='ocrx_word' id='word_1_143' title='bbox 1326 1106 1353 1147; x_wconf 90' lang='grc' dir='ltr'><strong><em>η</em></strong></span> <span class='ocrx_word' id='word_1_144' title='bbox 1332 1067 1405 1133; x_wconf 64' lang='grc' dir='ltr'><strong><em>Ἃέί</em></strong></span> <span class='ocrx_word' id='word_1_145' title='bbox 1420 1105 1479 1148; x_wconf 90' lang='grc' dir='ltr'><strong><em>μη</em></strong></span> <span class='ocrx_word' id='word_1_146' title='bbox 1505 1090 1636 1132; x_wconf 81' lang='grc' dir='ltr'><strong><em>τοῦτο</em></strong></span> <span class='ocrx_word' id='word_1_147' title='bbox 1657 1088 1739 1131; x_wconf 86' lang='grc' dir='ltr'><strong><em>δυ-</em></strong></span> 
     </span>
     <span class='ocr_line' id='line_1_15' title="bbox 319 1148 1741 1236; baseline -0.001 -38"><span class='ocrx_word' id='word_1_148' title='bbox 319 1150 463 1207; x_wconf 88' lang='grc' dir='ltr'><strong><em>νατόν,</em></strong></span> <span class='ocrx_word' id='word_1_149' title='bbox 494 1148 606 1196; x_wconf 78' lang='grc' dir='ltr'><strong><em>ἀλλὰ</em></strong></span> <span class='ocrx_word' id='word_1_150' title='bbox 625 1149 675 1196; x_wconf 83' lang='grc' dir='ltr'><strong><em>τὸ</em></strong></span> <span class='ocrx_word' id='word_1_151' title='bbox 692 1152 1012 1236; x_wconf 67' lang='grc' dir='ltr'><strong><em>ἐγρηγορέναι”</em></strong></span> <span class='ocrx_word' id='word_1_152' title='bbox 981 1173 1010 1217; x_wconf 92' lang='grc' dir='ltr'><strong><em>η</em></strong></span> <span class='ocrx_word' id='word_1_153' title='bbox 1034 1149 1317 1200; x_wconf 77' lang='grc' dir='ltr'><strong><em>καθεύδειν“</em></strong></span> <span class='ocrx_word' id='word_1_154' title='bbox 1290 1170 1397 1214; x_wconf 89' lang='grc' dir='ltr'><strong><em>ορον</em></strong></span> <span class='ocrx_word' id='word_1_155' title='bbox 1417 1152 1591 1198; x_wconf 76' lang='grc' dir='ltr'><strong><em>θετέον·</em></strong></span> <span class='ocrx_word' id='word_1_156' title='bbox 1623 1149 1741 1198; x_wconf 89' lang='grc' dir='ltr'><strong><em>απαν</em></strong></span> 
     </span>
     <span class='ocr_line' id='line_1_16' title="bbox 271 1215 953 1281; baseline 0.006 -20"><span class='ocrx_word' id='word_1_157' title='bbox 271 1238 305 1265; x_wconf 87' lang='lat'><strong><em>10</em></strong></span> <span class='ocrx_word' id='word_1_158' title='bbox 319 1215 402 1279; x_wconf 76' lang='grc' dir='ltr'><strong><em>γάρ</em></strong></span> <span class='ocrx_word' id='word_1_159' title='bbox 424 1220 539 1281; x_wconf 74' lang='grc' dir='ltr'><strong><em>ζῶον</em></strong></span> <span class='ocrx_word' id='word_1_160' title='bbox 556 1216 750 1263; x_wconf 85' lang='grc' dir='ltr'><strong><em>δεκτικὸν</em></strong></span> <span class='ocrx_word' id='word_1_161' title='bbox 772 1218 953 1265; x_wconf 84' lang='grc' dir='ltr'><strong><em>τούτων.</em></strong></span> 
     </span>
    </p>

    <p class='ocr_par' dir='ltr' id='par_1_3' title="bbox 315 1282 1742 1544">
     <span class='ocr_line' id='line_1_17' title="bbox 451 1282 1740 1344; baseline -0.001 -16"><span class='ocrx_word' id='word_1_162' title='bbox 451 1283 512 1328; x_wconf 87' lang='grc' dir='ltr'><strong><em>Εἰ</em></strong></span> <span class='ocrx_word' id='word_1_163' title='bbox 528 1283 606 1343; x_wconf 73' lang='grc' dir='ltr'><strong><em>μὲν</em></strong></span> <span class='ocrx_word' id='word_1_164' title='bbox 616 1302 701 1330; x_wconf 92' lang='grc' dir='ltr'><strong><em>ουν</em></strong></span> <span class='ocrx_word' id='word_1_165' title='bbox 711 1282 793 1330; x_wconf 76' lang='grc' dir='ltr'><strong><em>οὲ”</em></strong></span> <span class='ocrx_word' id='word_1_166' title='bbox 765 1303 863 1344; x_wconf 90' lang='grc' dir='ltr'><strong><em>οροι</em></strong></span> <span class='ocrx_word' id='word_1_167' title='bbox 881 1284 1084 1331; x_wconf 77' lang='grc' dir='ltr'><strong><em>καθόλου</em></strong></span> <span class='ocrx_word' id='word_1_168' title='bbox 1092 1282 1261 1344; x_wconf 83' lang='grc' dir='ltr'><strong><em>πρὸςτό</em></strong></span> <span class='ocrx_word' id='word_1_169' title='bbox 1278 1283 1412 1342; x_wconf 83' lang='grc' dir='ltr'><strong><em>μέσον</em></strong></span> <span class='ocrx_word' id='word_1_170' title='bbox 1429 1283 1550 1340; x_wconf 87' lang='grc' dir='ltr'><strong><em>εἰσίν,</em></strong></span> <span class='ocrx_word' id='word_1_171' title='bbox 1572 1283 1740 1344; x_wconf 81' lang='grc' dir='ltr'><strong><em>εἴρηται</em></strong></span> 
     </span>
     <span class='ocr_line' id='line_1_18' title="bbox 317 1347 1742 1412; baseline 0 -19"><span class='ocrx_word' id='word_1_172' title='bbox 317 1348 420 1394; x_wconf 88' lang='grc' dir='ltr'><strong><em>πότε</em></strong></span> <span class='ocrx_word' id='word_1_173' title='bbox 451 1348 567 1394; x_wconf 78' lang='grc' dir='ltr'><strong><em>ἔσται</em></strong></span> <span class='ocrx_word' id='word_1_174' title='bbox 595 1347 645 1395; x_wconf 83' lang='grc' dir='ltr'><strong><em>τὸ</em></strong></span> <span class='ocrx_word' id='word_1_175' title='bbox 665 1352 955 1411; x_wconf 87' lang='grc' dir='ltr'><strong><em>συμπέρασμα</em></strong></span> <span class='ocrx_word' id='word_1_176' title='bbox 978 1350 1232 1412; x_wconf 85' lang='grc' dir='ltr'><strong><em>ἀναγκαῖον·</em></strong></span> <span class='ocrx_word' id='word_1_177' title='bbox 1272 1350 1309 1395; x_wconf 81' lang='grc' dir='ltr'><strong><em>εἰ</em></strong></span> <span class='ocrx_word' id='word_1_178' title='bbox 1330 1347 1367 1395; x_wconf 85' lang='grc' dir='ltr'><strong><em>δ’</em></strong></span> <span class='ocrx_word' id='word_1_179' title='bbox 1392 1347 1418 1394; x_wconf 97' lang='lat'><strong><em>6</em></strong></span> <span class='ocrx_word' id='word_1_180' title='bbox 1439 1366 1517 1408; x_wconf 88' lang='grc' dir='ltr'><strong><em>μεν</em></strong></span> <span class='ocrx_word' id='word_1_181' title='bbox 1535 1347 1742 1394; x_wconf 74' lang='grc' dir='ltr'><strong><em>καθόλου</em></strong></span> 
     </span>
     <span class='ocr_line' id='line_1_19' title="bbox 320 1411 1739 1478; baseline 0 -18"><span class='ocrx_word' id='word_1_182' title='bbox 320 1411 346 1460; x_wconf 91' lang='lat'><strong><em>6</em></strong></span> <span class='ocrx_word' id='word_1_183' title='bbox 369 1413 408 1460; x_wconf 85' lang='grc' dir='ltr'><strong><em>δ’</em></strong></span> <span class='ocrx_word' id='word_1_184' title='bbox 428 1414 471 1460; x_wconf 84' lang='grc' dir='ltr'><strong><em>έν</em></strong></span> <span class='ocrx_word' id='word_1_185' title='bbox 490 1415 629 1475; x_wconf 82' lang='grc' dir='ltr'><strong><em>μέρει,</em></strong></span> <span class='ocrx_word' id='word_1_186' title='bbox 666 1434 964 1478; x_wconf 87' lang='grc' dir='ltr'><strong><em>κατηγορικων</em></strong></span> <span class='ocrx_word' id='word_1_187' title='bbox 985 1435 1062 1477; x_wconf 89' lang='grc' dir='ltr'><strong><em>μεν</em></strong></span> <span class='ocrx_word' id='word_1_188' title='bbox 1092 1415 1232 1462; x_wconf 82' lang='grc' dir='ltr'><strong><em>ὄντων</em></strong></span> <span class='ocrx_word' id='word_1_189' title='bbox 1253 1414 1528 1475; x_wconf 72' lang='grc' dir='ltr'><strong><em>ἀμφοτέρων,</em></strong></span> <span class='ocrx_word' id='word_1_190' title='bbox 1553 1412 1657 1460; x_wconf 83' lang='grc' dir='ltr'><strong><em>ὅταν</em></strong></span> <span class='ocrx_word' id='word_1_191' title='bbox 1686 1411 1739 1460; x_wconf 82' lang='grc' dir='ltr'><strong><em>τὸ</em></strong></span> 
     </span>
     <span class='ocr_line' id='line_1_20' title="bbox 315 1478 1737 1544; baseline 0 -18"><span class='ocrx_word' id='word_1_192' title='bbox 315 1479 523 1527; x_wconf 79' lang='grc' dir='ltr'><strong><em>καθόλου</em></strong></span> <span class='ocrx_word' id='word_1_193' title='bbox 540 1481 711 1543; x_wconf 81' lang='grc' dir='ltr'><strong><em>γένηται</em></strong></span> <span class='ocrx_word' id='word_1_194' title='bbox 731 1480 978 1544; x_wconf 80' lang='grc' dir='ltr'><strong><em>ἀναγκαῖον,</em></strong></span> <span class='ocrx_word' id='word_1_195' title='bbox 997 1484 1070 1529; x_wconf 88' lang='grc' dir='ltr'><strong><em>καὶ</em></strong></span> <span class='ocrx_word' id='word_1_196' title='bbox 1089 1480 1139 1528; x_wconf 82' lang='grc' dir='ltr'><strong><em>τὸ</em></strong></span> <span class='ocrx_word' id='word_1_197' title='bbox 1160 1482 1449 1542; x_wconf 82' lang='grc' dir='ltr'><strong><em>συμπέρασμα</em></strong></span> <span class='ocrx_word' id='word_1_198' title='bbox 1471 1481 1587 1527; x_wconf 75' lang='grc' dir='ltr'><strong><em>ἔσται</em></strong></span> <span class='ocrx_word' id='word_1_199' title='bbox 1605 1478 1737 1541; x_wconf 87' lang='grc' dir='ltr'><strong><em>ἀναγ-</em></strong></span> 
     </span>
    </p>

    <p class='ocr_par' dir='ltr' id='par_1_4' title="bbox 267 1545 1747 2468">
     <span class='ocr_line' id='line_1_21' title="bbox 270 1545 1740 1628; baseline -0.001 -34"><span class='ocrx_word' id='word_1_200' title='bbox 270 1566 303 1595; x_wconf 80' lang='lat'><strong><em>1⁵</em></strong></span> <span class='ocrx_word' id='word_1_201' title='bbox 317 1552 453 1593; x_wconf 86' lang='grc' dir='ltr'><strong><em>καῖον.</em></strong></span> <span class='ocrx_word' id='word_1_202' title='bbox 476 1545 691 1604; x_wconf 84' lang='grc' dir='ltr'><strong><em>ἀπόδειξις</em></strong></span> <span class='ocrx_word' id='word_1_203' title='bbox 711 1547 797 1594; x_wconf 85' lang='grc' dir='ltr'><strong><em>δ’</em></strong></span> <span class='ocrx_word' id='word_1_204' title='bbox 768 1568 798 1612; x_wconf 86' lang='grc' dir='ltr'><strong><em>η</em></strong></span> <span class='ocrx_word' id='word_1_205' title='bbox 821 1547 934 1611; x_wconf 78' lang='grc' dir='ltr'><strong><em>αὕτη</em></strong></span> <span class='ocrx_word' id='word_1_206' title='bbox 953 1547 982 1612; x_wconf 86' lang='grc' dir='ltr'><em>ἣ</em></span> <span class='ocrx_word' id='word_1_207' title='bbox 1008 1550 1081 1595; x_wconf 86' lang='grc' dir='ltr'><strong><em>καὶ</em></strong></span> <span class='ocrx_word' id='word_1_208' title='bbox 1098 1547 1335 1628; x_wconf 86' lang='grc' dir='ltr'><strong><em>πρότερον·</em></strong></span> <span class='ocrx_word' id='word_1_209' title='bbox 1367 1545 1635 1606; x_wconf 84' lang='grc' dir='ltr'><strong><em>ἀντιστρέφει</em></strong></span> <span class='ocrx_word' id='word_1_210' title='bbox 1657 1563 1740 1607; x_wconf 91' lang='grc' dir='ltr'><strong><em>γαρ</em></strong></span> 
     </span>
     <span class='ocr_line' id='line_1_22' title="bbox 317 1610 1742 1677; baseline -0.001 -19"><span class='ocrx_word' id='word_1_211' title='bbox 317 1614 391 1658; x_wconf 85' lang='grc' dir='ltr'><strong><em>καὶ</em></strong></span> <span class='ocrx_word' id='word_1_212' title='bbox 419 1610 468 1658; x_wconf 87' lang='grc' dir='ltr'><strong><em>τὸ</em></strong></span> <span class='ocrx_word' id='word_1_213' title='bbox 497 1613 540 1659; x_wconf 81' lang='grc' dir='ltr'><strong><em>έν</em></strong></span> <span class='ocrx_word' id='word_1_214' title='bbox 567 1614 684 1673; x_wconf 81' lang='grc' dir='ltr'><strong><em>μέρει</em></strong></span> <span class='ocrx_word' id='word_1_215' title='bbox 710 1614 1011 1677; x_wconf 87' lang='grc' dir='ltr'><strong><em>κατηγορικόν.</em></strong></span> <span class='ocrx_word' id='word_1_216' title='bbox 1047 1616 1084 1661; x_wconf 86' lang='grc' dir='ltr'><strong><em>εἰ</em></strong></span> <span class='ocrx_word' id='word_1_217' title='bbox 1111 1632 1197 1660; x_wconf 89' lang='grc' dir='ltr'><strong><em>ουν</em></strong></span> <span class='ocrx_word' id='word_1_218' title='bbox 1216 1612 1383 1674; x_wconf 86' lang='grc' dir='ltr'><strong><em>ἀνάγκη</em></strong></span> <span class='ocrx_word' id='word_1_219' title='bbox 1405 1611 1454 1658; x_wconf 82' lang='grc' dir='ltr'><strong><em>τό</em></strong></span> <span class='ocrx_word' id='word_1_220' title='bbox 1473 1617 1510 1659; x_wconf 91' lang='grc' dir='ltr'><strong><em>Β</em></strong></span> <span class='ocrx_word' id='word_1_221' title='bbox 1530 1613 1657 1658; x_wconf 78' lang='grc' dir='ltr'><strong><em>παντὶ</em></strong></span> <span class='ocrx_word' id='word_1_222' title='bbox 1677 1615 1742 1677; x_wconf 77' lang='grc' dir='ltr'><strong><em>τῷ</em></strong></span> 
     </span>
     <span class='ocr_line' id='line_1_23' title="bbox 318 1677 1741 1742; baseline -0.001 -18"><span class='ocrx_word' id='word_1_223' title='bbox 318 1682 365 1724; x_wconf 92' lang='grc' dir='ltr'><strong><em>Γ</em></strong></span> <span class='ocrx_word' id='word_1_224' title='bbox 385 1677 610 1739; x_wconf 83' lang='grc' dir='ltr'><strong><em>ὑπάρχειν,</em></strong></span> <span class='ocrx_word' id='word_1_225' title='bbox 640 1678 690 1726; x_wconf 78' lang='grc' dir='ltr'><strong><em>τὸ</em></strong></span> <span class='ocrx_word' id='word_1_226' title='bbox 719 1683 764 1727; x_wconf 87' lang='grc' dir='ltr'><strong><em>δε</em></strong></span> <span class='ocrx_word' id='word_1_227' title='bbox 787 1686 824 1727; x_wconf 92' lang='lat' dir='ltr'><em>A</em></span> <span class='ocrx_word' id='word_1_228' title='bbox 842 1680 933 1728; x_wconf 84' lang='grc' dir='ltr'><strong><em>ὑπὸ</em></strong></span> <span class='ocrx_word' id='word_1_229' title='bbox 953 1679 1003 1727; x_wconf 84' lang='grc' dir='ltr'><strong><em>τὸ</em></strong></span> <span class='ocrx_word' id='word_1_230' title='bbox 1030 1685 1076 1727; x_wconf 93' lang='grc' dir='ltr'><strong><em>Γ</em></strong></span> <span class='ocrx_word' id='word_1_231' title='bbox 1093 1681 1227 1738; x_wconf 81' lang='grc' dir='ltr'><strong><em>ἐστίν,</em></strong></span> <span class='ocrx_word' id='word_1_232' title='bbox 1254 1678 1421 1741; x_wconf 87' lang='grc' dir='ltr'><strong><em>ἀνάγκη</em></strong></span> <span class='ocrx_word' id='word_1_233' title='bbox 1440 1677 1491 1725; x_wconf 78' lang='grc' dir='ltr'><strong><em>τό</em></strong></span> <span class='ocrx_word' id='word_1_234' title='bbox 1518 1682 1555 1725; x_wconf 91' lang='grc' dir='ltr'><strong><em>Β</em></strong></span> <span class='ocrx_word' id='word_1_235' title='bbox 1574 1679 1657 1725; x_wconf 82' lang='grc' dir='ltr'><strong><em>τινὶ</em></strong></span> <span class='ocrx_word' id='word_1_236' title='bbox 1677 1681 1741 1742; x_wconf 77' lang='grc' dir='ltr'><strong><em>τῷ</em></strong></span> 
     </span>
     <span class='ocr_line' id='line_1_24' title="bbox 318 1742 1741 1808; baseline 0 -19"><span class='ocrx_word' id='word_1_237' title='bbox 318 1748 356 1790; x_wconf 93' lang='grc' dir='ltr'><em>Α</em></span> <span class='ocrx_word' id='word_1_238' title='bbox 383 1742 608 1805; x_wconf 83' lang='grc' dir='ltr'><strong><em>ὑπάρχειν.</em></strong></span> <span class='ocrx_word' id='word_1_239' title='bbox 660 1747 698 1791; x_wconf 83' lang='grc' dir='ltr'><strong><em>εἰ</em></strong></span> <span class='ocrx_word' id='word_1_240' title='bbox 723 1748 770 1792; x_wconf 75' lang='grc' dir='ltr'><strong><em>δὲ</em></strong></span> <span class='ocrx_word' id='word_1_241' title='bbox 799 1745 851 1793; x_wconf 82' lang='grc' dir='ltr'><strong><em>τό</em></strong></span> <span class='ocrx_word' id='word_1_242' title='bbox 882 1751 919 1793; x_wconf 91' lang='grc' dir='ltr'><strong><em>Β</em></strong></span> <span class='ocrx_word' id='word_1_243' title='bbox 946 1751 1010 1792; x_wconf 76' lang='grc' dir='ltr'><strong><em>τοῒ</em></strong></span> <span class='ocrx_word' id='word_1_244' title='bbox 1045 1750 1083 1792; x_wconf 92' lang='grc' dir='ltr'><em>Α</em></span> <span class='ocrx_word' id='word_1_245' title='bbox 1106 1747 1210 1801; x_wconf 87' lang='grc' dir='ltr'><strong><em>τινί,</em></strong></span> <span class='ocrx_word' id='word_1_246' title='bbox 1245 1746 1318 1791; x_wconf 87' lang='grc' dir='ltr'><strong><em>καὶ</em></strong></span> <span class='ocrx_word' id='word_1_247' title='bbox 1347 1743 1398 1790; x_wconf 88' lang='grc' dir='ltr'><strong><em>τὸ</em></strong></span> <span class='ocrx_word' id='word_1_248' title='bbox 1432 1749 1468 1790; x_wconf 93' lang='grc' dir='ltr'><em>Α</em></span> <span class='ocrx_word' id='word_1_249' title='bbox 1494 1762 1555 1808; x_wconf 76' lang='grc' dir='ltr'><strong><em>τῳ</em></strong></span> <span class='ocrx_word' id='word_1_250' title='bbox 1591 1747 1629 1790; x_wconf 89' lang='grc' dir='ltr'><strong><em>Β</em></strong></span> <span class='ocrx_word' id='word_1_251' title='bbox 1658 1745 1741 1790; x_wconf 85' lang='grc' dir='ltr'><strong><em>τινὶ</em></strong></span> 
     </span>
     <span class='ocr_line' id='line_1_25' title="bbox 317 1793 1745 1895; baseline -0.001 -39"><span class='ocrx_word' id='word_1_252' title='bbox 317 1808 531 1895; x_wconf 82' lang='grc' dir='ltr'><strong><em>ὑπάρχειν</em></strong></span> <span class='ocrx_word' id='word_1_253' title='bbox 549 1809 806 1872; x_wconf 82' lang='grc' dir='ltr'><strong><em>ἀναγκαῖον·</em></strong></span> <span class='ocrx_word' id='word_1_254' title='bbox 833 1793 1102 1872; x_wconf 86' lang='grc' dir='ltr'><strong><em>ἀντιστρέφει</em></strong></span> <span class='ocrx_word' id='word_1_255' title='bbox 1117 1811 1209 1872; x_wconf 89' lang='grc' dir='ltr'><strong><em>γάρ.</em></strong></span> <span class='ocrx_word' id='word_1_256' title='bbox 1233 1809 1392 1870; x_wconf 86' lang='grc' dir='ltr'><strong><em>ὁμοίως</em></strong></span> <span class='ocrx_word' id='word_1_257' title='bbox 1403 1812 1449 1856; x_wconf 90' lang='grc' dir='ltr'><strong><em>δε</em></strong></span> <span class='ocrx_word' id='word_1_258' title='bbox 1466 1811 1538 1855; x_wconf 91' lang='grc' dir='ltr'><strong><em>καὶ</em></strong></span> <span class='ocrx_word' id='word_1_259' title='bbox 1551 1811 1587 1855; x_wconf 85' lang='grc' dir='ltr'><strong><em>εἰ</em></strong></span> <span class='ocrx_word' id='word_1_260' title='bbox 1596 1807 1647 1855; x_wconf 80' lang='grc' dir='ltr'><strong><em>τό</em></strong></span> <span class='ocrx_word' id='word_1_261' title='bbox 1661 1813 1745 1856; x_wconf 93' lang='grc' dir='ltr'><strong><em>ΑΓ</em></strong></span> 
     </span>
     <span class='ocr_line' id='line_1_26' title="bbox 267 1874 1740 1959; baseline -0.001 -36"><span class='ocrx_word' id='word_1_262' title='bbox 267 1895 303 1923; x_wconf 75' lang='lat'><strong><em>20</em></strong></span> <span class='ocrx_word' id='word_1_263' title='bbox 318 1877 383 1938; x_wconf 80' lang='grc' dir='ltr'><strong><em>εἴη</em></strong></span> <span class='ocrx_word' id='word_1_264' title='bbox 406 1875 642 1959; x_wconf 86' lang='grc' dir='ltr'><strong><em>ἀναγκαῖον</em></strong></span> <span class='ocrx_word' id='word_1_265' title='bbox 659 1877 915 1923; x_wconf 80' lang='grc' dir='ltr'><strong><em>καθόλου”</em></strong></span> <span class='ocrx_word' id='word_1_266' title='bbox 887 1896 963 1923; x_wconf 86' lang='grc' dir='ltr'><strong><em>ον·</em></strong></span> <span class='ocrx_word' id='word_1_267' title='bbox 989 1876 1041 1923; x_wconf 85' lang='grc' dir='ltr'><strong><em>τὸ</em></strong></span> <span class='ocrx_word' id='word_1_268' title='bbox 1060 1875 1141 1938; x_wconf 79' lang='grc' dir='ltr'><strong><em>γάρ</em></strong></span> <span class='ocrx_word' id='word_1_269' title='bbox 1164 1881 1202 1922; x_wconf 92' lang='grc' dir='ltr'><strong><em>Β</em></strong></span> <span class='ocrx_word' id='word_1_270' title='bbox 1219 1875 1313 1923; x_wconf 83' lang='grc' dir='ltr'><strong><em>ὑπὸ</em></strong></span> <span class='ocrx_word' id='word_1_271' title='bbox 1331 1874 1381 1922; x_wconf 83' lang='grc' dir='ltr'><strong><em>τό</em></strong></span> <span class='ocrx_word' id='word_1_272' title='bbox 1404 1880 1450 1921; x_wconf 91' lang='grc' dir='ltr'><em>Γ</em></span> <span class='ocrx_word' id='word_1_273' title='bbox 1464 1877 1588 1922; x_wconf 78' lang='grc' dir='ltr'><strong><em>ἐστίν.</em></strong></span> <span class='ocrx_word' id='word_1_274' title='bbox 1635 1877 1672 1921; x_wconf 79' lang='grc' dir='ltr'><strong><em>εἰ</em></strong></span> <span class='ocrx_word' id='word_1_275' title='bbox 1693 1876 1740 1922; x_wconf 71' lang='grc' dir='ltr'><strong><em>δὲ</em></strong></span> 
     </span>
     <span class='ocr_line' id='line_1_27' title="bbox 315 1939 1741 2004; baseline -0.001 -17"><span class='ocrx_word' id='word_1_276' title='bbox 315 1940 367 1987; x_wconf 78' lang='lat'><strong>¹156</strong></span> <span class='ocrx_word' id='word_1_277' title='bbox 389 1941 434 1988; x_wconf 78' lang='grc' dir='ltr'><strong><em>ἐν</em></strong></span> <span class='ocrx_word' id='word_1_278' title='bbox 453 1943 570 2002; x_wconf 86' lang='grc' dir='ltr'><strong><em>μέρει</em></strong></span> <span class='ocrx_word' id='word_1_279' title='bbox 593 1941 750 1988; x_wconf 80' lang='grc' dir='ltr'><strong><em>ἐστὶν’</em></strong></span> <span class='ocrx_word' id='word_1_280' title='bbox 722 1949 968 2004; x_wconf 78' lang='grc' dir='ltr'><strong><em>αναγκαῖον,</em></strong></span> <span class='ocrx_word' id='word_1_281' title='bbox 990 1961 1076 1989; x_wconf 90' lang='grc' dir='ltr'><strong><em>ουκ</em></strong></span> <span class='ocrx_word' id='word_1_282' title='bbox 1094 1944 1208 1988; x_wconf 77' lang='grc' dir='ltr'><strong><em>ἔσται</em></strong></span> <span class='ocrx_word' id='word_1_283' title='bbox 1229 1940 1278 1987; x_wconf 81' lang='grc' dir='ltr'><strong><em>τό</em></strong></span> <span class='ocrx_word' id='word_1_284' title='bbox 1297 1942 1587 2000; x_wconf 86' lang='grc' dir='ltr'><strong><em>συμπέρασμα</em></strong></span> <span class='ocrx_word' id='word_1_285' title='bbox 1605 1939 1741 2002; x_wconf 87' lang='grc' dir='ltr'><strong><em>ἀναγ-</em></strong></span> 
     </span>
     <span class='ocr_line' id='line_1_28' title="bbox 315 2003 1741 2091; baseline 0 -39"><span class='ocrx_word' id='word_1_286' title='bbox 315 2012 453 2053; x_wconf 83' lang='grc' dir='ltr'><strong><em>καῖον.</em></strong></span> <span class='ocrx_word' id='word_1_287' title='bbox 500 2008 605 2053; x_wconf 88' lang='grc' dir='ltr'><strong><em>εστω</em></strong></span> <span class='ocrx_word' id='word_1_288' title='bbox 623 2006 704 2068; x_wconf 79' lang='grc' dir='ltr'><strong><em>γάρ</em></strong></span> <span class='ocrx_word' id='word_1_289' title='bbox 730 2006 780 2054; x_wconf 80' lang='grc' dir='ltr'><strong><em>τό</em></strong></span> <span class='ocrx_word' id='word_1_290' title='bbox 800 2012 886 2054; x_wconf 88' lang='grc' dir='ltr'><strong><em>ΒΓ</em></strong></span> <span class='ocrx_word' id='word_1_291' title='bbox 899 2010 945 2055; x_wconf 83' lang='grc' dir='ltr'><strong><em>έν</em></strong></span> <span class='ocrx_word' id='word_1_292' title='bbox 959 2009 1074 2091; x_wconf 84' lang='grc' dir='ltr'><strong><em>μέρει</em></strong></span> <span class='ocrx_word' id='word_1_293' title='bbox 1094 2026 1137 2054; x_wconf 91' lang='grc' dir='ltr'><strong><em>τε</em></strong></span> <span class='ocrx_word' id='word_1_294' title='bbox 1160 2009 1234 2052; x_wconf 85' lang='grc' dir='ltr'><strong><em>καὶ</em></strong></span> <span class='ocrx_word' id='word_1_295' title='bbox 1265 2005 1523 2067; x_wconf 86' lang='grc' dir='ltr'><strong><em>ἀναγκαῖον,</em></strong></span> <span class='ocrx_word' id='word_1_296' title='bbox 1563 2003 1614 2051; x_wconf 88' lang='grc' dir='ltr'>τὸ</span> <span class='ocrx_word' id='word_1_297' title='bbox 1635 2007 1681 2052; x_wconf 86' lang='grc' dir='ltr'><strong><em>δε</em></strong></span> <span class='ocrx_word' id='word_1_298' title='bbox 1703 2009 1741 2052; x_wconf 92' lang='grc' dir='ltr'><em>Α</em></span> 
     </span>
     <span class='ocr_line' id='line_1_29' title="bbox 315 2070 1742 2154; baseline -0.001 -36"><span class='ocrx_word' id='word_1_299' title='bbox 315 2074 446 2119; x_wconf 89' lang='grc' dir='ltr'><strong><em>παντὶ</em></strong></span> <span class='ocrx_word' id='word_1_300' title='bbox 482 2090 555 2153; x_wconf 54' lang='lat'><strong><em>‘5923</em></strong></span> <span class='ocrx_word' id='word_1_301' title='bbox 577 2077 623 2118; x_wconf 91' lang='grc' dir='ltr'><em>Γ</em></span> <span class='ocrx_word' id='word_1_302' title='bbox 645 2071 886 2134; x_wconf 88' lang='grc' dir='ltr'><strong><em>ὑπαρχέτω,</em></strong></span> <span class='ocrx_word' id='word_1_303' title='bbox 915 2072 976 2137; x_wconf 88' lang='grc' dir='ltr'><strong><em>μὴ</em></strong></span> <span class='ocrx_word' id='word_1_304' title='bbox 1002 2075 1146 2135; x_wconf 91' lang='grc' dir='ltr'><strong><em>μέντοι</em></strong></span> <span class='ocrx_word' id='word_1_305' title='bbox 1175 2071 1221 2128; x_wconf 79' lang='grc' dir='ltr'><strong><em>ἐξ</em></strong></span> <span class='ocrx_word' id='word_1_306' title='bbox 1252 2071 1454 2135; x_wconf 87' lang='grc' dir='ltr'><strong><em>ἀνάγκης.</em></strong></span> <span class='ocrx_word' id='word_1_307' title='bbox 1515 2070 1742 2154; x_wconf 89' lang='grc' dir='ltr'><strong><em>ἀντιστρα-</em></strong></span> 
     </span>
     <span class='ocr_line' id='line_1_30' title="bbox 318 2136 1741 2224; baseline -0.001 -40"><span class='ocrx_word' id='word_1_308' title='bbox 318 2139 477 2199; x_wconf 86' lang='grc' dir='ltr'><strong><em>φέντος</em></strong></span> <span class='ocrx_word' id='word_1_309' title='bbox 495 2157 580 2184; x_wconf 92' lang='grc' dir='ltr'><strong><em>ουν</em></strong></span> <span class='ocrx_word' id='word_1_310' title='bbox 597 2143 680 2186; x_wconf 82' lang='grc' dir='ltr'><strong><em>τοῦ</em></strong></span> <span class='ocrx_word' id='word_1_311' title='bbox 702 2143 788 2186; x_wconf 90' lang='grc' dir='ltr'><strong><em>ΒΓ</em></strong></span> <span class='ocrx_word' id='word_1_312' title='bbox 801 2138 852 2186; x_wconf 81' lang='grc' dir='ltr'><strong><em>τό</em></strong></span> <span class='ocrx_word' id='word_1_313' title='bbox 856 2145 1050 2224; x_wconf 50' lang='grc' dir='ltr'><strong><em>,πρῶτον</em></strong></span> <span class='ocrx_word' id='word_1_314' title='bbox 1065 2141 1222 2201; x_wconf 87' lang='grc' dir='ltr'><strong><em>γίνεται</em></strong></span> <span class='ocrx_word' id='word_1_315' title='bbox 1241 2143 1406 2201; x_wconf 85' lang='grc' dir='ltr'><strong><em>σχῆμα,</em></strong></span> <span class='ocrx_word' id='word_1_316' title='bbox 1433 2136 1545 2183; x_wconf 88' lang='grc' dir='ltr'><strong><em>καὶ</em></strong></span> <span class='ocrx_word' id='word_1_317' title='bbox 1520 2157 1549 2200; x_wconf 90' lang='grc' dir='ltr'><strong><em>η</em></strong></span> <span class='ocrx_word' id='word_1_318' title='bbox 1566 2139 1643 2198; x_wconf 91' lang='grc' dir='ltr'><strong><em>μεν</em></strong></span> <span class='ocrx_word' id='word_1_319' title='bbox 1659 2157 1741 2183; x_wconf 78' lang='grc' dir='ltr'><strong><em>κα·-</em></strong></span> 
     </span>
     <span class='ocr_line' id='line_1_31' title="bbox 268 2201 1742 2268; baseline -0.001 -18"><span class='ocrx_word' id='word_1_320' title='bbox 268 2221 303 2250; x_wconf 80' lang='lat'><strong><em>2⁵</em></strong></span> <span class='ocrx_word' id='word_1_321' title='bbox 317 2204 465 2251; x_wconf 79' lang='grc' dir='ltr'><strong><em>θόλου</em></strong></span> <span class='ocrx_word' id='word_1_322' title='bbox 495 2205 706 2264; x_wconf 87' lang='grc' dir='ltr'><strong><em>πρότασις</em></strong></span> <span class='ocrx_word' id='word_1_323' title='bbox 729 2205 815 2252; x_wconf 76' lang='grc' dir='ltr'><strong><em>οὐκ</em></strong></span> <span class='ocrx_word' id='word_1_324' title='bbox 838 2206 1065 2268; x_wconf 84' lang='grc' dir='ltr'><strong><em>ἀναγκαία,</em></strong></span> <span class='ocrx_word' id='word_1_325' title='bbox 1088 2204 1118 2268; x_wconf 85' lang='grc' dir='ltr'>ἡ</span> <span class='ocrx_word' id='word_1_326' title='bbox 1143 2203 1183 2252; x_wconf 81' lang='grc' dir='ltr'><strong><em>δ’</em></strong></span> <span class='ocrx_word' id='word_1_327' title='bbox 1203 2205 1248 2251; x_wconf 75' lang='grc' dir='ltr'><strong><em>ἐν</em></strong></span> <span class='ocrx_word' id='word_1_328' title='bbox 1266 2206 1382 2264; x_wconf 87' lang='grc' dir='ltr'><strong><em>μέρει</em></strong></span> <span class='ocrx_word' id='word_1_329' title='bbox 1409 2203 1632 2266; x_wconf 85' lang='grc' dir='ltr'><strong><em>ἀναγκαία.</em></strong></span> <span class='ocrx_word' id='word_1_330' title='bbox 1672 2201 1742 2250; x_wconf 76' lang='grc' dir='ltr'><strong><em>ὅτε</em></strong></span> 
     </span>
     <span class='ocr_line' id='line_1_32' title="bbox 318 2265 1740 2353; baseline -0.001 -37"><span class='ocrx_word' id='word_1_331' title='bbox 318 2269 357 2317; x_wconf 89' lang='grc' dir='ltr'><strong><em>δ’</em></strong></span> <span class='ocrx_word' id='word_1_332' title='bbox 381 2268 522 2327; x_wconf 76' lang='grc' dir='ltr'><strong><em>οὕτως</em></strong></span> <span class='ocrx_word' id='word_1_333' title='bbox 542 2272 676 2353; x_wconf 75' lang='grc' dir='ltr'><strong><em>ἔχοιεν</em></strong></span> <span class='ocrx_word' id='word_1_334' title='bbox 695 2273 739 2318; x_wconf 77' lang='grc' dir='ltr'><strong><em>αἱ</em></strong></span> <span class='ocrx_word' id='word_1_335' title='bbox 763 2273 1007 2333; x_wconf 88' lang='grc' dir='ltr'><strong><em>προτάσεις,</em></strong></span> <span class='ocrx_word' id='word_1_336' title='bbox 1033 2271 1119 2319; x_wconf 80' lang='grc' dir='ltr'><strong><em>οὐκ</em></strong></span> <span class='ocrx_word' id='word_1_337' title='bbox 1139 2265 1197 2335; x_wconf 83' lang='grc' dir='ltr'><strong><em>ἦν</em></strong></span> <span class='ocrx_word' id='word_1_338' title='bbox 1218 2269 1269 2318; x_wconf 84' lang='grc' dir='ltr'><strong><em>τὸ</em></strong></span> <span class='ocrx_word' id='word_1_339' title='bbox 1296 2271 1586 2330; x_wconf 87' lang='grc' dir='ltr'><strong><em>συμπέρασμα</em></strong></span> <span class='ocrx_word' id='word_1_340' title='bbox 1606 2268 1740 2330; x_wconf 86' lang='grc' dir='ltr'><strong><em>ἀναγ-</em></strong></span> 
     </span>
     <span class='ocr_line' id='line_1_33' title="bbox 317 2334 1738 2395; baseline -0.001 -13"><span class='ocrx_word' id='word_1_341' title='bbox 317 2341 457 2393; x_wconf 82' lang='grc' dir='ltr'><strong><em>καῖον,</em></strong></span> <span class='ocrx_word' id='word_1_342' title='bbox 473 2334 575 2383; x_wconf 66' lang='grc' dir='ltr'><strong><em>ὥστ’</em></strong></span> <span class='ocrx_word' id='word_1_343' title='bbox 598 2337 696 2384; x_wconf 81' lang='grc' dir='ltr'><strong><em>οὐδ’</em></strong></span> <span class='ocrx_word' id='word_1_344' title='bbox 713 2339 781 2385; x_wconf 81' lang='grc' dir='ltr'><strong><em>ἐπὶ</em></strong></span> <span class='ocrx_word' id='word_1_345' title='bbox 798 2339 978 2386; x_wconf 84' lang='grc' dir='ltr'><strong><em>τούτων.</em></strong></span> <span class='ocrx_word' id='word_1_346' title='bbox 1002 2340 1060 2385; x_wconf 75' lang='grc' dir='ltr'><strong><em>ἔτι</em></strong></span> <span class='ocrx_word' id='word_1_347' title='bbox 1081 2340 1127 2385; x_wconf 89' lang='grc' dir='ltr'><strong><em>δε</em></strong></span> <span class='ocrx_word' id='word_1_348' title='bbox 1146 2339 1219 2384; x_wconf 83' lang='grc' dir='ltr'><strong><em>καὶ</em></strong></span> <span class='ocrx_word' id='word_1_349' title='bbox 1238 2338 1284 2384; x_wconf 79' lang='grc' dir='ltr'><strong><em>ἐκ</em></strong></span> <span class='ocrx_word' id='word_1_350' title='bbox 1297 2341 1383 2383; x_wconf 78' lang='grc' dir='ltr'><strong><em>τῶν</em></strong></span> <span class='ocrx_word' id='word_1_351' title='bbox 1393 2334 1509 2395; x_wconf 85' lang='grc' dir='ltr'><strong><em>ὅρων</em></strong></span> <span class='ocrx_word' id='word_1_352' title='bbox 1529 2335 1738 2395; x_wconf 86' lang='grc' dir='ltr'><strong><em>φανερόν.</em></strong></span> 
     </span>
     <span class='ocr_line' id='line_1_34' title="bbox 319 2396 1747 2468; baseline -0.001 -19"><span class='ocrx_word' id='word_1_353' title='bbox 319 2403 425 2449; x_wconf 88' lang='grc' dir='ltr'><strong><em>εστω</em></strong></span> <span class='ocrx_word' id='word_1_354' title='bbox 437 2400 519 2465; x_wconf 79' lang='grc' dir='ltr'><strong><em>γὰρ</em></strong></span> <span class='ocrx_word' id='word_1_355' title='bbox 537 2401 588 2450; x_wconf 82' lang='grc' dir='ltr'><strong><em>τὸ</em></strong></span> <span class='ocrx_word' id='word_1_356' title='bbox 607 2405 685 2464; x_wconf 77' lang='grc' dir='ltr'><strong><em>μὲν</em></strong></span> <span class='ocrx_word' id='word_1_357' title='bbox 701 2409 740 2451; x_wconf 93' lang='grc' dir='ltr'><em>Α</em></span> <span class='ocrx_word' id='word_1_358' title='bbox 762 2405 1028 2468; x_wconf 81' lang='grc' dir='ltr'><strong><em>ἐγρήγορσις,</em></strong></span> <span class='ocrx_word' id='word_1_359' title='bbox 1041 2403 1092 2452; x_wconf 83' lang='grc' dir='ltr'><strong><em>τὸ</em></strong></span> <span class='ocrx_word' id='word_1_360' title='bbox 1113 2406 1210 2462; x_wconf 56' lang='lat' dir='ltr'><strong><em>&amp;B</em></strong></span> <span class='ocrx_word' id='word_1_361' title='bbox 1229 2404 1403 2462; x_wconf 87' lang='grc' dir='ltr'><strong><em>δίπουν,</em></strong></span> <span class='ocrx_word' id='word_1_362' title='bbox 1418 2401 1486 2464; x_wconf 78' lang='grc' dir='ltr'><strong><em>ἐφ’</em></strong></span> <span class='ocrx_word' id='word_1_363' title='bbox 1506 2421 1541 2468; x_wconf 79' lang='grc' dir='ltr'><em>ῳ</em></span> <span class='ocrx_word' id='word_1_364' title='bbox 1526 2396 1604 2449; x_wconf 77' lang='grc' dir='ltr'><strong><em>δὲ</em></strong></span> <span class='ocrx_word' id='word_1_365' title='bbox 1626 2400 1677 2449; x_wconf 85' lang='grc' dir='ltr'><strong><em>τὸ</em></strong></span> <span class='ocrx_word' id='word_1_366' title='bbox 1701 2405 1747 2448; x_wconf 93' lang='grc' dir='ltr'><strong><em>Γ</em></strong></span> 
     </span>
    </p>
   </div>
   <div class='ocr_carea' id='block_1_3' title="bbox 329 2531 598 2538">
    <p class='ocr_par' dir='ltr' id='par_1_5' title="bbox 329 2531 598 2538">
     <span class='ocr_line' id='line_1_35' title="bbox 329 2531 598 2538; baseline 0 574"><span class='ocrx_word' id='word_1_367' title='bbox 329 2531 598 2538; x_wconf 95' lang='lat' dir='ltr'><strong><em> </em></strong></span> 
     </span>
    </p>
   </div>
   <div class='ocr_carea' id='block_1_4' title="bbox 318 2600 1740 2785">
    <p class='ocr_par' dir='ltr' id='par_1_6' title="bbox 320 2600 1740 2691">
     <span class='ocr_line' id='line_1_36' title="bbox 407 2600 1740 2647; baseline -0.001 -11"><span class='ocrx_word' id='word_1_368' title='bbox 407 2601 504 2637; x_wconf 85' lang='grc' dir='ltr'><strong><em>37τό</em></strong></span> <span class='ocrx_word' id='word_1_369' title='bbox 517 2609 630 2636; x_wconf 79' lang='lat' dir='ltr'><strong>ocante</strong></span> <span class='ocrx_word' id='word_1_370' title='bbox 641 2602 684 2636; x_wconf 86' lang='grc'><strong><em>36</em></strong></span> <span class='ocrx_word' id='word_1_371' title='bbox 701 2601 738 2645; x_wconf 77' lang='grc' dir='ltr'><strong><em>ἐξ</em></strong></span> <span class='ocrx_word' id='word_1_372' title='bbox 749 2603 795 2637; x_wconf 85' lang='lat' dir='ltr'><strong><em>m&#39;.</em></strong></span> <span class='ocrx_word' id='word_1_373' title='bbox 806 2620 853 2631; x_wconf 88' lang='lat'><strong>—</strong></span> <span class='ocrx_word' id='word_1_374' title='bbox 875 2604 920 2639; x_wconf 80' lang='lat'><strong><em>38</em></strong></span> <span class='ocrx_word' id='word_1_375' title='bbox 938 2603 1011 2639; x_wconf 77' lang='grc' dir='ltr'><strong><em>ἔστι</em></strong></span> <span class='ocrx_word' id='word_1_376' title='bbox 1028 2606 1069 2640; x_wconf 83' lang='grc' dir='ltr'><strong><em>τὸ</em></strong></span> <span class='ocrx_word' id='word_1_377' title='bbox 1092 2605 1126 2640; x_wconf 82' lang='lat' dir='ltr'><strong><em>d.</em></strong></span> <span class='ocrx_word' id='word_1_378' title='bbox 1145 2624 1187 2630; x_wconf 97' lang='lat'><strong>—</strong></span> <span class='ocrx_word' id='word_1_379' title='bbox 1210 2605 1251 2639; x_wconf 89' lang='lat'><strong><em>41</em></strong></span> <span class='ocrx_word' id='word_1_380' title='bbox 1269 2603 1320 2637; x_wconf 86' lang='lat' dir='ltr'><strong><em>alt</em></strong></span> <span class='ocrx_word' id='word_1_381' title='bbox 1337 2600 1378 2637; x_wconf 85' lang='grc' dir='ltr'><strong>τό</strong></span> <span class='ocrx_word' id='word_1_382' title='bbox 1398 2613 1452 2636; x_wconf 90' lang='lat' dir='ltr'><strong><em>om</em></strong></span> <span class='ocrx_word' id='word_1_383' title='bbox 1467 2602 1554 2647; x_wconf 64' lang='lat' dir='ltr'>prul,</span> <span class='ocrx_word' id='word_1_384' title='bbox 1577 2608 1657 2646; x_wconf 84' lang='lat' dir='ltr'><strong>post</strong></span> <span class='ocrx_word' id='word_1_385' title='bbox 1673 2600 1740 2646; x_wconf 74' lang='grc' dir='ltr'><strong><em>μὲν</em></strong></span> 
     </span>
     <span class='ocr_line' id='line_1_37' title="bbox 320 2647 733 2703; baseline 0.007 -25"><span class='ocrx_word' id='word_1_386' title='bbox 320 2657 384 2689; x_wconf 84' lang='lat' dir='ltr'><strong><em>pos</em></strong></span> <span class='ocrx_word' id='word_1_387' title='bbox 402 2647 426 2679; x_wconf 80' lang='lat' dir='ltr'><strong><em>i.</em></strong></span> <span class='ocrx_word' id='word_1_388' title='bbox 451 2665 496 2673; x_wconf 89' lang='lat'><strong>—</strong></span> <span class='ocrx_word' id='word_1_389' title='bbox 518 2648 620 2703; x_wconf 68' lang='grc' dir='ltr'><strong><em>τῶν]τ</em></strong></span> <span class='ocrx_word' id='word_1_390' title='bbox 624 2648 674 2692; x_wconf 79' lang='grc' dir='ltr'><strong><em>τῷ</em></strong></span> <span class='ocrx_word' id='word_1_391' title='bbox 691 2648 733 2681; x_wconf 95' lang='grc' dir='ltr'><strong><em>Β.</em></strong></span> 
     </span>
    </p>

    <p class='ocr_par' dir='ltr' id='par_1_7' title="bbox 318 2683 1740 2785">
     <span class='ocr_line' id='line_1_38' title="bbox 407 2683 1740 2752; baseline 0 -28"><span class='ocrx_word' id='word_1_392' title='bbox 407 2690 572 2735; x_wconf 68' lang='grc' dir='ltr'><strong><em>31ὴ5έφ’</em></strong></span> <span class='ocrx_word' id='word_1_393' title='bbox 590 2686 746 2738; x_wconf 79' lang='grc' dir='ltr'><strong><em>ᾦοπιπ.</em></strong></span> <span class='ocrx_word' id='word_1_394' title='bbox 770 2711 816 2718; x_wconf 90' lang='grc'><strong>-</strong></span> <span class='ocrx_word' id='word_1_395' title='bbox 838 2693 1154 2752; x_wconf 72' lang='grc' dir='ltr'><strong><em>ὃιππωρτοσιᾶ.</em></strong></span> <span class='ocrx_word' id='word_1_396' title='bbox 1180 2711 1223 2719; x_wconf 88' lang='grc'>-</span> <span class='ocrx_word' id='word_1_397' title='bbox 1245 2687 1311 2736; x_wconf 77' lang='grc' dir='ltr'><strong><em>Βῆ</em></strong></span> <span class='ocrx_word' id='word_1_398' title='bbox 1331 2691 1385 2735; x_wconf 83' lang='grc' dir='ltr'><strong><em>εἰ]</em></strong></span> <span class='ocrx_word' id='word_1_399' title='bbox 1407 2689 1548 2727; x_wconf 76' lang='grc' dir='ltr'><strong><em>εἰδὲη.</em></strong></span> <span class='ocrx_word' id='word_1_400' title='bbox 1573 2709 1616 2716; x_wconf 94' lang='grc'>-</span> <span class='ocrx_word' id='word_1_401' title='bbox 1650 2683 1740 2734; x_wconf 60' lang='lat' dir='ltr'><strong><em>vnn</em></strong></span> 
     </span>
     <span class='ocr_line' id='line_1_39' title="bbox 318 2705 1738 2785; baseline -0.001 -15"><span class='ocrx_word' id='word_1_402' title='bbox 318 2733 361 2770; x_wconf 80' lang='grc' dir='ltr'><strong><em>τὸ</em></strong></span> <span class='ocrx_word' id='word_1_403' title='bbox 378 2745 412 2769; x_wconf 84' lang='grc' dir='ltr'><strong><em>π.</em></strong></span> <span class='ocrx_word' id='word_1_404' title='bbox 436 2753 481 2760; x_wconf 83' lang='grc'><strong>-</strong></span> <span class='ocrx_word' id='word_1_405' title='bbox 507 2738 544 2770; x_wconf 88' lang='lat' dir='ltr'><strong><em>ll</em></strong></span> <span class='ocrx_word' id='word_1_406' title='bbox 565 2726 604 2773; x_wconf 76' lang='grc' dir='ltr'><strong><em>οἷ</em></strong></span> <span class='ocrx_word' id='word_1_407' title='bbox 619 2748 674 2770; x_wconf 89' lang='lat' dir='ltr'><strong><em>om</em></strong></span> <span class='ocrx_word' id='word_1_408' title='bbox 696 2738 734 2770; x_wconf 92' lang='lat' dir='ltr'><em>A.</em></span> <span class='ocrx_word' id='word_1_409' title='bbox 757 2755 802 2766; x_wconf 75' lang='grc' dir='ltr'><strong><em>-ι</em></strong></span> <span class='ocrx_word' id='word_1_410' title='bbox 827 2738 868 2772; x_wconf 81' lang='grc'><strong><em>15</em></strong></span> <span class='ocrx_word' id='word_1_411' title='bbox 884 2728 968 2784; x_wconf 59' lang='grc' dir='ltr'><strong><em>ἣ]“Ἀ</em></strong></span> <span class='ocrx_word' id='word_1_412' title='bbox 942 2753 964 2785; x_wconf 89' lang='grc' dir='ltr'><strong><em>η</em></strong></span> <span class='ocrx_word' id='word_1_413' title='bbox 986 2750 1020 2772; x_wconf 75' lang='grc' dir='ltr'><strong><em>ιι.</em></strong></span> <span class='ocrx_word' id='word_1_414' title='bbox 1043 2757 1088 2764; x_wconf 95' lang='grc'><strong><em>--</em></strong></span> <span class='ocrx_word' id='word_1_415' title='bbox 1115 2738 1154 2772; x_wconf 83' lang='lat'><strong><em>19</em></strong></span> <span class='ocrx_word' id='word_1_416' title='bbox 1172 2737 1208 2773; x_wconf 83' lang='grc' dir='ltr'><strong><em>εἰ</em></strong></span> <span class='ocrx_word' id='word_1_417' title='bbox 1221 2735 1284 2773; x_wconf 80' lang='grc' dir='ltr'><strong><em>καὶ</em></strong></span> <span class='ocrx_word' id='word_1_418' title='bbox 1287 2705 1378 2771; x_wconf 57' lang='lat' dir='ltr'><strong><em>ndum</em></strong></span> <span class='ocrx_word' id='word_1_419' title='bbox 1403 2755 1444 2763; x_wconf 91' lang='lat'><em>-</em></span> <span class='ocrx_word' id='word_1_420' title='bbox 1470 2736 1515 2770; x_wconf 79' lang='lat'><strong><em>24</em></strong></span> <span class='ocrx_word' id='word_1_421' title='bbox 1534 2735 1738 2781; x_wconf 81' lang='grc' dir='ltr'><strong><em>γίγνεταιπ.</em></strong></span> 
     </span>
    </p>
   </div>
  </div>
 </body>
</html>
