1780 3100
211 215 290 255 432
726 215 972 259 Analytica
1005 215 1171 258 priora.

264 313 345 352 lam
371 312 405 350 si
424 313 470 351 fit
493 312 753 362 syllogismum,
774 312 844 350 fiat
867 311 973 361 πρὸς
997 311 1045 351 τὸ
1073 311 1498 364 μεταλαμβανόμενον
1522 324 1686 354 necesse

265 380 340 424 est,
367 376 406 413 h.
436 389 471 415 e.
502 375 560 412 siu
589 379 718 412 autem
748 375 999 426 syllogismus
1028 377 1068 414 in
1095 376 1157 413 his
1187 377 1313 419 locum
1341 377 1473 424 habet,
1495 375 1590 413 nihil
1610 376 1687 415 hoc

264 438 490 489 syllogismo
511 437 771 475 demonstrari
792 439 936 488 poterit
953 439 1026 478 nisi
1048 438 1096 478 τὸ
1126 438 1563 489 μεταλαμβανόμενον,
1592 451 1626 476 e.
1647 452 1686 490 g.

264 501 340 538 hoc
368 500 496 537 modo.
553 500 666 547 Quod
696 513 718 537 e
738 505 867 539 mente
895 502 1042 552 pendet
1069 515 1145 557 non
1174 503 1319 554 pendet
1345 515 1393 540 ex
1411 515 1591 551 corpore,
1619 513 1686 539 vo-

265 563 394 600 luutas
436 562 580 612 pendet
617 575 640 599 e
676 568 829 607 mente,
868 565 1044 602 voluntas
1083 565 1202 616 igitur
1240 578 1316 603 non
1344 565 1489 616 pendet
1517 576 1566 601 ex
1592 575 1686 601 cor-

261 638 358 677 pore
377 645 430 651 —
447 624 523 662 hoc
544 636 633 662 esse
654 625 756 674 quod
779 626 1012 665 Aristoteles
1040 629 1115 666 sibi
1143 628 1238 666 velit
1265 633 1377 679 patet
1403 640 1451 665 ex
1480 639 1552 664 usu
1572 638 1686 676 prae-

262 687 470 739 positionis
506 686 632 737 πρός,
673 700 772 737 quae
808 689 920 727 aliam
957 691 1072 728 huius
1108 691 1182 728 loci
1219 690 1581 740 interpretationem
1609 701 1686 726 non

261 741 463 789 admittit2'
498 750 660 788 eandem
705 751 781 788 vim
830 754 1071 801 praepositio
1111 754 1282 791 habebat
1320 755 1484 800 291123,
1519 753 1685 799 40b39‚

260 814 380 851 41³6
404 825 461 862 sq.
507 813 550 850 Id
573 825 678 860 vero,
697 813 841 863 pergit,
863 815 966 863 quod
986 815 1330 852 demonstrandum
1360 819 1423 851 est
1450 811 1516 858 (τὸ
1544 810 1584 860 ἐξ
1612 811 1686 863 ἀρ-

257 876 344 928 χῆς,
373 887 516 926 corpus
556 887 631 912 non
653 876 810 912 moveri
844 887 915 924 per
943 888 986 913 se
1013 876 1160 918 solum)
1190 889 1212 914 e
1240 875 1493 914 concessione
1521 889 1686 926 suspen-

259 951 345 977 sum
381 943 466 976 est:
506 934 710 986 ὁμολογία
738 949 852 987 quam
881 937 978 976 dicit
1006 938 1103 975 haec
1130 943 1205 987 est,
1232 950 1404 989 „corpus
1434 950 1508 976 non
1537 939 1685 977 moveri

258 1013 331 1051 per
352 1013 395 1038 se
417 1000 554 1045 solum,
580 1000 614 1036 si
642 999 818 1036 voluntas
846 1011 922 1037 non
951 1001 1120 1050 pendeat
1148 1013 1196 1038 ex
1224 1000 1416 1052 corpore”
1445 1022 1493 1030 —-
1522 1013 1573 1039 ne
1600 1003 1685 1051 quis

257 1067 370 1114 putet
390 1060 437 1101 τὸ
459 1060 884 1113 μεταλαμβανόμενον
906 1063 1153 1100 Aristotelem
1175 1063 1308 1102 dicere
1332 1062 1606 1112 περαίνεσθαι
1629 1062 1684 1103 δι’

258 1124 498 1176 ὁμολογίας,
528 1138 743 1174 monemus,
771 1125 873 1175 quod
902 1125 997 1163 illud
1027 1126 1183 1174 quidem
1213 1126 1439 1176 syllogismo
1467 1123 1684 1177 categorico

257 1189 398 1228 confici
431 1202 550 1239 posse
586 1189 746 1235 dixerit,
792 1200 814 1225 e
861 1187 1114 1226 concessione
1163 1201 1255 1227 vero
1301 1202 1534 1239 suspensum
1581 1190 1685 1228 dicat

257 1251 385 1303 ipsum
404 1265 543 1290 nexum
559 1251 767 1296 causalem,
791 1251 855 1304 qui
871 1251 1045 1289 obtineat
1063 1252 1162 1289 inter
1183 1252 1442 1290 conditionem
1457 1257 1497 1289 et
1517 1252 1556 1289 id
1579 1253 1686 1303 quod

259 1327 308 1354 ex
335 1328 380 1353 ea
409 1316 632 1364 colligatur:
662 1326 784 1363 quare
815 1313 923 1351 addit
949 1318 1015 1351 aut
1041 1314 1202 1351 concedi
1229 1315 1374 1352 debere
1399 1314 1503 1352 hunc
1529 1327 1685 1362 nexum,

256 1381 301 1417 ut
326 1377 397 1415 fiat
418 1378 682 1428 syllogismus,
705 1381 786 1426 aut,
815 1377 846 1413 si
875 1389 950 1414 non
979 1376 1231 1425 concedatur,
1260 1377 1335 1414 alia
1355 1377 1566 1427 hypothesi
1584 1390 1683 1428 opus

255 1453 370 1488 esse,
407 1441 510 1478 unde
539 1439 670 1490 colligi
702 1440 826 1489 possit
851 1437 898 1477 τὸ
928 1435 968 1486 ἐξ
994 1437 1135 1490 ἀρχῆς,
1163 1451 1199 1478 v,
1228 1452 1260 1478 c.
1290 1440 1323 1477 si
1350 1441 1436 1488 quis
1465 1441 1569 1478 dicat
1597 1452 1683 1478 cor-

255 1515 329 1553 pus
368 1502 516 1541 moveri
551 1514 670 1551 posse
707 1514 780 1551 per
806 1514 849 1539 se
877 1501 1028 1548 solum,
1070 1502 1187 1539 etiam
1217 1501 1251 1538 si
1277 1501 1453 1540 voluntas
1482 1514 1556 1541 non
1584 1515 1684 1553 pen-

254 1566 348 1604 deat
374 1577 421 1603 ex
451 1577 629 1614 corpore,
658 1576 755 1602 nova
782 1563 993 1614 hypothesi
1022 1576 1119 1614 opus
1150 1564 1245 1608 erit,
1274 1576 1350 1613 qua
1377 1566 1566 1613 probetur
1593 1577 1681 1602 cor-

253 1641 328 1679 pus
364 1640 441 1666 non
477 1627 626 1665 moveri
656 1640 729 1675 per
756 1639 800 1664 se
828 1627 977 1674 solum,
1007 1639 1041 1666 e.
1071 1639 1107 1676 g.
1138 1626 1236 1663 hac:
1277 1626 1341 1672 „si
1368 1638 1476 1663 mens
1504 1630 1683 1665 movetur

255 1703 328 1741 per
356 1703 413 1738 se,
443 1701 587 1740 corpus
615 1701 692 1726 non
720 1702 791 1738 per
819 1687 902 1727 se”.
945 1688 1070 1726 Recte
1097 1688 1184 1726 Zell
1213 1688 1312 1734 „Bei
1339 1688 1446 1745 allen⁸
1468 1688 1603 1727 diesen
1630 1690 1684 1727 ist

253 1753 326 1791 der
361 1751 520 1790 Schluss
558 1751 630 1788 auf
660 1751 728 1788 das
765 1751 962 1800 gerichtet
995 1763 1075 1788 was
1113 1751 1169 1788 als
1202 1750 1338 1788 Grund
1375 1750 1445 1787 des
1473 1750 1683 1801 bedingten

253 1814 392 1854 Satzes
415 1811 480 1860 (τὸ
493 1812 937 1864 μεταλαμβανόμενον)
958 1826 1238 1864 angenommen
1257 1812 1416 1850 worden
1436 1813 1530 1862 ist'',
1552 1826 1683 1864 quam-

256 1892 373 1930 quam
409 1878 487 1915 hoc
525 1889 601 1915 non
629 1882 691 1915 est
717 1882 894 1925 vertere,
929 1877 1000 1915 sed
1040 1876 1168 1914 simile
1204 1875 1411 1926 quidquam
1440 1875 1526 1913 aliis
1554 1877 1683 1916 verbis

254 1941 496 1991 exprimere3
524 1940 697 1977 ostendit
733 1942 866 1977 autem
894 1943 984 1976 nota
1011 1939 1162 1976 adiecta
1189 1950 1265 1976 non
1293 1943 1400 1975 recte
1426 1938 1591 1977 Zellium
1618 1939 1682 1978 in-

253 2002 453 2042 tellexisse
478 2014 634 2039 sensum
657 2002 770 2039 huius
788 2002 918 2038 verbi:
947 2001 1045 2038 dicit
1063 2001 1166 2039 enim
1186 1999 1233 2039 τὸ
1251 1999 1681 2055 μεταλαμβανόμενον

254 2079 338 2105 eam
367 2065 674 2115 propositionem
703 2063 925 2114 significare
956 2076 1056 2113 quae
1083 2076 1172 2102 cum
1201 2064 1419 2101 conditione
1445 2063 1682 2113 proferatur,

254 2141 369 2181 quam
398 2127 619 2166 Alexander
657 2138 845 2176 expresse
882 2125 979 2164 dicit
1004 2127 1134 2164 vocari
1160 2125 1209 2165 τὸ
1235 2126 1682 2177 προσλαμβανόμενον,

252 2203 330 2230 non
365 2188 413 2229 τὸ
451 2187 891 2239 μεταλαμβανόμενον.
956 2188 1170 2227 Obscurius
1200 2189 1313 2226 Biese
1340 2188 1370 2228 I.
1399 2202 1438 2239 p.
1470 2191 1544 2227 155
1573 2189 1682 2238 „Der

250 2253 410 2294 schlurs
446 2253 543 2291 wird
581 2253 669 2291 hier
705 2251 936 2301 angewandt
962 2264 1034 2289 nur
1060 2252 1131 2289 auf
1155 2253 1248 2300 das,
1286 2264 1364 2290 was
1392 2264 1440 2289 an
1467 2252 1531 2290 die
1558 2252 1682 2291 Stelle

254 2317 325 2356 des
364 2329 414 2355 zu
441 2315 714 2354 beweisenden
743 2314 881 2353 Satzes
918 2327 1196 2364 angenommen
1225 2315 1298 2361 ist;
1326 2314 1378 2352 ist
1406 2313 1534 2352 dieses
1561 2327 1680 2365 zuge-

250 2381 400 2433 geben,
430 2391 473 2417 so
501 2379 621 2425 wird,
650 2390 762 2415 wenn
798 2389 840 2415 es
869 2377 955 2414 sich
984 2377 1160 2414 wirklich
1187 2388 1232 2415 so
1261 2377 1423 2426 verbim,
1451 2377 1591 2414 damus
1613 2376 1679 2427 je-

248 2455 321 2482 ner
358 2441 452 2481 Satz
489 2441 710 2493 gefolgert;
744 2439 840 2478 oder
878 2439 971 2478 wird
1002 2439 1118 2489 jenes
1153 2440 1261 2478 nicht
1297 2439 1589 2490 zugestmden,
1620 2449 1678 2477 'so

247 2506 346 2557 geht
366 2518 454 2543 man
483 2516 558 2542 von
586 2503 695 2541 einer
721 2502 868 2541 andern
897 2502 1098 2541 Annahme
1126 2502 1234 2541 aus''.
1262 2502 1344 2540 Nos
1373 2501 1500 2539 locum
1527 2502 1567 2539 in
1593 2512 1678 2543 ser-

245 2580 402 2608 monem
426 2566 598 2618 patrium
619 2565 808 2604 vertimus
831 2566 903 2603 ita:
931 2565 1001 2612 „ln
1029 2564 1129 2603 allen
1158 2564 1490 2615 hypothetischen
1511 2563 1674 2601 Schliis-

245 2643 317 2670 sen
354 2630 526 2668 niimlich
559 2628 655 2678 geht
689 2628 761 2666 der
800 2626 959 2665 Schluss
995 2640 1069 2666 nur
1106 2627 1177 2666 auf
1210 2628 1279 2665 das
1301 2626 1514 2669 >veriindert
1540 2627 1672 2677 Ange-

243 2704 452 2732 nommene
488 2690 578 2738 (auf
610 2690 676 2731 die
701 2690 957 2743 Bedingung,
995 2690 1061 2730 die
1086 2690 1196 2730 nicht
1221 2689 1334 2729 mehr
1359 2688 1543 2740 bedingt,
1577 2699 1673 2727 sou—
