1826 3112
315 200 394 239 244
825 201 1231 235 ΑΝΑΛΤΤΙΚΩΝ

237 297 302 343 15
444 297 520 348 Ἑν
546 297 657 362 ποίῳ
692 297 739 343 δὲ
768 295 953 359 σχήματι
982 297 1093 344 εστιν
1118 296 1204 353 ἐξ’
1177 297 1471 379 αντικειμένων
1484 297 1732 380 προτάσεων

314 366 662 425 συλλογίσασθαι
676 363 749 408 καὶ
762 363 805 410 ἐν
817 365 927 429 ποίῳ
940 382 1026 410 ουκ
1039 365 1161 420 ε’στιν,
1185 358 1259 445 926'
1271 364 1384 410 ἔσται
1397 363 1603 423 φανερόν.
1625 364 1733 424 λέγω

318 429 356 476 δ’
388 429 677 489 ἀντικειμένας
703 424 811 476 εἶναι
840 430 1068 489 προτάσεις
1101 429 1208 476 κατὰ
1241 431 1316 488 μὲν
1347 428 1427 491 τήν
1458 428 1570 484 λέξιν
1589 429 1732 475 τέττα-

267 516 302 544 25
318 514 410 555 ρας,
430 493 526 541 οἷον
548 513 599 540 το
622 497 749 541 παντὶ
764 499 826 559 τῷ
850 495 1012 551 ουδενί,
1030 498 1103 542 καὶ
1120 494 1169 541 τὸ
1191 497 1318 541 παντὶ
1335 500 1398 559 τ9ἶ
1418 494 1476 541 οὐ
1498 496 1639 552 παντί,
1660 496 1734 539 καὶ

314 560 366 607 τὸ
398 563 479 607 τινὶ
498 565 561 605 τιῖ
588 559 750 617 οὐδενί,
781 564 854 607 καὶ
876 562 927 608 τὸ
947 565 1031 608 τινὶ
1053 567 1115 626 τῷ
1139 561 1197 608 οὐ
1215 562 1310 618 τινί,
1340 560 1429 606 κατ’
1454 559 1667 622 ἀλήθειαν
1687 561 1733 606 δὲ

313 625 522 686 τρεῖς·τὸ
549 625 632 686 γὰρ
659 628 741 673 τινὶ
766 646 826 691 τ9)
860 626 918 675 οὐ
946 630 1028 674 τινὶ
1043 627 1151 673 κατὰ
1169 626 1249 689 τὴν
1273 626 1433 682 λέξιν
1405 628 1630 673 αντίκειται
1647 625 1732 685 μό-

311 710 400 738 νον.
446 691 614 738 τούτων
643 691 682 739 δ’
704 693 894 750 ἐναντίας
913 712 989 753 μεν
1007 692 1086 749 τὰς
1110 693 1328 748 καθόλου,
1347 691 1399 738 τὸ
1420 694 1546 738 παντὶ
1566 696 1629 756 τ9ῖ
1648 709 1732 753 μη-

314 759 404 803 δενὶ
423 755 644 818 υπάρχειν,
679 756 772 804 οἷον
787 756 838 804 τὸ
859 764 1005 805 πᾶσαν
1025 759 1262 821 ἐπιστήμην
1280 756 1386 804 εἶναι
1406 759 1652 804 σπουδαίαν
1670 760 1733 821 τῷ

266 843 301 871 so
314 823 526 886 μηδεμίαν
544 829 650 870 εἰναι
671 827 931 904 σπουδαίαν,
953 843 1029 881 τας
1050 823 1088 870 δ’
1108 823 1242 880 ἄλλας
1269 823 1567 882 ἀντικειμένας

446 887 520 934 Ἐν
544 908 622 949 μεν
651 882 736 936 οὖν
769 894 830 954 τῷ
857 889 1012 954 πρωτ9)
1037 889 1219 952 σχήματι
1250 887 1335 935 οὐκ
1359 889 1471 934 ἔστιν
1489 886 1578 943 ἐξ’
1551 904 1732 933 αντικει-

315 953 455 1013 μένων
473 954 727 1013 προτάσεων
745 956 1051 1016 συλλογισμός,
1071 954 1174 1037 οῖ’),τε
1190 952 1483 1015 καταφατικός
1500 952 1600 1000 οὔτε
1621 951 1732 998 ἄπο-

315 1019 524 1079 φατικός,
566 1018 860 1081 καταφατικὸς
896 1040 973 1080 μεν
1017 1019 1080 1067 ότι
1110 1019 1356 1081 αιιφοτέρας
1394 1024 1462 1066 δεῖ
1493 1036 1732 1079 καταφατι-

314 1083 396 1141 κὰς
435 1081 541 1131 εἶναι
583 1084 663 1142 τοὶς
703 1086 958 1145 προτάσεις,
1012 1088 1057 1132 αἱ
1090 1085 1128 1133 δ’
1166 1085 1444 1145 ἄντικείμεναι
1487 1085 1623 1145 φάσις
1658 1085 1733 1129 καὶ

266 1169 301 1197 35
316 1149 565 1210 οἷπόφασις,
591 1150 841 1214 στερητικὸς
871 1154 917 1198 δὲ
950 1150 1017 1198 ὅτι
1044 1153 1088 1198 αὶ
1116 1154 1194 1212 μὲν
1232 1151 1510 1210 άντικείμεναι
1540 1148 1588 1196 τὸ
1622 1147 1732 1195 αὐτὸ

314 1220 398 1262 τοῦ
419 1215 561 1263 αὐτοῦ
579 1222 871 1280 κατηγοροῦσι
889 1219 962 1263 καὶ
984 1216 1292 1276 άπαρνοῦνται,
1314 1216 1364 1264 τὸ
1387 1216 1425 1263 δ
1443 1219 1488 1263 ἐν
1499 1221 1559 1280 τ9ἶ
1574 1215 1732 1297 πρώτῳ

314 1282 448 1342 μέσον
473 1300 531 1330 ου
560 1283 722 1344 λέγεται
750 1282 842 1329 κατ’
861 1283 1039 1344 οἷμφοῖν,
1063 1283 1157 1329 ἀλλ’
1182 1285 1349 1330 ἐκείνου
1366 1302 1442 1343 μεν
1462 1282 1568 1328 αλλο
1592 1280 1733 1339 απαρ-

314 1354 471 1404 νεῖται,
515 1347 628 1395 αὐτὸ
658 1351 704 1396 δε
737 1347 877 1396 αλλου
900 1356 1219 1412 κατηγορεῖται·
1266 1343 1413 1396 αὗται
1427 1347 1465 1395 δ’
1498 1365 1584 1394 ουκ
1617 1345 1733 1393 αντί-

314 1431 485 1461 κεινται.

265 1493 301 1520 40
444 1477 519 1525 Ἐν
547 1480 596 1525 δε
623 1483 683 1544 τῷ
703 1480 820 1544 μέσ9)
850 1480 1036 1542 σχήματι
1066 1482 1139 1525 καὶ
1170 1481 1216 1526 ἐκ
1231 1498 1320 1526 των
1339 1478 1635 1539 αντικειμένων
1660 1477 1734 1523 καὶ

315 1543 362 1590 ἐκ
392 1549 480 1591 τῶν
508 1545 709 1592 ἐναντίων
731 1527 939 1613 ἐνδέχεται
962 1547 1159 1607 γίνεσθαι
1181 1545 1484 1613 συλλογισμόν.
1530 1545 1634 1590 ε’στω
1652 1540 1733 1624 γάρ

212 1630 248 1662 p.
256 1608 489 1671 64αγαθὸν
518 1612 596 1671 μὲν
622 1611 689 1671 ἐφ’
722 1614 780 1658 οὐ
810 1616 860 1668 A,
892 1611 1105 1674 ἐπιστήιιη
1127 1613 1173 1658 δε
1197 1610 1264 1672 ἐφ’
1285 1614 1342 1658 οὐ
1363 1616 1400 1657 Β
1422 1612 1494 1656 καὶ
1514 1614 1565 1655 Γ.
1613 1610 1649 1654 εἰ
1676 1606 1734 1669 δὴ

315 1680 462 1723 πᾶσαν
492 1676 731 1740 ἐπιστήμην
763 1680 1009 1724 σπουδαίαν
1039 1679 1158 1737 ἔλαβε
1189 1679 1262 1723 καὶ
1294 1677 1517 1740 μηδεμίαν,
1547 1672 1596 1720 τὸ
1615 1678 1651 1720 Α
1673 1677 1734 1738 τῷ

315 1745 353 1786 Β
371 1743 497 1787 παντὶ
515 1741 699 1802 υπάρχει
719 1745 791 1789 καὶ
811 1747 874 1807 τῷ
896 1748 941 1789 Γ
956 1742 1116 1799 οὐδενί,
1147 1741 1252 1789 ωστε
1275 1742 1325 1789 τό
1355 1747 1391 1789 Β
1415 1746 1479 1806 τῷ
1505 1745 1549 1787 Γ
1563 1719 1732 1786 οὐδενί·

316 1805 541 1867 ουδεμία”
513 1827 596 1867 αρα
609 1809 818 1872 ἐπιστήμη
831 1789 1043 1871 ἐπιστήμη
1056 1810 1178 1855 ἐστίν.
1203 1808 1364 1868 ὁμοίως
1377 1810 1423 1855 δὲ
1445 1808 1518 1853 καὶ
1540 1808 1577 1853 εἰ
1589 1810 1734 1851 πᾶσαν

282 1872 459 1933 ελαβων
492 1877 755 1920 σπουδαίαν.
777 1873 855 1936 τήν
901 1874 1101 1935 ἰατρικήν
1130 1874 1189 1934 μὴ
1218 1876 1465 1920 σπουδαίαν
1495 1874 1633 1931 ελαβε·
1673 1889 1733 1935 τ9)

313 1940 392 1998 μεν
410 1957 492 1999 γαρ
509 1943 546 1984 Β
568 1942 695 1985 παντὶ
716 1937 767 1985 τὸ
788 1944 838 1995 Α,
869 1957 928 2004 τ9)
955 1941 1000 1985 δὲ
1022 1943 1067 1983 Γ
1080 1939 1241 1994 οὐδενί,
1263 1938 1368 1985 ω’στε
1389 1937 1418 2000 ἡ
1437 1940 1501 1993 τὶς
1523 1916 1733 1997 ἐπιστήμη

315 2003 403 2050 οὐκ
435 2004 550 2049 εσται
582 2005 803 2066 ἐπιστήμη.
848 2006 921 2049 καὶ
955 2005 993 2049 εἰ
1011 2008 1071 2068 τῷ
1097 2022 1174 2062 μεν
1196 2008 1241 2049 Γ
1258 2006 1382 2050 παντὶ
1403 2002 1454 2050 τὸ
1478 2008 1528 2058 Α,
1545 2005 1609 2066 τῷ
1627 2003 1673 2047 δε
1695 2004 1733 2046 Β

313 2070 477 2131 μηδενί,
514 2069 601 2114 ἔστι
632 2071 678 2116 δε
704 2068 755 2115 τό
785 2070 862 2128 μεν
891 2073 928 2114 Β
952 2069 1177 2131 ἐπιστήμη,
1197 2068 1248 2116 τὸ
1276 2072 1322 2115 δε
1350 2070 1590 2129 Γίατρική,
1611 2065 1663 2112 τὸ
1684 2067 1731 2112 δε

313 2139 352 2180 A
381 2132 630 2195 ὑπόληψις·
659 2133 866 2194 ουδεμίαν
897 2133 979 2216 γὰρ
1003 2135 1239 2197 ἐπιστήιιην
1264 2133 1494 2196 ὑπόληψιν
1509 2130 1654 2193 λαβων
1673 2134 1733 2178 εἴ-

265 2216 300 2244 10
315 2203 429 2262 ληφε
447 2217 542 2246 τινα
563 2201 798 2281 ἐπιστήμην
819 2205 927 2246 εἰναι
943 2198 1185 2262 ὑπόληψιν.
1221 2201 1416 2261 διαφέρει
1433 2202 1479 2250 δὲ
1497 2203 1594 2249 τοῦ
1599 2198 1733 2244 πάλαι

315 2270 379 2330 τ9ἶ
400 2266 469 2311 ἐπὶ
487 2284 576 2312 των
588 2284 702 2326 ορων
722 2265 1101 2326 αντιστρέφεσθαι·
1123 2266 1335 2327 πρότερον
1354 2268 1431 2325 μὲν
1450 2264 1530 2346 γάρ
1551 2262 1660 2323 πρὸς
1671 2282 1730 2328 τ9)

316 2312 366 2390 13‘,
397 2336 483 2378 νῦν
511 2333 557 2378 δὲ
580 2330 697 2395 πρὸς
725 2351 785 2397 τ9)
825 2330 935 2378 Γτὸ
954 2331 1259 2393 καταφατικόν.
1280 2333 1361 2378 καὶ
1384 2350 1438 2378 αν
1458 2323 1488 2390 ᾖ
1506 2332 1552 2376 δε
1568 2327 1628 2391 μὴ
1648 2347 1730 2374 κα-

403 2464 447 2494 22
465 2463 745 2505 συλλογίσασθαι
761 2459 972 2506 προτάσεων
994 2463 1029 2495 C.
1066 2483 1106 2488 —
1139 2464 1184 2496 25
1211 2470 1245 2495 et
1268 2463 1311 2495 26
1336 2459 1395 2505 τὸ]
1420 2462 1471 2505 τῷ
1483 2467 1604 2504 qnater
1620 2461 1730 2493 13.—

313 2507 358 2540 28
373 2504 440 2549 μὲν
455 2507 600 2550 λέγομεν
618 2506 683 2544 τὰς
707 2508 744 2539 Α.
761 2525 804 2530 -
819 2507 877 2564 τῷ
898 2508 937 2540 Β.
949 2525 992 2531 -
1018 2502 1144 2541 ουδενὶ
1159 2519 1192 2541 n.
1218 2525 1259 2531 —
1283 2506 1515 2559 3ομηδεμίαν
1532 2503 1731 2558 ἐπιστήμην

314 2548 455 2638 {hacn-
486 2569 531 2577 —
560 2552 603 2585 34
619 2550 749 2594 φάσεις
768 2550 830 2585 καὶ
847 2540 1054 2594 ἀποφάσεις
1071 2553 1135 2584 Au.
1167 2570 1210 2577 —
1242 2551 1285 2583 38
1306 2548 1413 2593 αὐτὸ]
1435 2549 1476 2584 τὸ
1502 2546 1596 2583 αὐτὰ
1620 2550 1661 2581 Β.
1687 2567 1729 2572 -

342 2597 354 2627 1
399 2609 410 2628 ι
434 2597 564 2629 νεσθαι
582 2607 616 2628 n.

376 2607 485 2673 y64al
501 2639 563 2673 καὶ
583 2651 638 2672 om
663 2640 698 2672 C.
721 2657 762 2664 —
789 2640 809 2673 6
828 2638 870 2673 τὰ
895 2643 935 2680 α]
959 2651 1009 2672 τω
1030 2639 1115 2683 (sio)
1134 2640 1172 2672 A.
1196 2657 1238 2663 —-
1263 2639 1304 2671 10
1331 2634 1552 2684 ἐπιστήμην
1554 2648 1609 2668 om
1630 2649 1664 2670 n.
1686 2656 1728 2662 —

311 2678 507 2727 υπόληψιν.
533 2682 556 2727 ἡ
560 2682 638 2739 γὰρ
658 2682 800 2730 ἰατρικὴ
825 2684 881 2723 τὶς
893 2682 1069 2739 ἐπιστήμη
1088 2682 1199 2723 ἐστίν,
1229 2678 1255 2727 ἤ
1273 2694 1328 2722 τις
1350 2680 1495 2726 ἐλήφθη
1515 2677 1612 2716 εἶναι
1629 2678 1728 2716 ὑπό-

312 2728 431 2770 ληψις.
455 2727 670 2773 διαφέρειπ.
694 2747 737 2753 -
767 2729 808 2762 12
822 2727 886 2763 ἐὰν
903 2740 936 2762 τι.
962 2747 1003 2754 -
1028 2726 1067 2762 δὲ
1086 2739 1140 2761 om
1163 2728 1199 2760 C.
