1794 3086
609 196 864 241 Annlytica
887 194 1062 239 priora.
1507 195 1588 236 Β

125 296 268 347 figura,
307 293 415 334 unde
449 306 527 334 non
555 295 604 335 fit
631 295 899 346 syllogismus.
962 293 1117 334 Eodem
1145 293 1245 333 ratio
1271 296 1337 332 est
1363 292 1585 346 syllogismi

124 359 157 398 ll
179 353 232 412 β’.
296 358 339 397 1η
376 357 618 410 syllogismis
646 359 700 398 111
719 353 759 411 γ’
786 363 829 398 et
855 352 887 398 ε’
913 362 1070 407 autem,
1108 362 1156 398 ut
1193 357 1396 397 conclusio
1434 358 1587 399 valeret

125 424 178 463 de
204 424 252 462 iis
280 434 384 473 quae
411 422 584 462 termino
611 422 746 462 medio
768 423 1078 471 continerentur,
1104 421 1327 474 propositio
1345 421 1473 461 maior
1492 435 1588 462 con-

124 486 325 539 iungenda
363 491 476 526 esset
507 499 598 526 cum
638 500 686 526 ea
722 486 999 539 propositione
1027 499 1130 538 quae
1167 487 1379 526 terminum
1408 485 1584 524 medium

123 552 177 591 de
204 551 388 591 omnibus
418 550 644 602 praedicari
679 551 834 590 diceret
862 563 965 601 quae
993 550 1031 590 ei
1070 551 1252 590 subiecta
1290 554 1440 598 essent,
1478 549 1586 590 unde

123 628 201 655 non
229 615 318 654 fieri
347 614 625 666 syllogismum
653 617 834 665 apparet,
864 614 957 665 quin
983 615 1022 653 in
1051 615 1179 666 prima
1206 615 1334 666 figura
1361 614 1586 667 propositio

124 679 251 718 maior
276 677 528 730 particularis
557 689 649 716 esse
674 678 825 728 nequit.

68 743 194 783 53b1
231 735 261 794 ᾗ
287 739 360 783 καὶ
386 738 433 781 ἐν
459 742 551 788 τοῖς
579 770 588 780 .
613 769 625 780 .
649 767 660 778 .
723 741 823 780 Item
851 746 969 792 atque
1005 741 1044 780 in
1083 741 1374 781 universalibus
1416 742 1588 796 syllogi-

122 807 221 846 smis
249 820 273 846 e
298 819 377 846 non
406 806 679 845 demonstrata
705 806 980 857 propositione
1011 805 1164 845 maiore
1192 805 1507 846 concludebatur
1533 806 1587 846 dc

122 872 172 911 iis
201 884 304 923 quae
331 871 464 910 medio
492 869 665 909 termino
694 869 873 909 subiecta
901 873 1004 910 sunt.

182 976 282 1030 Cap.
311 976 350 1018 2.
407 976 452 1015 E
478 977 588 1015 veris
613 975 967 1030 propositionibus
995 975 1119 1027 falsa
1147 974 1357 1014 conclusio
1374 976 1482 1027 fieri
1506 988 1587 1024 ne-

70 1042 174 1096 quit,
205 1055 228 1080 e
244 1041 375 1093 salsis
401 1053 504 1080 vera
526 1045 679 1092 potest.
735 1042 788 1080 26
818 1039 870 1078 In
891 1037 1195 1078 universalibus
1220 1039 1470 1092 syllogismis
1491 1040 1585 1093 pri-

69 1119 164 1146 mae
188 1107 370 1159 figurae
396 1118 499 1144 vera
528 1104 736 1143 conclusio
761 1104 870 1158 fieri
893 1108 1031 1155 potest
1063 1116 1087 1142 e
1115 1102 1222 1141 binis
1247 1103 1378 1155 salsis
1401 1105 1589 1157 proposi·

68 1169 274 1217 tionibus,
322 1170 410 1208 sive
453 1173 550 1207 sunt
600 1168 710 1207 veris
762 1167 1005 1207 contrariae
1043 1167 1132 1206 sive
1171 1179 1223 1206 ea·
1264 1171 1395 1219 parte
1427 1168 1591 1220 falsae.

69 1235 190 1272 54a2
230 1231 282 1272 Si
314 1233 449 1271 maior
487 1244 615 1270 verae
648 1231 931 1285 propositioni
966 1231 1185 1270 contraria
1219 1231 1411 1280 sumitur,
1453 1233 1590 1271 minor

69 1311 186 1346 vera,
227 1297 436 1336 conclusio
463 1309 564 1335 vera
593 1308 682 1334 esse
710 1308 792 1334 non
817 1300 982 1348 potest:
1028 1297 1078 1333 18
1101 1299 1257 1348 potest,
1296 1295 1335 1334 si
1360 1296 1497 1335 maior
1527 1300 1591 1336 est

58 1362 181 1414 falsa
220 1373 273 1400 es:
306 1366 449 1414 parte,
491 1360 627 1399 minor
664 1373 791 1399 vera.-
831 1361 884 1398 28
919 1364 1059 1412 potest
1097 1372 1200 1398 vera
1238 1372 1340 1407 esse,
1379 1359 1420 1398 si
1454 1361 1591 1400 maior

68 1438 185 1472 vera,
225 1425 361 1464 minor
398 1426 487 1464 sive
525 1425 741 1463 contraria
776 1437 905 1463 verae
941 1425 1031 1462 sive
1067 1424 1113 1469 (b
1126 1424 1171 1469 2)
1202 1423 1325 1475 falsa
1364 1435 1417 1462 ex
1449 1429 1591 1477 parte.

68 1491 157 1530 bu
202 1488 254 1527 In
286 1488 621 1542 particularibus
655 1488 906 1540 syllogismis
941 1488 979 1526 si
1005 1488 1141 1526 maior
1171 1492 1232 1526 est
1260 1487 1350 1525 sive
1377 1488 1592 1527 contraria

68 1566 196 1592 verae
220 1553 502 1605 propositioni
524 1552 614 1590 sive
632 1553 724 1597 (35)
746 1564 799 1590 ea·
822 1556 951 1604 parte
966 1551 1103 1603 salsa,
1134 1550 1343 1590 conclusio
1370 1563 1475 1590 vcra
1504 1565 1594 1592 esse

66 1620 236 1670 potest:
274 1615 396 1654 55a4
434 1616 534 1653 item
571 1613 609 1651 si
643 1613 778 1652 minor
807 1615 931 1665 salsa
964 1615 1158 1653 sumitur.
1228 1616 1279 1652 19
1320 1613 1374 1653 Si
1409 1621 1593 1670 utraque

59 1681 182 1733 salsa
212 1683 287 1728 est,
325 1679 414 1717 sive
443 1690 496 1717 es:
519 1682 650 1731 parte
677 1678 811 1716 maior
838 1678 929 1717 sive
958 1679 1051 1725 (28)
1081 1678 1300 1717 contraria
1327 1691 1456 1718 verae
1485 1694 1592 1733 pro-

65 1744 283 1797 positioni,
314 1742 525 1782 conclusio
551 1754 654 1781 vera
684 1754 773 1780 esse
795 1746 953 1794 potest.

69 1830 191 1869 53b9
227 1826 281 1869 οὐ
318 1826 429 1868 διότι
465 1825 555 1867 ἀλλ’
584 1824 663 1867 ὅτι.
729 1825 911 1877 Namque
948 1827 1200 1867 concluditur
1239 1827 1401 1879 quidem
1441 1828 1592 1881 aliquid

121 1907 259 1933 verum
297 1905 390 1932 esse
424 1904 556 1942 neque
592 1895 725 1929 tamen
763 1891 1017 1930 concluditur
1054 1904 1194 1931 verum
1233 1904 1325 1930 esse
1359 1898 1590 1944 propterea,

122 1958 228 2009 quod
266 1968 386 1995 verae
425 1955 506 1994 sint
544 1954 840 2006 propositiones
879 1967 930 1993 ex
969 1955 1115 2005 quibus
1143 1954 1349 1994 conclusio
1375 1955 1486 1995 facta
1514 1961 1592 1996 est.

122 2023 175 2061 At
214 2021 292 2059 iam
332 2032 410 2058 non
449 2018 610 2058 disserit
637 2017 878 2057 Aristoteles
917 2018 970 2057 de
1006 2019 1095 2070 ipsa
1132 2018 1398 2059 concludendi
1435 2020 1592 2059 ratione

123 2085 197 2133 (de
223 2085 357 2124 forma
385 2082 618 2135 syllogismi,
658 2093 776 2133 quam
805 2081 1008 2131 dicimus),
1049 2095 1146 2122 num
1183 2095 1277 2121 vera
1305 2084 1360 2122 sit
1395 2096 1445 2123 sn
1470 2083 1592 2131 falsa,

124 2149 199 2188 sed
226 2148 279 2186 de
305 2147 474 2186 veritate
500 2159 638 2185 rerum
669 2145 740 2191 (de
768 2146 972 2194 materia),
1010 2147 1061 2185 nd
1103 2159 1201 2198 quas
1229 2146 1431 2186 conclusio
1460 2148 1589 2198 perti-

124 2215 230 2252 neat.
285 2210 440 2249 'l'amen
468 2210 576 2260 quod
603 2209 688 2261 agit
714 2209 763 2248 ab
791 2215 879 2248 arte
914 2210 1180 2254 concludendi
1214 2210 1379 2249 minime
1417 2211 1590 2251 alienum

126 2279 214 2315 est:
242 2277 410 2326 apparet
437 2273 539 2312 enim
569 2286 593 2312 e
621 2273 685 2311 via
713 2278 756 2312 et
782 2274 936 2313 ratione
963 2287 1040 2326 qua
1068 2274 1251 2326 exempla
1271 2275 1474 2326 proponit,
1503 2276 1594 2327 qui-

124 2339 199 2379 bus
237 2350 373 2377 veram
412 2337 706 2377 conclusionem
748 2350 772 2376 e
811 2336 923 2377 falsis
963 2338 1305 2390 propositionibus
1344 2339 1432 2379 fieri
1469 2353 1594 2392 posse

121 2402 288 2450 doceat,
327 2401 369 2440 id
410 2402 448 2441 ei
486 2401 736 2454 propositum
766 2413 879 2452 esse,
922 2406 967 2441 ut
994 2402 1215 2454 patefaciat
1242 2402 1382 2454 quales
1410 2404 1595 2456 proposi·

122 2467 264 2513 tiones,
303 2466 425 2505 etism
464 2465 499 2504 si
535 2465 635 2504 nihil
672 2477 723 2503 ex
760 2465 811 2504 iis
848 2465 1124 2514 concludatur,
1164 2479 1256 2505 cum
1294 2467 1400 2517 quali
1429 2468 1594 2507 conclu-

123 2530 237 2570 sione
265 2534 374 2570 stare
402 2529 578 2582 possint:
608 2527 716 2580 quod
744 2529 777 2567 si
806 2529 1009 2569 inventum
1038 2530 1130 2579 erit,
1158 2530 1261 2570 hanc
1283 2531 1498 2571 utilitatem
1520 2532 1594 2572 ha-

122 2595 246 2644 bebit,
276 2594 382 2645 quod
406 2595 446 2634 in
466 2592 696 2633 retexendis
726 2593 970 2646 syllogismis
998 2593 1121 2633 facile
1142 2594 1218 2633 erit
1237 2596 1469 2647 perspicere
1489 2608 1594 2647 quae

122 2659 349 2710 propositio
380 2658 481 2698 l'alsa
510 2660 641 2696 sumta
670 2669 762 2696 esse
791 2658 933 2709 possit,
974 2670 1075 2709 quae
1103 2670 1206 2706 non3
1246 2671 1284 2699 c.
1314 2671 1348 2698 c.
1377 2660 1414 2699 si
1441 2660 1595 2700 scimus

126 2722 421 2763 conclusionem
450 2723 517 2769 „A
544 2723 596 2761 de
625 2721 734 2760 omni
757 2719 818 2760 C''
848 2725 956 2760 stare
984 2734 1106 2773 posse
1134 2735 1223 2762 cum
1253 2724 1592 2775 propositionibus

126 2787 190 2835 „A
216 2785 268 2825 de
295 2787 406 2827 nullo
435 2783 494 2826 B”
523 2790 565 2825 et
592 2785 654 2835 „B
681 2785 734 2824 de
762 2785 872 2825 nullo
901 2785 976 2834 C'',
1015 2798 1253 2838 quamquam
1282 2787 1486 2828 conclusio
1513 2788 1591 2828 rite

1238 2850 1283 2884 31
1298 2852 1319 2871 *⁵
