1838 3086
605 201 858 247 Anatytica
891 201 1063 246 priora.
1518 202 1598 242 439

136 303 189 341 'ex
217 301 288 341 Cl)
317 312 412 341 vero
439 301 512 341 flat
538 301 756 342 conclusio.
799 300 1139 354 Respondendum
1167 303 1232 341 est
1258 311 1337 339 non
1364 299 1495 340 solum
1516 300 1595 340 hoc

137 366 396 406 Aristotelem
420 365 757 417 praetermisisse,
786 366 859 405 sed
888 365 1008 405 etiam
1035 377 1114 405 non
1141 364 1391 417 exposuisse,
1418 377 1489 403 cur
1516 377 1595 405 non

134 430 206 469 fiat
233 443 334 473 unus
363 430 642 483 syllogismus,
680 430 714 468 si
751 443 802 469 ex
836 430 905 469 AB
945 430 1017 469 fiat
1052 428 1254 469 conclusio
1281 428 1439 467 diversa
1467 428 1515 467 ab
1543 428 1594 477 E,

136 507 186 534 ex
205 493 274 534 CD
298 507 393 533 vero
410 499 576 546 cogatur
599 494 648 532 Ε.
699 493 830 533 Causa
856 493 898 533 in
926 506 975 533 eo
1003 497 1078 544 est,
1107 493 1212 546 quod
1241 505 1291 532 ex
1315 492 1364 531 iis
1393 505 1496 544 quae
1523 504 1593 531 ex-

135 559 268 610 posuit
300 571 375 611 per
413 571 459 597 se
493 562 603 610 patet
634 558 834 610 quomodo
861 570 927 598 res
956 570 1001 596 se
1027 558 1185 607 habeat,
1215 558 1250 596 si
1275 557 1378 597 haec
1403 555 1506 596 ratio
1532 556 1593 594 in-

134 623 316 662 tercedat
342 623 446 661 inter
472 621 542 661 AB
569 626 612 661 et
640 621 730 662 CD:
758 634 931 673 namque
958 622 1056 660 nihil
1083 621 1307 662 faciendum
1338 625 1415 670 est,
1442 619 1520 660 nisi
1548 623 1594 660 ut

133 686 295 725 litterae
310 685 380 724 AB
402 686 440 724 in
460 685 594 724 locum
615 685 839 725 litterarum
861 685 929 725 CD
953 686 1248 726 substituantur
1273 690 1315 724 et
1336 685 1425 725 vice
1452 697 1592 724 versa:

81 786 83 788 ,
133 749 420 790 demonstratio
458 749 563 788 enim
592 749 733 788 eadem
761 750 823 788 via
851 749 1057 801 procedet.
1123 750 1254 789 Buhle
1280 749 1494 801 Philopoui
1522 761 1591 788 au·

133 814 362 854 ctoritatem
393 818 557 852 secutus
584 813 718 853 locum
746 814 877 854 miuus
904 819 1018 854 recte
1043 813 1240 853 intellexit
1267 826 1384 866 quam
1412 812 1486 852 Iul.
1513 811 1592 852 Pa-

135 877 235 918 cius.
298 877 411 926 Quae
447 876 666 928 disputavit
703 878 820 917 Biese
848 878 876 919 1.
904 891 945 931 p.
976 880 1075 924 158,
1104 881 1150 917 ut
1176 877 1362 930 saepius,
1388 889 1467 916 non
1495 876 1592 916 satis

134 941 242 981 clara
265 945 379 980 sunt:
407 953 496 979 nam
518 953 619 991 quae
643 942 876 982 brevissime
898 942 1002 983 dixit
1019 940 1283 992 Aristoteles,
1301 954 1349 982 ea
1375 941 1446 980 ille
1472 941 1590 980 etiam

131 1006 293 1046 brevius
319 1004 454 1044 dicere
487 1004 633 1048 voluit„

79 1072 164 1110 42a
177 1071 228 1109 34
266 1067 302 1108 εἰ
337 1066 396 1121 μὴ
422 1068 825 1122 προσλαμβάνοιτο,
863 1072 940 1112 nisi
976 1070 1120 1112 confici
1154 1070 1301 1111 debeat
1335 1069 1590 1122 syllogismus

130 1133 472 1187 propositionibus
497 1136 715 1177 conversis.

78 1201 132 1238 42
144 1201 228 1238 2137
256 1195 349 1237 ἔνια
375 1196 473 1249 γάρ,
503 1199 554 1237 de
583 1200 724 1250 quibus
754 1200 857 1239 dixit
882 1213 940 1240 vs.
964 1202 1097 1240 1—5.
1154 1199 1196 1239 ln
1223 1200 1286 1238 his
1315 1199 1436 1246 euim,
1466 1210 1590 1249 quum

134 1263 255 1303 etiam
283 1263 559 1302 conclusiones
584 1275 687 1313 quae
712 1276 762 1303 ex
784 1265 1105 1316 prosyllogismis
1125 1263 1362 1315 colligantur
1378 1262 1477 1300 fiant
1497 1273 1588 1313 pro-

132 1327 349 1380 positiones
377 1339 427 1366 ex
456 1327 597 1378 quibus
627 1328 763 1366 ultima
791 1327 995 1368 conclusio
1019 1329 1243 1377 conficitur,
1271 1326 1590 1379 propositionum

130 1404 323 1431 numerus
352 1392 489 1442 utique
517 1405 591 1443 par
614 1392 704 1430 erit.

77 1457 230 1496 42:139
256 1453 421 1506 ἐρωτᾶν
437 1456 671 1496 vocabulum
691 1457 802 1507 artis,
830 1470 1053 1508 „quaerere
1078 1459 1146 1506 ita,
1176 1461 1218 1496 ut
1246 1470 1270 1496 e
1295 1454 1498 1508 responsis
1522 1453 1589 1492 ad-

129 1520 328 1559 versarius
355 1520 660 1570 convincatur''‚
696 1519 751 1559 cf.
789 1533 892 1571 quae
933 1521 1106 1560 diximus
1144 1522 1193 1560 ad
1222 1522 1384 1561 20b22.
1438 1519 1589 1558 26:3124

130 1580 380 1635 ἐρωτῶντας
406 1580 483 1623 τὸν
513 1582 721 1635 Ζήνωνος
746 1583 900 1636 λόγον,
929 1586 994 1625 ubi
1024 1585 1277 1637 coniungitur
1305 1597 1395 1623 cum
1423 1580 1590 1632 ἀξιοῦν,

130 1661 155 1687 a
181 1661 261 1699 quo
289 1648 346 1687 ita
372 1648 522 1697 differt,
551 1653 595 1688 ut
623 1650 790 1688 alterum
818 1649 873 1688 sit
898 1652 1071 1700 „petere
1098 1654 1142 1688 ut
1164 1649 1313 1700 aliquid
1334 1648 1590 1695 concedatur,

132 1712 252 1751 etiam
283 1712 370 1751 siue
395 1710 738 1764 interrogatione”
778 1713 944 1758 (eodem
983 1714 1086 1752 enim
1127 1726 1250 1752 sensu
1290 1712 1505 1764 opponitur
1529 1710 1592 1766 τῷ

136 1773 301 1826 ἐρωτᾶν
317 1771 366 1815 τὸ
382 1773 706 1826 ἀποκρίνεσθαι,
736 1776 790 1815 ita
819 1780 864 1814 ut
890 1777 970 1814 hoc
993 1789 1070 1815 non
1099 1777 1150 1816 sit
1173 1776 1449 1828 „respondere
1467 1776 1590 1815 inter-

136 1839 334 1892 roganti'’,
355 1841 426 1879 sed
450 1841 718 1890 ‚,c0ncedere,
734 1840 872 1887 dare’'‚
887 1840 940 1880 cf.
961 1840 1108 1878 66:126
1127 1844 1167 1879 et
1190 1842 1278 1886 33),
1299 1840 1470 1879 alterum
1482 1851 1590 1889 „non

131 1908 337 1957 petentem
366 1917 518 1956 ponere
546 1904 694 1955 aliquid
721 1908 766 1943 ut
792 1917 931 1943 verum
970 1907 1010 1942 et
1038 1907 1207 1951 certum,
1237 1903 1330 1942 licet
1347 1916 1424 1943 non
1444 1915 1589 1943 conce-

131 1967 285 2007 datur”.
340 1968 520 2019 Apparet
546 1968 640 2007 inde
668 1969 762 2020 quid
791 1969 841 2007 sit
869 1963 1066 2019 ἐρώτημα
1092 1969 1252 2007 64336,
1308 1970 1457 2006 77338
1485 1962 1586 2019 ἐρώ-

129 2045 242 2084 τημα
269 2028 599 2083 ἐπιστημονικὸν
634 2028 676 2081 ἐξ
713 2022 776 2072 ὧν
812 2030 837 2072 ὁ
864 2033 966 2072 καθ’
1005 2029 1186 2084 ἑκάστην
1221 2028 1496 2084 (ἐπιστήμην)
1527 2031 1588 2073 οἱ·

130 2098 244 2144 ustos
269 2094 433 2148 γίνεται
459 2097 756 2149 συλλογισμός,
787 2097 826 2137 h.
855 2110 891 2136 e.
922 2094 946 2136 ὁ
975 2094 1022 2137 ἐκ
1048 2097 1136 2137 τῶν
1164 2095 1333 2137 οἰκείων
1360 2095 1515 2149 ἀρχῶν.

77 2163 164 2202 421)
178 2164 202 2200 5
230 2159 335 2201 ὅταν
363 2158 409 2201 δὲ
429 2163 675 2214 respondent
693 2163 826 2203 verbis
845 2159 954 2203 κατὰ
969 2159 1047 2213 μὲν
1070 2176 1127 2204 vs,
1149 2164 1186 2201 1.
1215 2161 1398 2213 Namque
1414 2162 1516 2201 dixit
1534 2163 1587 2202 de

132 2225 382 2277 simplicibus
409 2225 664 2276 syllogismis,
686 2227 762 2265 iam
789 2228 872 2278 agit
900 2227 951 2266 de
978 2228 1028 2265 iis
1058 2227 1125 2278 qui
1155 2238 1227 2277 per
1254 2224 1586 2277 prosyllogismos

132 2294 175 2329 et
195 2289 247 2328 de
267 2289 404 2328 soritis
426 2290 492 2340 qui
510 2289 692 2340 pluribus
714 2292 855 2330 mediis
877 2292 1056 2330 terminis
1071 2291 1202 2342 iisque
1217 2289 1416 2328 continuis
1439 2302 1586 2341 cogan-

132 2357 212 2393 tur.
268 2353 418 2392 Melius
448 2353 594 2391 Buhlio
622 2353 690 2404 qui
718 2355 814 2394 dicit
838 2367 1078 2407 „operarum
1108 2358 1276 2405 peccato
1305 2354 1505 2393 excidisse
1527 2351 1586 2406 μὴ

132 2420 211 2467 (vs,
232 2418 305 2466 26)
332 2417 373 2455 in
401 2417 464 2455 ed.
492 2417 675 2456 Duvall.'’
710 2418 782 2460 lul.
813 2419 952 2458 Pacius
994 2419 1125 2458 locum
1161 2417 1371 2457 intellexit.
1425 2417 1471 2457 Si
1498 2430 1585 2458 ser·

130 2486 245 2522 vatur
271 2480 352 2533 μή,
393 2480 444 2519 de
480 2481 797 2532 prosyllogismis
824 2483 1099 2534 accipiendum
1129 2482 1205 2521 erit
1233 2482 1341 2532 quod
1370 2480 1421 2520 de
1448 2482 1586 2522 soritis

131 2546 284 2585 dictum
323 2557 414 2584 esse
441 2545 721 2596 indicavimus,
756 2550 797 2586 et
831 2545 858 2599 ἢ
897 2547 1004 2598 quod
1043 2546 1262 2599 praecessit
1297 2546 1354 2584 ita
1391 2546 1586 2597 explicari

131 2609 308 2658 debebit,
331 2612 375 2646 ut
393 2609 446 2648 sit
473 2610 601 2657 „sive‚
629 2611 734 2661 quod
754 2611 859 2650 idem
880 2608 985 2652 es't”.
1025 2610 1107 2649 Sed
1136 2623 1187 2650 ex
1213 2611 1260 2650 iis
1290 2624 1392 2662 quae
1411 2624 1583 2663 sequun-

131 2676 211 2721 tur,
238 2673 474 2724 praesertim
503 2687 527 2712 e
554 2686 612 2712 vs.
635 2675 685 2711 11
714 2675 822 2723 (uam
853 2679 1182 2726 quantuscunque
1203 2679 1266 2714 est
1283 2688 1473 2716 numerus
1493 2689 1582 2728 pro-

131 2735 478 2788 syllogismorum,
523 2750 714 2777 numerus
753 2739 1068 2791 propositionum
1109 2739 1254 2790 quibus
1292 2740 1585 2780 constituuntur

134 2799 272 2851 utique
294 2813 368 2852 par
393 2802 494 2849 erit,
532 2802 793 2842 terminorum
822 2815 1010 2843 numerus
1036 2803 1185 2855 impar,
1212 2816 1291 2845 non
1319 2802 1514 2854 ἐναλλάξ)
1543 2811 1584 2847 et
