1826 3112
246 223 327 263 294
856 225 1152 270 categoriae·

297 318 544 373 γέγραπταιπ
582 334 700 372 quum
737 333 812 360 non
841 322 943 361 dicat
970 327 1098 361 utrum
1128 322 1431 373 praeferendum
1460 323 1533 372 sit,
1570 325 1726 364 codices

299 386 428 424 secuti
457 397 604 424 sumus.

248 449 336 487 5⁸⁸1
363 447 470 497 πρός
484 459 528 486 τε
547 444 623 487 τὸν
650 446 831 486 dedimus
859 461 947 486 cnm
976 449 1065 489 cdd.
1096 448 1292 499 prioribus
1320 447 1456 486 eadem
1483 448 1633 487 ratione
1659 449 1727 487 ad-

301 511 409 548 ducti
431 524 507 560 qna
534 513 612 547 lon
629 511 688 548 12.

249 575 304 611 5⁸
317 575 365 612 15
393 571 515 612 θέσιν
542 569 649 624 ἔχειν
676 573 857 612 dicuntur
876 586 922 611 ea
942 586 1104 623 qnorum
1125 577 1260 624 partes
1280 572 1397 611 simul
1416 573 1611 610 intuemur
1632 585 1677 610 ac
1696 573 1730 611 si

301 637 422 674 oculis
452 637 650 674 subiectae
678 639 838 684 essent3
877 649 991 686 quae,
1020 638 1112 675 dum
1150 637 1288 683 fluunt,
1316 640 1471 674 manent
1499 640 1537 673 ct
1565 647 1729 684 qnorum

302 699 411 748 quasi
454 699 643 748 imagines
680 699 733 736 ita
770 699 896 736 animo
931 704 1301 749 repraesentantur,
1342 702 1387 736 nt
1415 710 1513 748 quae
1541 697 1730 747 praeteri-

302 762 406 799 erint
433 767 566 799 mentc
593 762 719 812 repeti
745 762 899 812 possint
925 762 1041 799 simui
1076 774 1163 799 cum
1193 762 1263 809 iis,
1299 773 1400 810 qnae
1438 765 1598 810 praesto
1633 761 1729 797 sint:

303 835 352 861 ex
379 824 522 862 horum
551 828 681 863 antem
720 836 884 862 numero
912 837 987 862 non
1019 828 1080 861 est
1107 825 1253 871 oratio,
1282 835 1393 873 quae,
1430 822 1593 859 simulne
1628 822 1732 860 dicta

303 890 389 932 est..
418 886 640 937 praeteriit,
669 890 714 924 ut
750 886 790 924 id
824 886 955 936 ipsum
990 885 1093 935 quod
1123 884 1371 935 praeterierit
1396 884 1528 935 repeti
1555 888 1597 922 et
1623 883 1731 933 quasi

304 949 534 987 resuscitari
562 952 743 997 nequeat.

251 1010 347 1048 5118
375 1010 536 1062 φήσεις,
562 1010 659 1050 Bkk.
689 1008 861 1061 φήσειεν
888 1006 962 1057 ἂν,
990 1009 1094 1060 quod
1121 1009 1273 1059 longius
1301 1013 1363 1047 est
1390 1021 1505 1059 quam
1534 1012 1577 1046 ut
1604 1009 1733 1059 suspi-

302 1074 452 1112 cionem
491 1086 568 1111 non
606 1078 783 1120 moveat,
822 1074 1056 1122 praesertim
1095 1085 1212 1122 qnnm
1252 1069 1305 1110 ἂν
1344 1072 1384 1110 in
1411 1071 1588 1109 omnibus
1617 1071 1731 1111 codd.

302 1137 488 1174 omissum
513 1136 565 1173 sit
591 1139 758 1186 excepto
786 1135 847 1172 A:
877 1148 998 1184 quare
1025 1141 1065 1172 et
1094 1135 1133 1172 in
1160 1135 1223 1172 his
1251 1139 1291 1172 et
1318 1135 1357 1172 in
1385 1134 1635 1183 sequentibus
1665 1146 1734 1171 co-

302 1199 427 1236 dicem
456 1198 498 1236 B
524 1197 694 1235 maxime
721 1197 962 1247 sequendum
991 1198 1183 1236 duximus.
1229 1197 1342 1244 Quod
1364 1196 1553 1235 transitur
1578 1209 1599 1233 a
1620 1197 1735 1234 tertia

302 1261 413 1299 verbi
460 1273 628 1312 persona
673 1260 721 1298 ad
765 1259 1000 1307 secundnm,
1050 1260 1089 1297 id
1129 1272 1203 1297 non
1239 1259 1466 1297 inusitatum
1508 1258 1733 1296 Aristoteli:

302 1324 475 1362 134a20
503 1320 577 1362 ἐὰν
607 1321 684 1373 μὲν
713 1319 794 1373 γὰρ
816 1324 895 1361 τοῦ
915 1319 1003 1360 κατ’
1029 1322 1131 1360 ἄλλο
1152 1334 1189 1360 τι
1212 1320 1323 1360 ἰ’διον
1342 1319 1522 1371 ἀποδῷς,
1540 1318 1611 1359 καὶ
1629 1319 1736 1360 κατὰ

301 1388 381 1425 τοῦ
405 1385 579 1436 πρώτου
607 1384 907 1437 ἀληθεύσεται,
947 1381 1021 1424 ἐὰν
1058 1382 1103 1423 δὲ
1131 1387 1210 1424 τοῦ
1237 1383 1410 1434 πρώτου
1437 1386 1533 1435 θῇς,
1561 1381 1631 1423 καὶ
1657 1386 1735 1423 τοῦ

303 1442 393 1488 κατ’
421 1450 523 1489 ἄλλο
551 1448 953 1500 κατηγορηθήσεται.
1011 1442 1105 1488 οἷον
1151 1446 1226 1487 ἐὰν
1274 1445 1351 1498 μέν
1389 1459 1450 1494 τις
1491 1444 1738 1498 ἐπιφανείας

302 1510 416 1552 ἴδιον
452 1512 601 1564 α’ποδῷ
637 1512 684 1552 τὸ
721 1512 971 1563 κεχρῶσθαι.
1010 1514 1180 1549 875319
1209 1506 1312 1550 ὅταν
1332 1509 1412 1561 γὰρ
1431 1509 1737 1561 ὑπερβάλλοντι

303 1576 486 1628 χρῶνται
507 1574 553 1616 ἐν
577 1576 635 1630 τῷ
657 1575 827 1625 σώματι,
849 1573 981 1626 πολλὴ
1001 1569 1110 1614 οὖσα
1131 1573 1160 1626 ή
1182 1573 1391 1625 θερμότης
1416 1572 1442 1625 ἢ
1473 1573 1735 1624 ἀποσβέννυ-

303 1648 372 1678 σιν
391 1638 418 1690 ἢ
436 1639 597 1692 ἀσθενῆ
619 1641 734 1679 ποιεῖ
753 1635 830 1690 τὴν
853 1637 1013 1678 οἰκείαν
1033 1637 1274 1688 θερμότητα
1301 1631 1329 1688 ἧ
1358 1636 1575 1687 ἰσχύομενε
1604 1650 1735 1687 quam-

302 1716 417 1753 quam
455 1703 553 1742 ferri
595 1704 658 1741 vix
693 1707 824 1753 potest
860 1703 964 1751 qnod
995 1702 1162 1740 habetur
1189 1702 1338 1739 210b8
1367 1701 1462 1739 οὔτε
1491 1699 1543 1751 δὴ
1571 1697 1735 1740 ἐπακτι-

303 1765 389 1812 κῶς
415 1767 652 1805 σκοποῦσιν
681 1762 808 1804 οὐδὲν
835 1763 1001 1814 ὁρῶμεν
1028 1761 1074 1804 ἐν
1102 1761 1250 1815 ἑαυτῷ,
1280 1765 1456 1802 scribere
1484 1764 1589 1802 enim·
1615 1764 1737 1803 voluit

300 1829 403 1879 quod
433 1835 496 1868 est
521 1831 698 1868 216a26
725 1829 824 1867 καθ’
853 1826 957 1867 αὐτὸ
986 1826 1031 1867 δὲ
1060 1831 1271 1868 σκοποῦσι
1297 1825 1451 1877 φανείη
1481 1824 1608 1868 ἂν...

247 1891 344 1929 5δ9
370 1892 602 1942 scripsimus
631 1889 758 1931 οὐδὲν
785 1889 889 1931 αὐτὸ
916 1892 1015 1930 καθ’
1045 1890 1162 1938 αὑτό,
1191 1892 1282 1941 quia
1311 1888 1414 1929 αὐτὸ
1443 1902 1517 1928 non
1539 1890 1735 1928 adiectum

298 1955 504 1993 videbatur
530 1955 654 1992 aliena
683 1968 822 2002 manu,
865 1956 935 1993 sed
974 1955 1144 1993 deletum
1175 1959 1335 2005 propter
1362 1965 1407 1990 ea
1435 1965 1534 2002 quae
1560 1953 1736 2002 proxime

298 2024 604 2068 praecesserunt
645 2015 804 2067 κυρίως
829 2015 941 2056 ποσὰ
967 2016 1064 2056 καθ’
1092 2015 1224 2063 αὐτοὶ,
1260 2017 1296 2054 in
1325 2015 1465 2066 quibus
1494 2014 1609 2052 lectio
1637 2015 1735 2052 Bkki

300 2079 558 2117 correctionis
586 2081 759 2131 speciem
788 2080 919 2121 habet.
971 2080 1047 2129 Qui
1075 2080 1343 2131 pleonasmum
1372 2082 1530 2116 nostrae
1557 2077 1735 2115 lectionis

299 2141 567 2191 reprehendat
588 2145 632 2180 nt
651 2143 877 2181 Aristotelis
907 2143 999 2181 stilo
1026 2143 1240 2194 indignum,
1268 2140 1401 2179 videat
1428 2142 1486 2179 (ib
1500 2141 1550 2177 39
1578 2138 1737 2186 οἰκείως

299 2202 348 2244 τὸ
366 2203 548 2254 ’πρῶτον
575 2209 616 2243 et
642 2218 741 2256 quae
769 2206 1038 2256 congessimus
1066 2205 1114 2244 ad
1143 2206 1192 2242 61
1206 2205 1274 2242 Μ.

247 2269 371 2308 5b10
399 2269 637 2320 Recepimus
675 2268 776 2318 quod
818 2270 987 2307 coniecit
1024 2269 1122 2307 Bkk.
1160 2266 1248 2307 ἀλλ’
1279 2265 1314 2307 εἰ
1340 2268 1446 2316 ἄρα,
1482 2266 1658 2317 quamvis
1687 2278 1736 2304 ne

300 2330 388 2371 ἀλλ’
415 2330 442 2383 ἢ
463 2332 548 2382 ἄρα
566 2331 723 2382 quidem
750 2331 847 2370 ferri
876 2333 1030 2370 omnino
1060 2337 1241 2382 nequent,
1271 2331 1376 2381 qnod
1405 2330 1518 2368 codd.
1547 2329 1736 2380 praebent

300 2408 437 2434 omnes
466 2399 633 2446 excepto
662 2394 701 2433 d.
756 2395 944 2434 Boethius
979 2401 1110 2433 autem
1141 2395 1236 2433 nihil
1263 2393 1418 2431 videtur
1446 2393 1631 2430 habuisse
1659 2390 1734 2430 nisi

298 2456 404 2498 ἀλλὰ
438 2456 544 2498 κατὰ
572 2450 860 2509 συμβεβηκόςξ
891 2459 1008 2496 vertit
1036 2459 1137 2496 enim
1167 2457 1263 2505 „sed
1293 2468 1363 2507 per
1391 2452 1617 2502 accidens’';
1645 2453 1733 2493 ἀλλ’

297 2519 325 2573 ἢ
361 2522 464 2572 apud
504 2522 760 2561 Aristotelem
799 2522 914 2572 piane
950 2521 1053 2559 idem
1095 2526 1155 2559 est
1193 2521 1295 2571 qnod
1324 2518 1457 2570 πλήν,
1498 2530 1534 2557 v.
1564 2519 1734 2555 185314

299 2582 400 2624 οὐδὲ
437 2583 553 2624 λύειν
590 2582 756 2624 ἅπαντα
791 2583 992 2636 προσήκει
1030 2581 1119 2623 ἀλλ’
1155 2581 1182 2635 ἢ
1220 2577 1297 2623 ὅσα
1324 2580 1369 2622 ἐκ
1395 2581 1481 2620 τῶν
1504 2578 1646 2630 ἀρχῶν
1672 2593 1734 2626 τις

299 2641 534 2695 ἐπιδεικνὺς
567 2647 777 2691 ψεύδεται.
819 2650 955 2688 13051)
970 2650 1016 2685 15
1054 2646 1089 2687 εἰ
1123 2646 1283 2699 πατήρ,
1321 2644 1418 2685 υἱὸν
1453 2642 1510 2696 μὴ
1537 2642 1731 2695 μετέχειν,

297 2710 394 2762 μηδ’
430 2710 466 2751 εἰ
502 2710 671 2760 πλείους
708 2710 886 2762 ἀδελφοί
896 2741 908 2760 ,
943 2710 1034 2751 ἀλλ’
1068 2709 1096 2763 ἢ
1134 2712 1191 2757 (h.
1221 2723 1256 2751 e.
1296 2708 1452 2750 οὐδένα
1493 2704 1621 2760 πλὴν)
1657 2705 1731 2748 τὸν
