1734 3100
158 222 237 261 484
683 223 934 267 Analyticn
956 223 1125 268 priora.

211 318 318 358 facta
348 319 412 367 sit,
453 324 582 358 tamen
619 320 813 358 retexenti
853 319 1124 371 syllogismum
1150 319 1191 358 in
1216 319 1321 370 ipsas
1350 320 1636 372 propositiones

208 381 481 432 inquirendum
508 382 599 430 erit,
627 394 719 420 num
747 382 1022 421 concedendae
1048 383 1128 421 sint
1153 394 1289 432 necne,
1317 395 1436 433 quum
1458 377 1637 433 comper-

211 447 294 482 tum
322 444 538 481 habeamus
565 456 698 482 veram
724 445 1012 483 conclusionem
1040 457 1116 483 non
1144 445 1277 496 utique
1303 445 1390 483 fieri
1419 457 1468 483 ex
1494 456 1638 494 propo-

213 506 417 544 sitionibus
444 506 560 544 veriS.
615 505 733 545 Unde
766 507 915 546 factum
950 511 1025 555 est,
1062 511 1105 545 ut
1131 509 1170 546 in
1196 507 1257 545 his
1285 507 1524 558 exponendis
1550 506 1639 545 Ari-

213 567 376 607 stoteles
414 580 501 605 eam
537 568 636 606 viam
674 569 871 618 ingressus
910 570 974 618 sit,
1012 574 1055 608 ut
1089 571 1259 621 primum
1293 570 1484 620 exemplis
1512 568 1639 607 allatis

214 630 397 669 ostendat
442 630 576 680 quales
622 632 911 682 propositiones
959 645 1048 671 cum
1094 632 1201 683 quali
1239 633 1492 672 conclusione
1535 636 1640 670 stare

211 692 387 744 possint,
423 692 566 732 deinde
600 693 758 733 adiiciat
793 696 989 746 quomodo
1026 708 1160 735 verum
1199 708 1222 734 e
1257 708 1336 735 non
1369 695 1474 734 veris
1510 693 1640 744 colligi

210 755 347 807 possit.

161 819 310 858 53b12
346 815 382 856 εἰ
415 815 497 868 γὰρ
535 819 615 857 τοῦ
643 819 684 857 A
710 849 720 859 .
743 849 754 860 .
777 846 786 857 .
853 820 1090 871 Exemplum
1127 820 1456 859 habe-113b20
1482 821 1539 870 τῷ
1565 815 1642 870 μὲν

211 879 294 933 γὰρ
327 879 540 933 ἀνθρώπῳ
577 880 624 920 τὸ
660 883 769 933 ζῷον
801 880 953 930 ἕπεται,
989 882 1048 936 τῷ
1083 880 1129 921 δὲ
1165 879 1223 933 μὴ
1259 880 1473 934 ἀνθρώπῳ
1508 881 1556 921 τὸ
1583 878 1641 933 μὴ

212 944 323 999 ζῷον
350 944 416 992 οὔ,
455 942 543 982 ἄλλ’
571 942 784 984 ἀνάπαλιν
809 945 867 999 τῷ
894 943 952 997 μὴ
982 943 1072 998 ζῴῳ
1097 941 1145 985 τὸ
1173 945 1252 985 οὐκ
1279 946 1522 996 ἄνθρωπος.
1577 944 1641 982 Cf.

212 1009 390 1048 200019
418 1002 464 1045 ἐν
491 1003 537 1045 δὲ
563 1009 652 1054 τοῖς
677 1005 918 1059 γινομένοις
945 1007 1066 1048 ἕνεκά
1092 1022 1171 1049 του
1192 1007 1415 1055 ἀνάπαλιν,
1444 1007 1479 1048 εἰ
1505 1007 1552 1047 τὸ
1578 1004 1642 1046 τέ-

211 1070 286 1116 λος
312 1067 426 1109 ἔσται
452 1067 479 1121 ἢ
507 1066 608 1118 ἔστι,
635 1068 706 1110 καὶ
732 1070 780 1111 τὸ
807 1069 1048 1124 ἔμπροσθεν
1074 1070 1187 1112 ἔσται
1212 1071 1239 1124 ἢ
1267 1070 1398 1112 ἔστιν·
1433 1070 1470 1112 εἰ
1496 1069 1542 1112 δὲ
1570 1070 1640 1123 μή,

214 1130 354 1183 ὥσπερ
382 1129 468 1172 ἐκεῖ
491 1130 549 1185 μὴ
578 1133 700 1181 ὄντος
726 1136 806 1174 τοῦ
844 1134 1195 1187 συμπεράσματος
1220 1135 1249 1188 ἦ
1276 1134 1381 1188 ἀρχὴ
1408 1135 1488 1176 οὐκ
1513 1133 1641 1183 ἔσται,

213 1195 286 1237 καὶ
312 1194 500 1236 ἐνταῦθα
526 1194 574 1236 τὸ
600 1194 717 1244 τέλος
751 1196 823 1237 καὶ
847 1198 896 1238 τὸ
924 1192 976 1239 οὗ
1003 1198 1148 1240 ἕνεκα·
1185 1198 1290 1251 ἀρχὴ
1317 1198 1398 1251 γὰρ
1424 1197 1496 1239 καὶ
1522 1195 1643 1249 αὕτη,

215 1259 268 1301 οὐ
293 1260 367 1312 τῆς
391 1257 578 1310 πράξεως
604 1258 709 1300 ἀλλὰ
734 1263 814 1301 τοῦ
840 1263 1060 1314 λογισμοῦ.

164 1326 250 1365 531)
262 1325 314 1362 16
333 1320 391 1374 μὴ
410 1320 475 1362 ’ὅτι
496 1320 541 1362 δὲ
569 1351 579 1361 .
606 1351 616 1361 .
639 1351 648 1361 .
702 1325 890 1365 Similiter
912 1327 1109 1364 1448b35
1126 1325 1304 1377 μάλιστα
1322 1322 1496 1376 ποιητὴς
1509 1319 1644 1375 ’Όμη-

216 1400 293 1438 ρος
318 1380 396 1438 ἦν·
432 1385 564 1437 μόνος
597 1384 678 1437 γὰρ
716 1386 794 1440 οὐχ
829 1385 893 1428 ὅτι
919 1382 980 1438 εὖ,
1016 1387 1105 1429 ἀλλ’
1134 1386 1199 1429 ὅτι
1232 1387 1303 1430 καὶ
1328 1388 1516 1441 μιμήσεις
1542 1386 1643 1438 δρα-

214 1448 390 1503 ματικὰς
417 1447 622 1501 ἐποίησεν.

163 1515 310 1554 53b17
337 1509 433 1561 ἑνός
459 1526 587 1562 τινος,
616 1511 668 1552 cf.
697 1524 798 1562 quae
826 1513 993 1553 diximus
1022 1516 1072 1554 ad
1099 1517 1260 1557 34a17.

162 1577 310 1616 53b23
336 1575 384 1616 τὸ
412 1570 492 1616 οὗν
517 1576 559 1613 A
587 1603 596 1614 .
619 1604 629 1614 .
648 1603 658 1612 .
719 1574 951 1616 Terminum
978 1578 1020 1614 A
1045 1589 1100 1615 vs.
1123 1579 1172 1614 12
1192 1588 1278 1627 sqq.
1307 1589 1355 1615 eo
1382 1588 1501 1615 sensu
1530 1575 1644 1628 cepi-

213 1653 315 1690 mus,
343 1644 386 1677 ut
412 1651 491 1677 non
518 1649 635 1677 unam
661 1648 760 1685 rem,
787 1638 859 1676 sed
885 1638 994 1677 binas
1023 1639 1311 1689 propositiones
1340 1638 1546 1690 significet.

163 1703 247 1742 531)
259 1705 311 1742 28
346 1699 450 1740 ἀλλὰ
476 1701 550 1753 τῆς
577 1696 787 1748 δευτέρας,
829 1712 930 1750 quae
957 1702 1101 1739 omissa
1128 1705 1218 1740 sunt
1243 1702 1284 1740 in
1312 1701 1427 1741 codd.
1456 1701 1540 1750 Ba,
1577 1713 1644 1740 su-

215 1766 435 1818 spicionem
473 1764 641 1802 movent.
705 1762 829 1811 Quam
864 1763 983 1802 facile
1019 1764 1119 1802 haec
1155 1764 1245 1802 addi
1272 1767 1455 1815 poterant
1482 1766 1647 1816 apparet

216 1841 266 1868 ex
293 1841 342 1867 eo
369 1827 473 1877 quod
501 1827 552 1865 54
565 1826 698 1863 a2—4
725 1825 955 1873 explicatur,
984 1827 1181 1876 quomodo
1199 1827 1249 1865 de
1272 1827 1432 1877 singulis
1451 1827 1646 1878 accipien-

217 1891 323 1930 dum*
346 1891 399 1928 sit
438 1889 542 1940 quod
570 1889 648 1930 hoc
675 1888 764 1925 loco
800 1889 982 1927 universe
1017 1880 1184 1936 dicitur3
1225 1889 1382 1928 accedit
1408 1890 1513 1940 quod
1539 1889 1646 1927 haud

217 1954 299 1992 veri
333 1952 461 1990 simile
497 1955 559 1989 est
597 1962 670 2000 per
696 1950 973 2002 negligentiam
1010 1952 1087 1990 ista
1129 1952 1274 1990 omissa
1308 1963 1410 1991 esse.
1465 1953 1647 1991 Attamen

219 2027 338 2067 quum
367 2014 483 2052 etiam
505 2013 696 2051 Boethius
726 2026 771 2051 ea
796 2013 979 2060 retineat,
1006 2013 1102 2052 nihil
1130 2019 1281 2052 mutare
1307 2013 1515 2053 voluimus.

167 2080 250 2120 531)
262 2080 314 2116 30
339 2075 598 2127 Praeponitur
624 2075 838 2123 conclusio,
867 2081 1084 2127 sequuntur
1111 2076 1423 2128 propositionesz
1456 2077 1497 2115 A
1523 2076 1645 2127 ζῷον,

220 2142 257 2181 Β
282 2137 418 2186 λίθος,
448 2139 490 2178 Γ
510 2138 749 2189 ἄνθρωπος.

169 2206 287 2244 54a1
325 2200 393 2243 ἐπί
427 2214 468 2241 τι
502 2198 665 2252 ψευδὴς
692 2231 700 2240 .
726 2229 736 2239 .
758 2229 768 2239 .
803 2200 837 2238 si
861 2201 924 2239 'de
960 2201 1065 2239 omni
1093 2201 1312 2241 affirmatur
1338 2201 1441 2254 quod
1469 2215 1545 2242 non
1572 2202 1649 2241 nisi

222 2268 273 2307 de
309 2267 440 2316 aliquo
476 2265 695 2315 praedicari
732 2262 902 2303 debebat
942 2264 1005 2302 vel
1040 2264 1074 2302 si
1114 2265 1164 2303 de
1203 2265 1307 2303 omni
1348 2270 1516 2316 negatur
1543 2267 1648 2316 quod

222 2343 300 2370 non
326 2330 400 2368 nisi
428 2328 479 2366 de
506 2332 619 2378 parte
646 2326 780 2377 negari
805 2327 985 2366 debebat.
1041 2327 1160 2366 Primi
1187 2327 1404 2379 syllogismi
1425 2330 1647 2380 exemplum

223 2394 301 2433 hoc
339 2395 421 2430 est:
457 2392 497 2429 A
532 2390 775 2440 ἄνθρωπος,
811 2389 847 2428 Β
883 2388 1049 2439 λευκόν,
1090 2391 1133 2429 Γ
1159 2389 1424 2442 γελαστικόν;
1461 2392 1647 2432 secundi:

223 2457 265 2495 A
290 2456 531 2504 ἄνθρωπος,
561 2454 597 2493 Β
623 2452 789 2502 λευκόν,
817 2453 859 2492 Γ
879 2453 1009 2503 ὄρνις.

173 2520 291 2558 5427
333 2519 373 2557 ln
402 2517 641 2569 syllogismis
669 2517 684 2555 Ι
707 2510 745 2556 α’
771 2521 812 2556 et
838 2509 877 2567 β’
904 2518 938 2556 si
967 2516 1065 2555 falsa
1091 2517 1258 2556 sumitur
1283 2517 1500 2568 propositio
1527 2517 1650 2556 maior

224 2594 348 2631 eaque
377 2581 570 2619 contraria
599 2580 858 2631 propositioni
884 2592 1013 2628 verne,
1042 2579 1132 2619 fieri
1159 2592 1235 2619 non
1261 2583 1405 2630 potest,
1432 2585 1475 2618 ut
1490 2579 1649 2619 conclu-

227 2645 284 2683 sio
310 2656 402 2683 vera
429 2648 566 2683 exeat:
593 2655 681 2682 nam
710 2643 960 2694 syllogismus
988 2643 1055 2693 qui
1082 2642 1197 2683 fitex
1215 2642 1547 2693 propositionibus
1573 2642 1649 2681 fnl-

228 2707 283 2745 sis
310 2706 463 2745 formae
488 2710 638 2745 tantum
665 2706 870 2754 satisfacit,
896 2717 972 2744 non
1000 2705 1174 2745 veritati:
1203 2717 1322 2756 quare
1349 2704 1382 2742 si
1410 2705 1651 2756 propositio-

229 2769 342 2809 nibus
379 2769 595 2810 secundum
630 2769 836 2809 veritatem
872 2769 1010 2809 sumtis
1044 2767 1091 2807 fit
1117 2767 1366 2820 syllogismus
1392 2767 1460 2819 qui
1497 2770 1538 2807 et
1565 2766 1649 2807 for-
