1884 3100
647 184 982 221 ΠΡΟΤΕΡΩΝ
1010 185 1048 217 Α.
1497 181 1575 220 191

126 291 251 345 λους.
285 286 324 334 εἰ
345 285 393 332 δὲ
411 281 474 367 μὴ
494 302 640 342 ουτως
661 284 750 346 ἔχοι
769 280 821 330 τὸ
843 287 890 329 Γ
903 280 1016 342 πρὸς
1034 278 1086 328 τὸ
1106 285 1149 328 Δ
1168 277 1280 327 ωστε
1298 285 1442 327 ποιεῖν
1461 284 1575 328 συλ-

126 353 355 417 λογισμόν,
389 352 531 416 μάτην
561 353 677 399 ἔσται
707 351 955 414 εἰλημμένα,
987 351 1028 396 εἰ
1053 346 1115 412 μὴ
1146 344 1435 411 ἐπαγωγῆς’“
1403 367 1434 408 η
1461 347 1574 410 κρύ-

126 426 245 479 ’ψεως
272 420 303 486 ἥ
334 438 453 478 τινος
484 419 629 467 ἄλλου
655 423 749 466 τῶν
773 416 988 465 τοιούτων
1007 416 1146 477 χάριν.
1181 418 1220 463 εἰ
1235 414 1275 463 δ’
1303 417 1351 463 ἐκ
1380 419 1470 462 τῶν
1499 418 1576 462 ΑΒ

127 488 188 553 μὴ
227 487 280 535 τὸ
324 491 367 534 Ε
417 486 512 534 ἀλλ’
554 485 664 533 ἄλλο
705 504 747 533 τι
787 486 947 546 γίνεται
977 497 1037 531 σι
1038 486 1299 544 ιιπέρασμα,
1329 484 1376 531 ἐκ
1409 485 1457 530 δὲ
1488 487 1627 530 τῶν25

130 561 214 603 ΓΛ
243 553 277 618 ἦ
303 554 473 601 τούτων
500 553 690 614 θάτερον
717 550 748 616 ἦ
770 552 882 599 ἄλλο
904 550 1024 611 παρὰ
1047 556 1214 608 ταῦτα,
1257 553 1440 609 πλείους
1467 569 1512 598 τε
1533 551 1577 598 οἱ

126 623 413 683 συλλογισμοὶ
436 622 628 682 γίνονται
653 639 727 667 και
752 619 813 667 οὐ
830 623 916 666 τοῦ
934 618 1257 679 ὑποκειμένου·
1276 618 1481 666 ὑπέκειτο
1492 616 1577 681 γὰρ

126 708 236 736 ειναι
248 706 334 735 του
347 686 478 736 Ετὸν
493 687 809 750 συλλογισμόν.
823 689 861 735 εἰ
869 689 916 734 δε
927 707 988 750 μη
998 706 1158 748 γινεται
1173 687 1220 733 ἐκ
1231 691 1321 733 τοῖν
1335 690 1380 733 Γ
1377 693 1419 733 Δ
1438 687 1578 750 μηδεν

125 757 443 818 συμπέρασμα,
481 755 621 819 μάτην
661 775 704 803 τε
743 757 957 819 εἰλῆφθαι
1005 753 1121 801 αὐτοὶ
1150 755 1382 814 συμβαίνει
1413 756 1486 800 καὶ
1514 751 1576 817 μὴ

125 828 212 872 τοῦ
239 823 284 879 ἐξ
303 822 439 886 ἀρχῆς
455 821 563 870 εἶναι
586 821 664 870 τὸν
686 821 1002 885 συλλογισμόν.
1017 820 1130 868 ὥστε
1152 820 1351 882 φανερὸν
1368 819 1433 867 ὅτι
1452 825 1577 868 πᾶσα
1592 838 1628 865 30

128 890 349 948 ἀπόδειξις
369 892 444 937 καὶ
461 895 550 948 πᾶς
571 890 868 952 συλλογισμὸς
887 892 1004 938 ἔσται
1025 887 1098 936 διά
1126 893 1264 950 τριῶν
1286 886 1407 949 ὅρων
1417 888 1574 949 μόνον.

266 956 447 1005 Τούτου
475 957 515 1004 δ’
543 956 674 1015 ὄντος
704 962 922 1019 φανεροῦ,
956 961 1094 1020 δῆλον
1114 955 1174 1014 ὡς
1191 958 1265 1002 καὶ
1288 957 1336 1003 ἐκ
1357 955 1445 1003 δύο
1463 970 1577 1016 προ-

125 1025 291 1071 τάσεων
303 1044 375 1071 και
392 1043 450 1071 ου
472 1024 790 1071 πλειόνων·οἱ
812 1043 897 1085 γαρ
916 1030 1030 1084 τρεῖς
1051 1022 1150 1083 ὅροι
1170 1023 1257 1071 δύο
1279 1023 1526 1082 προτάσεις,
1540 1024 1580 1070 εἰ

125 1089 186 1155 μὴ
224 1091 630 1151 προσλαμβάνοιτο,
670 1091 876 1151 καθάπερ
917 1092 964 1137 ἐν
1004 1097 1096 1147 τοῖς
1142 1089 1189 1146 ἐξ
1221 1089 1365 1174 άρχιῖς
1403 1092 1577 1173 ἐλέχθη,

123 1156 240 1218 πρὸς
264 1158 346 1222 τὴν
366 1159 585 1205 τελείωσιν
602 1163 690 1204 τῶν
706 1162 1031 1219 συλλογισμων.
1066 1176 1263 1218 φανερον
1283 1176 1369 1205 ουν
1388 1156 1449 1214 ὥς
1470 1159 1516 1204 ἐν
1540 1151 1577 1222 ᾦ
1591 1176 1628 1204 35

123 1225 242 1292 λόγῳ
265 1230 583 1309 συλλογιστικῷ
610 1224 671 1288 μὴ
703 1224 851 1285 ἅρτιαι
843 1227 979 1271 ἐἰσιν
998 1226 1043 1270 αἱ
1073 1223 1312 1284 προτάσεις
1339 1223 1396 1271 δι’
1411 1218 1474 1271 ὦν
1508 1205 1577 1286 γί-

124 1312 240 1341 νεται
262 1292 316 1339 τὸ
335 1294 630 1354 συμπέρασμα
653 1291 704 1339 τὸ
723 1292 884 1352 κύριον
905 1293 1026 1354 (ἔνια
1043 1310 1127 1353 γαρ
1151 1295 1242 1337 τοῖν
1261 1289 1437 1338 ἄνωθεν
1458 1304 1577 1352 συμ-

125 1360 412 1422 περασμάτων
441 1359 679 1422 ἀναγκαῖον
708 1356 816 1407 εἶναι
847 1359 1123 1421 προτάσεις),
1160 1377 1212 1405 οι
1210 1377 1297 1416 τος
1332 1357 1359 1406 ὁ
1389 1360 1522 1421 λόγος
1546 1356 1578 1423 ἢ

126 1447 186 1476 ου
206 1426 592 1491 συλ.λελόγισται’Ν
560 1448 591 1492 η
610 1428 744 1475 πλείω
763 1431 851 1475 τῶν
869 1426 1120 1490 άναγκαίων
1136 1425 1336 1490 ἠρώτηκε
1357 1425 1473 1488 πρὸς
1497 1424 1579 1491 τὴν

126 1496 267 1543 θέσιν.
1592 1508 1627 1536 ιο

260 1560 389 1609 Κατα
424 1580 504 1622 μεν
538 1553 627 1608 ὀὖν
654 1579 735 1619 τας
773 1561 934 1622 κυρίας
972 1561 1206 1621 προτάσεις
1235 1560 1578 1622 λαμβανομένων
1594 1575 1618 1607 b

123 1633 215 1676 ταῖν
251 1633 585 1692 συλλογισμῶν,
618 1626 736 1686 ἅπας
761 1630 880 1675 ἔσται
906 1626 1205 1689 συλλογισμὸς
1242 1629 1289 1674 ἐκ
1321 1627 1579 1687 προτάσεων

124 1697 203 1758 μὲν
221 1694 380 1757 άρτίων
397 1696 446 1753 ἐξ
466 1695 583 1756 ὅρων
603 1698 650 1743 δὲ
662 1700 876 1757 περιττῶν
889 1713 899 1722 ·
923 1696 983 1742 {vl
1003 1693 1086 1757 γάρ
1106 1697 1289 1753 πλείους
1309 1697 1352 1742 οἱ
1372 1694 1473 1755 ὅροι
1490 1699 1580 1743 τῶν

125 1764 391 1823 προτάσεων.
421 1765 538 1810 ἔσται
570 1765 617 1810 δὲ
648 1766 720 1809 καὶ
744 1762 798 1809 τά
821 1763 1169 1823 συμπεράσματα
1190 1760 1333 1825 ἡμίση
1353 1767 1441 1809 τῶν
1462 1778 1576 1823 προ-

124 1830 302 1878 τάσεων.
358 1830 464 1878 ὅταν
501 1832 549 1877 δὲ
586 1829 660 1877 διά
702 1834 1102 1891 προσυλλογισμῶν
1140 1831 1397 1892 περαίνηται
1433 1827 1465 1893 ἢ
1505 1828 1612 1878 διᾶ5

123 1898 339 1946 πλειόνων
363 1899 509 1959 μέσων
529 1902 738 1958 συνεχῶν,
770 1895 866 1945 οἷον
891 1896 943 1944 τὸ
969 1901 1046 1944 ΑΒ
1064 1894 1136 1943 διὰ
1157 1901 1249 1943 τοῖν
1274 1901 1379 1955 ΓΔ,
1419 1895 1473 1944 τὸ
1498 1898 1581 1958 μἐν

123 1970 304 2029 πλῆθος
335 1970 423 2012 τῶν
458 1963 575 2025 ὅρων
607 1964 825 2023 ὦσαύτως
859 1967 923 2012 ἑνὶ
940 1963 1142 2025 ὑπερέξει
1161 1962 1242 2021 τάς
1258 1965 1493 2024 προτάσεις
1516 1962 1579 2030 (ἦ

124 2031 208 2095 γάρ
239 2032 400 2089 ἔξωθεν
425 2030 458 2096 ἢ
486 2035 548 2090 εἰς
575 2031 626 2079 τὸ
651 2034 789 2093 μέσον
807 2032 1041 2095 τεθήσεται
1063 2030 1089 2078 ὃ
1115 2033 1429 2092 παρεμπίπτων
1448 2030 1577 2093 ὅρος·

125 2099 387 2162 ἀμφοτέρως
422 2102 469 2147 δὲ
510 2102 740 2161 συμβαίνει
778 2101 838 2148 ἑνὶ
885 2100 1043 2148 ἐλάττω
1069 2096 1179 2146 εἶναι
1206 2098 1262 2146 τά
1305 2099 1579 2163 διαστήματα

125 2172 216 2214 τῶν
235 2166 392 2230 ὅρων),
412 2169 456 2214 αἱ
476 2169 524 2214 δὲ
545 2168 778 2228 προτάσεις
797 2170 889 2215 ἴσαι
906 2174 998 2225 τοῖς
1018 2166 1330 2230 διαστήμασιν·
1352 2166 1412 2214 οὔ
1429 2168 1578 2228 μέντοι
1593 2187 1628 2214 10

127 2236 211 2282 αἰεὶ
252 2236 298 2281 αἱ
336 2237 415 2295 μὲν
454 2233 597 2293 ἄρτιαι
637 2236 807 2282 ἔσονται
839 2237 883 2283 οἱ
913 2237 960 2283 δὲ
996 2236 1190 2294 περιττοί
1199 2270 1211 2287 ,
1243 2233 1339 2280 ἄλλ’
1380 2233 1578 2292 ἐναλλάξ,

126 2300 233 2349 ὅταν
261 2321 340 2363 μεν
368 2304 412 2349 αἱ
442 2301 678 2360 προτάσεις
705 2302 862 2362 ἄρτιαι,
897 2304 1089 2363 περιττοὶ
1119 2304 1161 2349 οἱ
1196 2299 1311 2361 ὅροι,
1349 2299 1515 2348 οτανὸ’
1534 2302 1580 2349 οὶ

125 2367 225 2431 ὅροι
258 2388 421 2431 αρτιοι,
455 2372 648 2429 περιτταὶ
679 2371 725 2417 αἱ
750 2370 1011 2430 προτάσεις·
1047 2389 1137 2430 αιια
1170 2367 1254 2431 γάρ
1279 2373 1352 2451 τῷ
1373 2387 1466 2434 ορῳ
1500 2369 1580 2430 μία

124 2439 410 2500 προστίθεται
427 2437 658 2500 πρότασις,
678 2457 733 2486 αν
753 2436 1013 2485 ὁποθενοῦν
1034 2435 1300 2499 προστεθῇ
1276 2455 1302 2483 ο
1325 2434 1568 2498 ὅρος.ωστ

216 2602 260 2635 22
279 2600 316 2646 ἕχ
319 2613 351 2636 ει
368 2614 413 2636 m.
438 2621 482 2628 —-
506 2603 558 2649 τῷ
575 2603 597 2636 δ
617 2613 651 2634 n.
663 2622 710 2628 —
735 2603 779 2636 25
800 2602 963 2645 γίγνεται
983 2614 1016 2656 ⁷¹:
1039 2601 1190 2645 γένηται
1208 2601 1242 2633 d.
1255 2618 1300 2626 —
1324 2598 1365 2635 δε
1386 2611 1467 2634 corr
1482 2611 1517 2634 π.
1531 2618 1576 2626 —-

127 2646 172 2680 26
191 2648 304 2682 τοῦτο
295 2614 412 2682 lenit.
430 2649 470 2681 Β.
488 2668 527 2673 -
535 2638 598 2681 28
617 2647 756 2691 τοῦ]τό
777 2660 819 2692 pr
837 2650 877 2681 A.
897 2668 939 2674 —
964 2648 1039 2681 τῶν
1060 2648 1110 2692 αβ
1129 2658 1256 2679 corrn.
1268 2663 1310 2670 -
1335 2646 1377 2680 31
1394 2644 1521 2690 μόνων
1536 2646 1575 2689 0,

130 2702 208 2724 corr
224 2704 256 2725 π
283 2713 326 2718 -
351 2694 395 2726 34
412 2691 468 2727 ἕλε’
468 2695 543 2738 χθη
563 2705 618 2726 om
637 2695 680 2726 A.

218 2735 310 2771 42&
329 2737 404 2773 ἐστὶ
418 2739 452 2773 d.
476 2758 523 2765 —
555 2740 575 2772 6
593 2737 715 2783 μέσων
733 2734 786 2792 μὴ
802 2737 965 2782 συνεχῶν
981 2736 1070 2771 codd
1087 2744 1239 2781 excepto
1254 2747 1288 2771 π.
1312 2755 1356 2762 -
1390 2737 1429 2775 11
1452 2733 1512 2772 oe’sl
1536 2737 1574 2775 C

129 2781 590 2828 -aipkvomdetprd,
593 2752 868 2818 μ-14ἐοὶντι,
968 2804 970 2806 v
