1760 3112
287 175 340 213 40
561 176 754 220 Scholia
778 176 823 209 in
844 175 949 210 libr.
975 152 1028 210 tle
1050 175 1454 219 interpretatione

199 270 276 347 16217)
380 271 626 318 προσέθηκε,
630 273 698 314 ,”τι
699 271 926 323 σημαίνων,
956 283 1014 307 οτι
1045 283 1090 306 ου
1114 270 1236 308 πάντα
1257 269 1461 317 σημαντικά
1485 266 1592 316 ἐστιν,
1616 268 1706 307 ἄλλά

292 337 312 359 τ
428 324 481 360 Id.

198 381 240 413 17
256 394 275 414 a
314 337 513 424 ινωλέγει
493 378 513 415 ὁ
546 377 749 426 Ἰάμβλιχος
770 376 828 413 ότι
851 393 927 415 ανω
951 379 993 416 τὸ
1019 382 1089 426 (τῷ
1106 381 1424 426 1115.),,συνδέσμῳ
1447 379 1520 421 εἶς”
1544 379 1603 415 ἐπὶ
1621 391 1709 426 συμ-

232 425 274 460 15
288 436 489 471 πλεκτικων
511 434 719 479 συνδέσμων
742 431 821 469 εἷπε
853 434 940 476 τοὺς
968 435 1018 480 μὴ
1051 437 1295 480 σημαίνοντας
1315 435 1434 480 σχέσιν
1455 434 1524 471 δύο
1543 435 1708 481 πραγμά-

288 503 362 525 των
385 487 409 535 ἢ
432 492 585 533 πολλῶν,
609 489 658 530 ὥς
685 502 703 524 ο
729 489 928 536 Σωκράτης
956 491 1095 536 βαδίζει
1119 491 1180 525 καὶ
1207 489 1361 525 Πλάτων
1391 489 1614 535 διαλέγεται,
1647 491 1709 526 ἐν·-

256 584 258 586 ,
289 546 420 580 ταῦθα
443 544 484 581 δὲ
506 538 719 591 ,,συνδέσμῳ
743 543 815 585 εἴς”
839 543 940 580 εἶπεν
963 545 1215 589 αἰνιττόμενος
1236 545 1303 586 τὰς
1320 542 1544 587 υποθετικὰς
1567 546 1709 593 προτά-

291 611 397 642 σεις.
432 627 439 634 .
466 595 533 635 οὔκ
556 599 631 635 ἔστι
654 599 693 634 δὲ
717 600 826 634 τοῦτο
842 599 999 645 ἀληθές,
1045 602 1175 644 Steph.

377 656 478 690 πᾶσα
511 654 691 700 πρότασις
713 651 949 699 τούλάχιστον
973 654 1010 698 ἐξ
1033 654 1275 700 υποκειμένου
1301 655 1375 706 ἐστὶ
1399 656 1462 691 καὶ
1482 649 1709 722 κατηγορουὲ·

287 701 400 754 μένου
424 709 487 754 καὶ
512 709 675 757 σχέσεως,
699 708 814 754 σχέσις
837 709 879 746 δέ
903 707 1036 746 ἐστιν“
1022 708 1068 755 η“ν
1091 711 1212 755 ἔχουσι
1234 709 1326 756 πρὸς
1347 708 1482 756 ἄλληλα
1499 710 1542 746 τό
1557 724 1597 746 τε
1614 723 1708 746 υπο-

287 765 455 809 κείμενον
477 764 539 799 καὶ
563 763 605 800 τό
630 763 948 811 κατηγορούμενον
974 790 982 800 .
996 789 1023 800 ..
1046 765 1197 812 ταύτην
1211 764 1249 800 δὲ
1272 764 1341 810 τὴν
1364 765 1482 811 σχέσιν
1504 767 1540 801 οἱ
1563 764 1709 812 ἀρχαῖοι

290 816 482 864 ὠνόμαζον
506 818 610 864 υ’λην.
657 821 750 865 Reg.
1058 830 1063 836 ·
1134 866 1137 869 Δ

378 874 613 920 Θεόφραστος
646 872 798 920 μερικὴν
830 873 1135 922 ἄπροσδιόριστον
1159 874 1334 910 ἐκάλεσεν.
1379 875 1520 921 1d.(cf.
1544 876 1706 911 Brundis.

288 930 402 963 schol.
426 931 607 977 1131)12).

197 990 272 1024 171)
378 982 561 1030 ἐναντίας
579 984 617 1020 δὲ
648 983 791 1019 ἐκάλεσε
836 983 904 1024 τὰς
945 979 1120 1024 τοιαύτας
1157 982 1402 1031 ἀποφάνσεις,
1441 985 1540 1021 διότι
1572 984 1710 1022 ἐοίκασι

250 1034 273 1068 4
289 1041 368 1079 τοῖς
389 1038 556 1083 ἐμμέσοις
580 1038 771 1105 ἐναντίοις.
817 1038 943 1083 steph.

196 1100 272 1134 171)
377 1093 545 1130 καθόλου
569 1093 619 1135 ὥς
640 1094 688 1139 μὴ
714 1092 883 1130 καθόλου
906 1094 998 1138 λέγει
1021 1095 1087 1134 τὰς
1109 1072 1304 1162 προτάσεις
1325 1093 1392 1134 τὰς
1414 1093 1566 1138 ἐχούσας
1579 1095 1624 1130 τὸ
1640 1095 1707 1140 μὲν

250 1145 273 1177 7
288 1147 529 1201 ’ὑποκείμενον
550 1148 738 1192 καθόλου,
761 1147 1044 1195 προσδιορισμὸν
1067 1150 1100 1184 δ’
1125 1148 1180 1185 ου.
1225 1151 1277 1184 Id.
1324 1148 1489 1185 καθόλου
1511 1149 1560 1195 μὴ
1585 1150 1708 1187 καθό-

290 1207 356 1238 λου
383 1199 487 1240 καλεῖ
506 1203 574 1248 τήν
597 1202 915 1250 άπροσδιόριστον.
960 1205 1055 1249 Reg.

185 1263 275 1297 171)8
381 1257 633 1304 αἰνιττόμενος
655 1272 703 1294 τα
725 1256 841 1303 αμεσα
865 1257 1023 1293 ἐναντία.
1069 1260 1193 1303 Steph.

195 1318 272 1352 171)
378 1312 398 1349 ὁ
422 1315 496 1354 πᾶς
517 1312 798 1359 προσδιορισμὸς
821 1310 844 1370 η’
869 1327 888 1349 ο
914 1311 1035 1354 ουδεὶς
1059 1312 1104 1349 ου’
1129 1314 1295 1358 σημαίνει
1317 1314 1519 1364 καθολικήν
1537 1327 1622 1350 τινα
1638 1315 1708 1359 φύ-

230 1363 272 1396 12
290 1379 366 1410 σιν,
391 1366 511 1414 ω’σπερ
534 1367 753 1415 ανθρωπος,
788 1364 877 1403 αλλὰ
901 1367 970 1413 τὴν
994 1367 1142 1404 τοιάνδε
1175 1369 1292 1414 σχέσιν
1314 1370 1481 1418 σημαίνει
1503 1383 1570 1406 του
1593 1383 1707 1415 κατη-

288 1423 516 1470 ’γορουμένου
539 1423 631 1470 πρὸς
653 1423 696 1459 τὸ
719 1422 972 1468 υποκείμενον.
1018 1425 1073 1458 Id.-
1231 1462 1233 1465 ¹
1583 1437 1585 1439 ¹

195 1482 271 1515 171)
377 1478 471 1525 πρὸς
492 1477 602 1514 τοῦτό
626 1490 739 1523 φησιν
761 1492 780 1514 ο
807 1478 1054 1524 Θεόφραστος,
1078 1477 1136 1514 ότι
1159 1479 1220 1515 ἐπί
1241 1493 1363 1522 τινων,
1386 1479 1452 1515 ἐὰν
1475 1477 1525 1525 μὴ
1552 1480 1572 1516 ο
1597 1491 1709 1527 προσ-

227 1526 270 1560 16
287 1531 475 1580 διορισμὸς
498 1529 525 1580 ᾖ
546 1534 608 1569 καὶ
632 1534 690 1569 ἐπὶ
714 1535 781 1569 τοῦ
809 1534 1145 1580 κατηγορουμένου,
1167 1534 1190 1579 ἦ
1215 1534 1408 1579 άντίφασις
1431 1534 1707 1580 συναληθεόσει,

288 1588 380 1631 οἷον,
405 1590 527 1635 φησίν,
561 1588 625 1624 ἐὰν
647 1587 818 1633 λέγωμεν·
848 1591 999 1629 Φαινίας
1023 1588 1091 1634 ε’χει
1115 1589 1335 1635 ἐπιστήμην,
1372 1591 1523 1631 Φαινίας
1547 1589 1613 1627 οὐκ
1638 1591 1709 1636 ἔχει

286 1643 499 1689 ἐπιστήμην,
525 1643 682 1680 δύναται
705 1642 898 1690 οἷμφότερα
922 1643 1016 1680 εἶναι
1033 1644 1170 1690 ἀληθῆ.
1214 1646 1375 1679 Ambros.
1711 1655 1719 1657 “

195 1702 270 1736 171)
378 1698 497 1746 ὥσπερ
522 1699 596 1735 ἐκεῖ
617 1700 668 1745 τῷ
690 1700 762 1747 πᾶς
785 1698 950 1735 καθόλου
974 1698 1053 1735 ὄντι
1076 1701 1346 1747 προσδιορισμςό
1364 1700 1569 1746 προσετέθη
1592 1699 1635 1736 τὸ
1661 1698 1706 1736 οὒ

228 1747 270 1780 19
287 1749 484 1800 ἀρνητικὸν
513 1753 643 1801 μόριον
673 1753 789 1799 μόνον
799 1781 809 1799 ,
848 1753 965 1795 οὕτως
1003 1754 1076 1790 ἔδει
1109 1755 1172 1790 καὶ
1205 1755 1370 1791 ἐνταῦθα
1401 1757 1452 1802 τῷ
1487 1756 1544 1796 τὶς
1573 1758 1708 1803 μερικῷ

285 1811 558 1855 προσδιορισμῷ
579 1807 791 1851 πλεονάζειν
813 1810 882 1854 τὴν
905 1807 951 1845 ov¹
976 1808 1127 1862 αρνησιν
1149 1811 1211 1845 καὶ
1233 1812 1402 1855 γίνεσθαι
1425 1824 1470 1846 ου
1494 1824 1559 1851 τις.
1582 1813 1707 1856 Steph.

193 1866 269 1900 17b
376 1864 500 1909 οἱμὲν
522 1863 664 1909 λέγουσι
689 1864 757 1907 τὴν
778 1865 944 1900 καθόλου
976 1864 1166 1909 ἀπόφασιν
1193 1864 1348 1901 ἕπεσθαι
1379 1865 1494 1902 αυτὸν
1523 1866 1589 1902 τὸν
1618 1865 1708 1913 Ἀρι-

224 1910 269 1944 36
285 1919 434 1963 στοτέλη
457 1919 625 1965 μάρτυρα
637 1919 922 1985 παραφέροντες·
945 1919 1038 1964 λέγει
1060 1920 1162 1965 γὰρ.
1194 1920 1270 1955 ..ἓν
1292 1921 1344 1967 τῷ
1367 1921 1451 1966 περὶ
1467 1922 1588 1965 ψυχῆς
1613 1947 1635 1966 ,,
1626 1935 1708 1963 ,ουκ

282 1973 380 2009 ἔστιν
411 1975 584 2017 αἴσθησις
605 1972 707 2019 παρὰ
737 1973 805 2014 τὰς
835 1974 943 2009 πέντε
964 1974 1192 2018 αἰσθήσεις,”
1223 1975 1410 2011 τουτέστιν
1433 1974 1501 2011 οὐκ
1525 1976 1621 2011 ἔστιν
1644 1978 1709 2012 αἴ·-

283 2031 416 2073 σθησις
449 2025 603 2072 ουδεμία
635 2027 737 2075 παρὰ
768 2029 835 2068 τὰς
857 2027 965 2064 πέντε
989 2028 1193 2074 αἰσθήσεις,
1219 2030 1281 2065 καὶ
1303 2029 1415 2066 πάλιν
1439 2031 1477 2066 ἐν
1499 2033 1545 2077 τῇ
1569 2033 1709 2079 φυσικῇ

284 2082 458 2129 ακροάσει
481 2081 576 2127 ,,ου’κ
599 2083 674 2118 ε’στι
697 2084 837 2127 κίνησις
859 2084 959 2129 παρὰ
984 2083 1031 2118 τὰ
1055 2084 1275 2129 κινούμενα”
1375 2085 1421 2120 τὰ
1447 2085 1710 2132 ἐπιχειρήματα

282 2138 544 2205 Ἀριστοτέλους
575 2140 686 2183 δῆλον
717 2152 776 2173 οτι
799 2137 859 2174 ἐπὶ
881 2141 946 2183 τῆς
980 2138 1213 2184 ἐνδεχομένης
1237 2138 1325 2184 ὕλης
1347 2138 1585 2186 ἐλήφθησαν·
1623 2153 1708 2177 σκο-

283 2193 357 2230 πὸν
387 2207 458 2240 γαρ
493 2193 565 2239 εἶχε
595 2193 712 2239 μόνον
744 2193 836 2229 αὐτὸ
870 2195 938 2230 τοῦ
962 2195 1097 2239 δεῖξαι,
1130 2193 1189 2230 ὅτι
1221 2193 1471 2240 άντιφατικαῖς
1498 2195 1544 2232 ου’
1572 2195 1710 2242 μάχον-

285 2262 362 2285 ται.
409 2250 537 2294 Steph.

194 2314 269 2347 132
372 2306 424 2351 τῷ
445 2307 511 2349 τῆς
532 2303 763 2348 αντιφάσεως
787 2303 942 2349 ὀνόματι
965 2303 1032 2350 οὔχ
1055 2301 1100 2340 ὃν
1132 2307 1243 2342 εἴωθε
1267 2304 1406 2352 τρόπον
1428 2306 1604 2351 ἐχρήσατο
1627 2320 1707 2353 νυν,

225 2357 361 2395 11άλλ’
394 2339 478 2395 όῖντὶ
507 2360 575 2395 τοῦ
596 2361 662 2404 τῆς
693 2358 914 2400 αντιθέσεως
944 2357 1140 2404 ὀνόματος.
1187 2363 1281 2406 Reg.
1329 2357 1584 2405 ,,άντίφασις”,
1615 2361 1707 2397 κοῖν-

282 2416 410 2450 ταυθα
441 2414 480 2450 δὲ
503 2414 572 2458 τήν
594 2413 783 2450 ἀντίθεσιν
805 2415 951 2460 νόησον.
977 2416 1088 2449 Pseui
1112 2418 1284 2461 paraphr.
1309 2416 1344 2450 in
1366 2416 1508 2451 Aristot.
1534 2418 1579 2450 de
1600 2417 1707 2462 intpr.

283 2471 339 2504 ed.
362 2471 440 2504 Ald.
464 2469 564 2505 15⁰3.
588 2470 651 2504 fol.
675 2470 735 2504 6b
758 2470 837 2514 (cui
858 2471 952 2514 quod
974 2470 1131 2514 pretium
1156 2472 1379 2506 statuendum
1402 2472 1470 2513 sit,
1492 2472 1602 2506 facile
1625 2473 1707 2507 inde

282 2525 469 2570 coniicias,
495 2526 588 2569 quod
611 2526 753 2570 saepius
776 2525 985 2570 expositioni
1014 2536 1098 2560 suae
1124 2527 1221 2562 addit
1243 2523 1282 2571 ἤ,
1306 2528 1341 2562 εἰ
1360 2525 1496 2572 βούλει,
1519 2526 1582 2561 καὶ
1607 2524 1705 2562 οὕτω

282 2591 348 2622 μοι
372 2580 507 2624 νόησον
529 2579 570 2616 τὸ
596 2580 708 2627 ῥητόν
731 2585 766 2615 et
789 2582 836 2615 al.
859 2581 1081 2624 huiusmodi)
1106 2581 1225 2618 ἰστέον
1255 2582 1380 2617 τοίνυν
1402 2579 1461 2617 ὅτι
1485 2581 1521 2616 οὶ
1545 2581 1706 2616 Στωϊκοὶ

286 2633 528 2680 ἀναιροῦντες
558 2633 600 2670 τὰ
637 2634 872 2681 ἐνδεχόμενον
902 2634 970 2671 δύο
1001 2635 1103 2677 τινὰς
1133 2635 1399 2683 προβάλλονται
1421 2635 1579 2683 ἀπορίας
1601 2638 1706 2681 (quas

286 2701 320 2723 v.
346 2684 587 2733 ap.‘Ammon.
612 2688 665 2725 ad'
684 2692 846 2735 maza).
892 2689 987 2736 Rdg.
1100 2692 1103 2694 ’
