1826 3112
313 204 391 244 126
755 206 900 239 ΠΕΡΙ
927 206 1282 240 ΕΡΜΗΝΕΙΑΣ.

263 317 299 345 1⁰
314 304 361 350 δὲ
388 300 528 349 πάντα
557 301 690 362 λόγον
720 300 1019 362 ἀποφαντικὸν
1053 302 1098 348 ἐκ
1128 299 1318 364 ῥήματος
1347 299 1456 349 εἶναι
1475 299 1509 364 ἢ
1529 303 1731 359 πτώσεως

313 368 526 432 ῥήματος·
561 370 632 414 καὶ
652 365 734 447 γὰρ
757 365 782 413 ὁ
804 371 888 414 τοῦ
907 366 1162 427 ἀνθρώπου,
1197 366 1272 414 ἐὰν
1290 365 1417 430 μὴτὸ
1440 369 1554 414 ἔστιν
1574 365 1606 431 ἢ
1623 362 1682 431 ἦν
1700 367 1731 432 ἢ

312 435 429 482 ἔσται
464 433 493 497 ἤ
520 452 561 480 τι
592 438 798 479 τοιοῦτον
825 438 1071 494 προστεθῇ,
1109 450 1234 480 ουπω
1267 434 1396 494 λόγος
1416 432 1729 494 άποφα-ντικός.

314 500 370 548 δι’
389 499 415 547 ὅ
435 518 473 546 τι
496 501 577 546 δὲ’
561 500 606 546 ἐν
622 500 664 545 τί
681 501 796 546 ἐστιν
814 499 906 546 ἀλλ’
926 499 986 547 οὐ
1009 499 1148 547 πολλὰ
1167 498 1217 546 τὸ
1230 499 1480 565 ζοῖονπεζὸν
1498 501 1657 547 δίπουν
1669 527 1732 536 --

314 567 373 614 οὐ
401 565 483 627 γάρ
513 564 569 627 δὴ
599 570 659 611 τῶ
689 566 902 627 σύνεγγυς
933 569 1137 628 εἰρῆσθαι
1166 564 1225 623 εἷς
1255 568 1384 622 ἔσται,
1417 567 1504 612 ἔστι
1531 568 1577 612 δὲ
1599 563 1734 628 αλλης

265 649 299 677 1⁵
314 633 602 694 πραγματείας
634 649 768 678 τουτο
788 634 930 679 εἰπεῖν.
975 633 1061 679 ἔστι
1081 634 1126 679 δε
1150 630 1208 689 εἷς
1227 631 1360 693 λόγος
1381 631 1679 693 ἄποφαντικὸς
1705 630 1734 694 ἢ

314 697 340 745 ὁ
379 700 427 744 ἐν
459 701 615 760 δηλῶν
657 695 688 759 ἢ
729 697 755 744 ὃ
785 699 1013 780 συνδέσμῳ
1044 696 1126 756 εἷς,
1154 701 1309 744 πολλοὶ
1337 700 1383 745 δὲ
1417 700 1459 745 οἱ
1488 697 1628 744 πολλοὶ
1659 699 1732 744 καὶ

312 763 374 827 μὴ
398 765 447 810 ὲν
473 761 504 825 ἢ
535 764 578 809 οἱ
605 762 846 811 ἄσυνδετοι.
913 764 964 811 τὸ
998 766 1075 824 μὲν
1104 757 1187 811 οὖν
1219 763 1360 824 ὄνομα
1389 762 1421 826 ἢ
1455 765 1571 826 ῥῆμα
1597 763 1734 826 φάσις

313 832 420 878 ἔστω
439 829 590 890 μόνον,
610 829 756 893 ἐπειδὴ
777 830 863 877 οὐκ
873 831 985 877 ἔστιν
998 832 1129 876 εἰπεῖν
1137 848 1253 876 ουτω
1264 833 1290 876 6
1295 830 1483 892 ηλουντα
1493 849 1530 875 τι
1542 835 1595 890 τῇ
1606 834 1733 890 φωνῇ

314 895 422 943 ωστε
450 895 787 956 ἀποφαίνεσθαι,
823 895 851 958 ἢ
879 896 1118 954 ἐρωτῶντός
1147 914 1277 951 τινος,
1309 893 1339 958 ἢ
1366 895 1443 958 μή,
1473 894 1565 941 ἀλλ’
1597 894 1733 942 αὐτὸν

262 980 299 1008 w
313 963 672 1023 προαιρούμενον.
709 962 877 1008 τούτων
895 964 941 1008 δὲ
962 960 1020 1024 ἡ
1012 963 1088 1008 ιιὲν
1102 961 1219 1025 ἁπλῆ
1236 962 1349 1008 ἐστὶν
1359 959 1732 1022 άπόφανσις,οἷον

312 1030 352 1074 τὶ
378 1027 487 1074 κατά
513 1046 631 1083 τινος
663 1025 692 1089 ἢ
723 1030 762 1073 τὶ
800 1027 888 1074 οἷπό
919 1047 1049 1085 τινος,
1075 1027 1105 1090 ἡ
1139 1030 1185 1074 δὲ
1215 1029 1261 1075 ἐκ
1287 1027 1455 1074 τούτων
1473 1028 1732 1090 συγκειμένη

312 1092 408 1141 οἷον
428 1093 560 1154 λόγος
580 1111 644 1150 τις
662 1092 748 1156 ἤδη
765 1093 990 1152 σύνθετος.
1026 1096 1111 1141 ἔστι
1124 1096 1170 1140 δὲ
1192 1093 1221 1157 ἡ
1244 1096 1322 1154 μὲν
1341 1093 1461 1156 ἁπλῆ
1480 1093 1734 1154 α’πόφανσις

313 1159 442 1221 φωνὴ
470 1158 710 1222 σημαντικὴ
737 1162 833 1221 περὶ
860 1166 944 1208 τοῦ
971 1159 1179 1222 ὑπάρχειν
1210 1179 1251 1207 τι
1276 1159 1307 1223 ἢ
1336 1159 1396 1224 μὴ
1429 1160 1652 1221 ὑπάρχειν,
1674 1158 1735 1217 ὥς

313 1227 357 1274 οὶ
382 1226 531 1287 χρόνοι
554 1225 800 1289 διηρηνται·

265 1301 298 1345 6
444 1290 690 1351 κατάφασις
712 1293 759 1339 δέ
784 1293 895 1339 ἐστιν
920 1290 1174 1352 άπόφανσίς
1191 1309 1307 1348 τινος
1317 1290 1426 1336 κατά
1453 1307 1583 1348 τινος.
1619 1289 1732 1337 από-

263 1373 298 1401 ms
314 1370 450 1418 φασις
476 1359 524 1404 δέ
550 1358 662 1404 ἐστιν
691 1357 939 1418 άπόφανσίς
964 1375 1083 1414 τινος
1103 1355 1191 1403 «iud
1213 1375 1341 1414 τινος.
1377 1357 1463 1404 ἐπεὶ
1484 1358 1530 1404 δὲ
1552 1358 1638 1403 ἔστι
1660 1357 1735 1402 καὶ

312 1422 365 1469 τὸ
405 1423 612 1485 ὑπάρχον
654 1423 979 1485 ἀποφαίνεσθαι
1016 1422 1075 1480 [ὃς
1117 1422 1178 1486 μὴ
1217 1422 1423 1483 ὑπάρχον
1462 1425 1536 1487 καὶ
1577 1421 1630 1470 τὸ
1673 1420 1733 1485 μή

312 1487 514 1550 ὑπάρχον
554 1488 613 1547 ὥς
653 1490 854 1551 ὑπάρχον
895 1492 970 1536 καὶ
1011 1488 1062 1536 τὸ
1103 1487 1305 1550 ὑπάρχον
1339 1488 1398 1546 ὡς
1428 1487 1627 1549 ὑπάρχον
1659 1490 1735 1534 καὶ

312 1554 363 1601 τὸ
381 1555 470 1636 Ημὴ
494 1554 697 1616 ὑπάρχον
724 1555 786 1613 ὥς
824 1555 883 1618 μὴ
914 1555 1135 1615 ὑπάρχον,
1166 1558 1240 1601 καὶ
1273 1557 1370 1614 περὶ
1398 1554 1507 1612 τούς
1537 1553 1659 1611 ἐκτὸς
1686 1554 1734 1600 δὲ

263 1639 299 1667 ω
313 1626 399 1668 τοῦ
410 1626 496 1668 νῦν
507 1621 694 1682 χρόνους
714 1621 937 1678 ωσαύτως
950 1619 1067 1667 άπαν
1079 1619 1133 1667 ἆν
1148 1621 1360 1681 ἐνδέχοιτο
1380 1623 1453 1666 καὶ
1467 1619 1494 1667 ὃ
1513 1620 1734 1682 κατέφησέ

313 1705 377 1744 τις
423 1686 656 1750 αποφῆσαι
699 1690 772 1734 καὶ
812 1687 839 1735 6
879 1687 1078 1749 ἀπέφησε
1113 1691 1378 1769 καταφῆσαι.
1454 1685 1563 1733 ω’στε
1597 1691 1734 1749 δῆλον

315 1751 383 1800 ὅτι
415 1753 536 1813 πάσῃ
566 1753 809 1814 καταφάσει
835 1755 948 1800 ἐστὶν
979 1752 1207 1812 ἀπόφασις
1238 1749 1511 1815 ιῖντικειμένη
1523 1754 1593 1798 καὶ
1613 1752 1733 1812 πάσῃ

315 1818 538 1880 αποφάσει
552 1819 809 1880 κατάφασις.
864 1821 936 1866 καὶ
971 1820 1076 1865 ε’στὼ
1110 1818 1340 1879 ἀντίφασις
1370 1823 1515 1875 τοῦτο,
1534 1818 1734 1878 κατάφα-

313 1897 383 1942 σις
426 1887 500 1932 καὶ
542 1885 770 1947 οἷπόφασις
811 1887 854 1931 αἱ
898 1884 1190 1945 οἷντικείμεναι.
1244 1886 1356 1946 λέγω
1385 1886 1431 1931 δὲ
1465 1884 1735 1931 ἀντικεῖσθαι

264 1967 299 1995 35
313 1950 393 2014 τὴν
415 1956 499 1998 τοῦ
527 1951 673 1999 αὐτοῦ
693 1951 803 1998 κατὰ
827 1956 909 1998 τοῦ
932 1950 1087 2006 αὐτοῦ,
1121 1950 1180 2012 μὴ
1208 1949 1450 2010 ὁμωνύμως
1471 1951 1533 2007 δέ,
1553 1952 1626 1996 καὶ
1647 1947 1734 1996 ὅσα

314 2015 425 2063 ἄλλα
461 2021 547 2063 τῶν
572 2018 783 2066 τοιούτων
808 2017 1206 2078 προσδιοριζόμεθα
1224 2015 1341 2077 πρὸς
1364 2015 1441 2073 τὰς
1473 2014 1735 2078 σοφιστικὰς

314 2082 571 2147 ἐνοχλήσεις.

404 2255 443 2289 11
464 2252 542 2298 ἐὰν]
559 2254 677 2297 λόγος,
700 2252 765 2289 ἐὰν
783 2255 921 2288 codices
931 2272 974 2278 —
997 2253 1097 2287 ἔσται
1119 2250 1144 2293 η’
1165 2246 1212 2295 ἦν
1227 2253 1278 2294 ns.
1300 2269 1342 2278 —-
1366 2258 1446 2284 ante
1460 2246 1505 2295 ἦν
1528 2258 1563 2284 et
1581 2253 1624 2286 12
1634 2250 1733 2286 ἔσται

314 2300 383 2333 add
399 2297 442 2333 τὸ
458 2310 498 2343 g.
519 2318 565 2325 —-
587 2300 736 2334 τοιοῦτο
754 2301 817 2332 Βιι.
841 2318 887 2324 -
912 2300 953 2332 13
971 2296 1068 2332 διότι
1086 2298 1228 2333 codices.
1253 2315 1298 2321 —-
1321 2293 1375 2339 δὲ]
1395 2293 1443 2338 δὴ
1462 2298 1568 2338 Afun,
1591 2309 1672 2329 eurr
1690 2298 1732 2339 B,

316 2345 374 2377 del
396 2344 469 2386 Gd,
495 2356 551 2376 om
576 2345 664 2388 Eeg.
688 2362 733 2369 —
767 2345 809 2378 14
827 2341 868 2377 τὸ
891 2345 934 2382 G,
961 2355 1002 2386 pr
1004 2354 1054 2400 g.
1081 2361 1121 2367 —
1146 2342 1190 2376 15
1207 2341 1317 2375 τοῦτο
1330 2341 1579 2396 πραγματείας
1590 2343 1666 2398 efn.
1690 2360 1731 2366 —-

315 2387 441 2424 ἔστιδὲ
461 2390 602 2421 corrA.
628 2407 672 2414 —
694 2385 719 2430 ἢ
738 2399 840 2421 ome.
865 2406 910 2413 -
935 2356 1021 2431 17η
1039 2386 1199 2421 natale.
1227 2404 1267 2411 —
1292 2384 1328 2418 οὶ
1347 2396 1402 2417 om
1426 2385 1460 2417 C.
1488 2404 1528 2409 —
1557 2381 1590 2427 ἢ]
1609 2385 1669 2420 καὶ
1689 2385 1731 2420 τὸ

314 2446 368 2479 γρ.
387 2429 412 2473 ἢ
426 2445 459 2465 π.
486 2450 530 2458 -
553 2428 577 2476 ἢ
598 2430 640 2467 τὸ
662 2432 760 2478 ῥῆμα
779 2434 835 2465 Ce.
861 2450 904 2456 -
932 2433 972 2465 18
991 2432 1068 2466 ἐπεὶ
1085 2443 1135 2465 en.
1154 2450 1192 2455 -
1207 2441 1303 2463 τινα
1319 2440 1346 2462 e.
1374 2431 1483 2462 -20
1504 2428 1600 2464 ἐστὶν
1619 2442 1674 2462 om
1693 2441 1732 2474 g.

315 2497 359 2503 —
377 2475 568 2531 αζιόφασις
588 2479 650 2522 Cg.
668 2496 714 2503 -—-
733 2479 770 2510 21
792 2477 839 2508 alt
853 2489 889 2510 τι
906 2489 961 2509 om
984 2478 1024 2510 G.
1040 2494 1085 2502 -
1107 2477 1151 2508 22
1167 2486 1232 2518 μεν
1248 2487 1302 2506 om
1322 2474 1497 2518 ACdng‚
1515 2472 1537 2517 ἡ
1541 2486 1617 2529 μεν
1631 2486 1730 2507 omn.

317 2542 357 2548 -
390 2519 579 2564 ἀπόφασις
604 2524 639 2556 G.
670 2542 715 2547 —
748 2523 792 2555 23
816 2518 972 2575 ὑπάρχει
995 2522 1047 2553 bis
1069 2533 1110 2564 pr
1128 2532 1161 2553 n.
1183 2537 1230 2545 ·-
1260 2531 1295 2552 τι
1313 2529 1421 2563 omg
1445 2537 1488 2544 --
1522 2517 1591 2558 αἱς.
1623 2518 1732 2563 6.ιῄ-

315 2579 446 2612 ρηνται
465 2580 520 2600 om
543 2569 585 2600 G.
611 2586 657 2594 —
678 2567 722 2601 25
740 2565 854 2600 κατὰ.
888 2567 953 2600 ‚26
970 2578 1010 2609 pr
1030 2577 1130 2604 τινος
1149 2577 1189 2620 ρι·
1207 2575 1263 2596 om
1280 2574 1314 2595 n.
1333 2581 1379 2589 —
1400 2564 1444 2596 26
1463 2561 1558 2618 §quw
1577 2575 1631 2596 om
1654 2564 1732 2605 be.

315 2631 360 2636 —
382 2611 444 2645 καὶ
460 2624 514 2644 οιιι
533 2623 569 2656 g.
596 2631 637 2636 —-
661 2612 706 2645 27
723 2623 764 2653 ρι·
779 2609 847 2654 μὴ]
865 2607 930 2654 οὐχ
945 2622 1000 2654 eg.
1025 2629 1071 2636 —
1093 2610 1137 2642 29
1154 2607 1193 2653 δὲ
1211 2619 1266 2640 om
1283 2618 1322 2652 g·
1339 2607 1573 2662 —3029621022
1586 2608 1727 2641 BGEG.

315 2674 361 2682 —
391 2656 454 2690 καὶ
475 2668 531 2689 om
554 2668 591 2700 g.
626 2675 668 2682 -
701 2657 818 2695 31ης
841 2663 920 2688 ante
928 2655 1157 2710 καταφῆσαι
1189 2653 1256 2686 add
1281 2664 1316 2686 π.
1346 2669 1389 2676 -—
1420 2653 1464 2685 32
1488 2651 1590 2687 ἔσται
1621 2662 1660 2698 g.
1684 2671 1730 2677 —

315 2701 361 2734 34
377 2700 454 2744 καὶ]
474 2700 514 2736 δὲ
523 2701 586 2736 καὶ
601 2713 629 2735 e.
654 2721 698 2727 -
722 2701 765 2734 35
784 2699 879 2735 κατὰ
895 2713 942 2734 τα
960 2701 1028 2736 τοῦ
1048 2701 1085 2734 G.
1109 2717 1153 2726 --
1175 2698 1219 2732 36
1237 2695 1330 2743 πρὸς
1351 2708 1406 2730 om
1430 2708 1471 2740 pr
1493 2698 1531 2731 C.
