1832 3112
601 208 859 256 Analytica
890 208 1070 254 priora.
1527 207 1609 248 513

139 308 300 363 ταύτης
337 306 488 362 ἑτέραν
525 306 607 350 οὐκ
631 306 759 359 ἔστιν,
799 307 891 350 ἀλλ’
918 306 1158 361 ἀναγκαῖον
1183 302 1324 359 ὥσπερ
1351 304 1610 361 ὑποδεδεμέ-

137 388 221 417 νον
259 372 327 416 αἐὶ
360 373 595 416 καθεύδειν
620 372 695 416 καὶ
719 372 862 415 πάντα
887 372 1090 425 πράττειν
1117 402 1128 413 .
1151 403 1162 414 .
1186 402 1197 413 .
1223 372 1285 429 τῷ
1313 369 1360 413 δὲ
1385 371 1609 427 ἀνθρώπῳ

139 437 215 488 τάς
241 452 286 480 τε
314 438 523 493 βοηθείας
548 437 710 488 πολλὰς
737 438 848 493 ἔχειν
873 435 947 480 καὶ
972 437 1130 486 ταύτας
1156 435 1222 478 αἐὶ
1247 436 1377 488 ἔξεστι
1403 437 1611 492 μεταβάλ-

137 504 241 553 λειν,
281 509 325 544 et
354 506 534 545 1449b6
567 502 632 552 τίς
667 501 715 545 δὲ
749 502 962 555 πρόσωπα
999 502 1220 544 άπέδωκεν
1256 501 1284 555 ἢ
1310 502 1556 557 προλόγους
1577 501 1608 557 ἢ

137 568 283 622 πλήθη
310 567 559 621 ὑποκριτῶν
585 566 658 609 καὶ
685 566 768 608 ὅσα
793 570 975 609 τοιαῦτα
1002 566 1221 622 ἠγνόηται.
1281 566 1330 609 τὸ
1358 566 1405 609 δὲ
1431 568 1606 621 μύθους

108 646 110 649 ·
134 635 276 675 ποιεῖν
297 631 561 686 Ἐπίχαρμος
586 630 659 674 καὶ
674 631 853 684 Φόρμις.
892 633 937 672 In
964 638 1100 673 mente
1126 633 1316 673 habuisse
1334 634 1495 674 videtur
1512 647 1605 675 ver-

137 698 232 738 bum
260 699 368 749 quod
396 699 601 750 sequitur:
638 697 742 750 quod
779 698 924 738 ultimo
959 697 1050 737 loco
1089 700 1153 737 est
1179 690 1320 749 ἧρξεν.
1387 697 1452 738 Cf.
1481 699 1605 739 etiam

135 775 241 814 quae
268 762 503 814 colligemus
531 763 583 803 ad
609 762 748 802 o5b1.
1318 757 1338 774 “’

195 867 295 922 Cap.
323 868 387 908 16.
447 867 560 919 Quid
585 869 643 909 sit
663 868 822 923 petitio
845 869 1062 922 principii.
1117 870 1272 909 65a10
1298 868 1374 909 Fit
1399 870 1446 909 in
1465 870 1608 924 primo

83 932 324 986 syllogismo
350 935 530 987 figurae
553 933 737 986 primae,
780 933 819 972 si
840 934 1075 986 propositio
1091 934 1252 982 maior,
1296 936 1349 973 19
1376 934 1446 974 vel
1472 935 1607 974 minor

83 1010 169 1037 non
196 999 332 1050 magis
360 1003 480 1037 certa
509 1003 570 1036 est
600 1002 643 1036 et
659 998 889 1050 manufesta
907 1010 1033 1050 quam
1051 998 1145 1051 ipsa
1161 998 1385 1039 conclusio.
1426 999 1479 1037 26
1496 998 1607 1038 Item

72 1064 133 1115 fit
176 1062 221 1101 in
258 1062 434 1115 reliquis
464 1062 624 1116 figuris
662 1066 704 1101 et
744 1062 789 1100 in
827 1063 1074 1116 affirmante
1115 1066 1157 1101 et
1194 1062 1242 1101 in
1269 1067 1456 1115 negante
1482 1064 1607 1116 syllo-

82 1138 229 1178 gtsmo.

81 1212 234 1251 641128
275 1212 382 1262 Quid
420 1212 473 1251 sit
510 1210 726 1252 αἰτεῖσθαι
763 1213 928 1265 exponit
965 1213 1048 1251 'lob
1064 1214 1115 1252 31
1156 1209 1212 1252 ἂν
1249 1208 1297 1253 δὲ
1333 1210 1362 1264 ἢ
1399 1211 1607 1266 μηδεμιᾶς

137 1272 322 1328 ἐνούσης
347 1274 473 1329 δόξης
500 1275 528 1330 ἢ
555 1275 631 1317 καὶ
658 1275 855 1327 ἐναντίας
891 1274 1073 1330 ἐνούσης
1099 1276 1300 1330 λαμβάνῃ
1327 1276 1376 1318 τὸ
1405 1275 1512 1319 αὐτὸ
1540 1277 1608 1319 αἷ-

134 1343 279 1383 τεῖται.
334 1339 409 1381 καὶ
444 1341 584 1394 τούτῳ
624 1340 821 1393 διαφέρει
845 1340 1054 1390 ὑπόθεσις
1087 1339 1160 1382 καὶ
1187 1341 1367 1395 αἴτημα·
1406 1339 1495 1383 ἔστι
1522 1341 1605 1395 γὰρ

114 1405 300 1459 ἀἴτημα
335 1405 385 1446 τὸ
425 1404 687 1448 ὑπεναντίον
723 1409 804 1447 τοῦ
846 1406 1154 1458 μανθάνοντος
1187 1411 1242 1460 τῇ
1279 1406 1396 1461 δόξῃ,
1433 1405 1461 1460 ἢ
1496 1404 1521 1448 ὃ
1549 1409 1607 1449 ἄν

137 1483 200 1519 τις
228 1469 488 1511 άποδεικτὸν
516 1466 570 1512 ὂν
595 1471 797 1524 λαμβάνῃ
833 1469 906 1512 καὶ
934 1473 1086 1526 χρῆται
1110 1469 1168 1525 μὴ
1197 1471 1349 1522 δείξας.
1379 1494 1434 1501 -
1499 1474 1609 1523 Qua-

137 1541 255 1576 tenus
286 1537 425 1588 petitio
447 1536 641 1588 principii
670 1536 720 1575 ad
748 1536 998 1576 dialecticam
1026 1537 1226 1589 pertineat
1246 1538 1409 1588 exponit
1431 1538 1544 1577 1621)
1557 1539 1609 1576 31

136 1612 225 1652 sqq.
257 1621 307 1627 —
361 1600 620 1639 Numeranda
649 1605 724 1648 est,
755 1600 824 1648 ait,
853 1601 993 1652 petitio
1014 1600 1200 1652 principii
1220 1601 1260 1639 in
1286 1592 1608 1641 'demonstratio-

135 1664 386 1715 nibus-quae
414 1675 492 1702 non
529 1663 746 1702 conficiunt
782 1663 888 1715 quod
917 1659 1067 1711 volunt,
1097 1664 1326 1716 continetur
1353 1662 1607 1705 demonstra-

134 1729 388 1778 tione-quae
426 1739 506 1766 non
543 1727 689 1778 probat
726 1726 834 1778 quod
875 1727 1127 1777 propositum
1163 1732 1239 1776 est,
1279 1728 1385 1767 sicut
1427 1730 1607 1779 speciem

134 1803 263 1845 genus
291 1790 584 1842 complectitur.
655 1790 800 1829 Buhlio
828 1790 959 1829 oratio
985 1789 1194 1829 videbatur
1221 1791 1374 1841 durior,
1417 1795 1463 1830 ut
1490 1792 1607 1832 dubi-

138 1858 248 1895 taret
275 1867 371 1894 num
399 1854 511 1894 locus
539 1867 660 1895 sanus
690 1859 813 1904 esset,
853 1866 983 1905 neque
1010 1857 1144 1894 tamen
1173 1855 1279 1906 quod
1308 1855 1454 1895 mutari
1483 1856 1608 1897 vellet

136 1919 347 1960 indicavit..

81 1985 236 2024 o4b32
277 1982 338 2023 De
365 1983 423 2022 iis·
443 1995 547 2034 quae
575 1982 755 2022 dicantur
782 1979 936 2034 ὕστερα
964 1986 1006 2022 et
1044 1981 1233 2034 πρότερα
1272 1983 1310 2022 in
1348 1982 1602 2024 demonstra-

135 2050 243 2089 tione
270 2060 307 2088 v.
337 2060 440 2099 quae
467 2047 640 2085 diximus
669 2046 720 2086 ad
750 2049 801 2085 14
814 2050 914 2087 a26.

81 2114 234 2153 641136
273 2111 467 2151 Dedimus
502 2107 561 2163 μὴ
587 2109 638 2151 τὸ
666 2124 715 2150 ex
743 2112 875 2159 codd„
919 2123 1041 2163 quum
1079 2110 1197 2162 vulgo
1225 2110 1428 2162 legeretur
1454 2111 1503 2153 τὸ
1530 2112 1605 2166 μή,

86 2225 89 2228 Α
136 2178 189 2216 de
217 2189 296 2228 quo
323 2187 358 2213 v.
387 2187 491 2225 quae
518 2175 693 2214 diximus
721 2175 771 2215 ad
799 2177 941 2215 41122.

81 2241 171 2282 641»
185 2242 240 2279 40
277 2238 534 2278 Servavimus
571 2234 789 2279 lectionem
826 2239 928 2278 Bkki
970 2236 1154 2287 ἐκείνου,
1194 2250 1312 2289 quam
1352 2240 1506 2292 primus
1545 2242 1606 2281 in-

135 2305 228 2345 vitis
268 2302 478 2343 codicibus
516 2302 631 2342 dedit
668 2302 740 2342 lul.
777 2303 949 2352 Pacius,
993 2316 1117 2354 quum
1157 2314 1298 2341 sensus
1339 2316 1426 2343 eam
1464 2308 1605 2356 aperte

137 2367 342 2422 postulet:
370 2379 461 2406 nam
489 2364 546 2406 δι’
574 2362 743 2407 ἐκείνου
772 2372 835 2407 est
862 2365 935 2408 διὰ
959 2368 1041 2407 τοῦ
1067 2363 1110 2415 ἐξ
1136 2363 1272 2419 ἀρχῆς
1292 2367 1383 2409 coli.
1404 2369 1524 2408 65a2
1543 2381 1606 2420 sq.

135 2432 340 2474 Numerus
368 2430 536 2483 pluralis
564 2429 740 2472 ἐκείνων
765 2432 859 2472 inde
886 2433 1044 2472 videtur
1070 2435 1185 2470 natus
1214 2443 1320 2477 esse,
1351 2431 1459 2482 quod
1485 2445 1604 2484 prae-

116 2496 262 2537 cessit
299 2493 558 2546 πεφυκότων
596 2501 638 2537 et
677 2494 860 2549 sequitur
896 2495 968 2537 διὰ
1002 2495 1182 2536 τούτων.
1247 2495 1436 2535 Nostram
1464 2496 1608 2536 lectio-

137 2564 232 2602 nem
260 2560 382 2600 etiam
409 2564 488 2600 vet.
511 2560 610 2613 intp.
636 2561 728 2603 cod.
751 2561 875 2601 Goth.
893 2562 1032 2601 habet.

82 2627 204 2667 65³1
243 2623 436 2666 δεικνύοι
474 2637 526 2665 ex
554 2626 673 2666 codd.
703 2625 955 2665 restituimus
983 2637 1058 2677 pro
1087 2621 1341 2664 δεικνύοιτο.
1398 2622 1507 2662 idem
1538 2622 1610 2662 ha·

51 2682 73 2720 '.
136 2690 257 2729 betur
279 2702 338 2728 vs.
364 2692 427 2729 17.
483 2689 716 2731 Subiectum
745 2689 939 2729 orationis
966 2688 1146 2729 additum
1166 2692 1230 2727 est
1247 2699 1305 2729 vs.
1325 2687 1352 2726 4
1367 2681 1473 2736 τοὺς
1492 2684 1607 2728 οὕτω

139 2751 539 2806 συλλογιζομένους.
1188 2750 1190 2752 ’
1491 2767 1494 2772 ’

85 2820 207 2858 65³4
241 2813 348 2870 ὅπερ
383 2820 601 2860 ποιοῦσιν.
667 2817 893 2858 Admittunt
932 2816 1011 2856 hoc
1037 2808 1177 2858 vitium
1213 2816 1255 2855 in
1295 2815 1608 2856 demonstrando

175 2880 205 2916 l.
1288 2878 1336 2913 33
