1780 3100
248 197 327 237 806
849 197 1136 241 categoriae.

303 306 458 347 cunque
495 298 709 333 nascuntur
740 305 763 332 e
790 294 915 334 caiisis
943 295 1278 344 permanentibus,
1318 307 1364 333 ea
1396 295 1435 333 in
1466 295 1722 344 ‚qualitatibus

301 359 536 396 numeranda
565 359 672 403 sunt,
702 369 736 394 e.
764 368 801 405 g.
831 356 981 394 colores
1011 357 1166 396 dicendi
1203 363 1293 396 sunt
1320 358 1543 408 qualitates,
1572 358 1605 395 si
1632 371 1723 396 cau-

303 433 367 458 sas
406 421 550 457 habent
583 419 696 457 nobis
724 418 873 457 innatas
902 424 942 458 et
971 420 1154 467 stabiles,
1193 425 1234 459 et
1267 421 1301 458 si
1337 425 1410 466 (vs.
1439 421 1510 467 24)
1539 420 1724 469 originem

299 483 522 521 habuerunt
555 494 576 519 a
614 482 752 519 morbo
788 481 850 519 vel
887 482 1004 519 simili
1040 484 1206 532 quodam
1244 483 1370 531 malo,
1409 482 1510 533 quod
1547 487 1724 521 naturam

302 549 475 584 nostram
500 545 553 582 ita
582 545 766 593 mutavit,
803 548 847 582 ut
874 546 1036 582 mutatio
1064 550 1313 596 permaneat;
1349 557 1513 595 quornm
1541 557 1633 583 vero
1661 556 1725 582 co-

299 608 428 645 lorum
459 609 513 650 (v.
543 608 612 651 28)
643 618 786 644 causae
814 606 930 644 facile
959 611 1138 657 pereunt,
1169 608 1194 645 ii
1222 609 1404 646 dicuntur
1431 606 1558 658 πάθη.

250 671 371 720 9b2l
398 666 629 720 παθητικαὶ
649 674 739 707 ante
759 668 977 720 ποιότητες
999 671 1214 718 omisimus,
1234 671 1337 720 qnod
1367 669 1583 721 explicandi
1610 681 1728 707 eausa

300 733 478 771 additum
515 733 689 780 videtur,
728 732 824 771 item
860 733 1077 782 ποιότητες
1112 731 1157 772 δὲ
1196 734 1248 772 οὔ
1276 746 1312 769 ν.
1342 735 1393 770 29
1428 738 1518 783 post
1543 731 1727 783 λέγεταιε

299 796 536 846 negligentia
563 797 678 844 enim,
708 808 782 846 qua
812 796 972 845 scripsit
998 794 1103 835 κατὰ
1129 796 1285 841 ταύτας
1312 809 1367 833 vs.
1396 798 1460 842 30,
1490 808 1723 845 quamquam

301 870 378 896 non
406 860 668 908 praecesserit
693 857 922 908 ποιότητες,
949 858 997 895 ad
1026 871 1122 908 quas
1152 871 1366 909 pronomen
1394 855 1548 903 ταύτας
1577 857 1729 894 refera-

299 925 388 967 tur,
424 922 572 970 optime
610 922 817 959 convenire
853 921 1009 959 videtur
1036 921 1125 958 stilo
1153 920 1375 959 Aristotelis
1403 920 1568 958 memori
1595 932 1729 958 eorum

301 995 401 1033 quae
430 984 590 1032 scripsit
617 996 670 1020 vs.
702 984 752 1019 2⁷
781 981 906 1027 (κατὰ
932 982 1118 1029 ταύτας).
1668 982 1671 984 ’

249 1045 307 1083 91)
318 1047 368 1082 35
396 1044 632 1095 Recepimus
662 1042 742 1084 ὅσα
767 1058 811 1085 τε
838 1046 934 1097 γάρ,
961 1058 1190 1098 quamquam
1220 1057 1295 1083 non
1325 1045 1502 1094 sequitur
1527 1040 1598 1083 καὶ
1625 1043 1729 1094 quod

302 1106 538 1156 respondeat
556 1109 779 1159 particulae
807 1121 849 1148 τε
878 1123 976 1160 quae
1003 1109 1232 1161 praecessit,
1262 1108 1332 1145 sed
1360 1108 1436 1144 iam
1465 1108 1731 1145 obversaban-

301 1173 367 1208 tur
394 1169 620 1208 Aristotelis
657 1172 783 1211 animo
820 1186 919 1223 quae
948 1173 1124 1210 dicturus
1153 1174 1236 1208 erat
1265 1171 1402 1208 10a2:
1430 1169 1644 1221 ποιότητες
1671 1170 1730 1208 di-

303 1235 441 1269 cuntur
479 1236 519 1271 et
554 1245 652 1283 quae
687 1236 888 1274 nobiscum
917 1239 1128 1274 nascuntur
1155 1237 1195 1271 et
1223 1233 1364 1282 quibus
1393 1238 1531 1283 postea
1558 1234 1615 1271 ita
1643 1233 1731 1270 affi-

304 1294 451 1342 cimur,
483 1299 526 1332 ut
554 1296 600 1333 iis
630 1297 787 1336 liberari
817 1312 891 1337 non
918 1297 1138 1348 possimus:
1177 1308 1295 1346 quare
1324 1295 1557 1344 particulam
1583 1307 1627 1333 τε
1653 1307 1728 1332 non

304 1357 429 1394 solum
467 1356 671 1398 ferendam
704 1363 940 1410 putavimus,
969 1359 1038 1397 sed
1069 1358 1186 1396 etiam
1214 1358 1465 1409 probandam.
1510 1357 1731 1395 Delevimus

303 1423 433 1456 autem
479 1417 746 1473 δυσκινήτων
780 1430 870 1474 post
907 1422 1085 1469 παθῶν,
1135 1422 1280 1472 quippe
1316 1421 1420 1470 quod
1459 1419 1732 1472 explicationis

306 1481 430 1532 gratia
459 1482 658 1523 adiectum
686 1487 757 1524 sit:
794 1499 881 1524 nam
909 1499 958 1524 ex
986 1484 1207 1523 Aristotelis
1237 1484 1430 1521 sententia
1458 1484 1506 1521 iis
1535 1495 1635 1533 quae
1662 1495 1732 1520 no-

301 1544 361 1582 bis
390 1543 520 1583 inuata
555 1554 644 1585 suut
683 1548 838 1586 liberari
866 1550 1022 1586 omniuo
1051 1559 1126 1584 nou
1155 1559 1390 1596 possumus:
1428 1558 1551 1594 quare
1588 1543 1730 1584 δυσκι-

301 1605 443 1658 νήτων
479 1620 528 1645 ne
565 1608 661 1647 ferri
699 1611 856 1660 quidem
884 1614 1037 1660 potest,
1075 1610 1150 1647 nisi
1179 1609 1263 1658 quis
1293 1608 1425 1645 dicere
1451 1608 1544 1646 velit
1570 1605 1618 1646 τὸ
1645 1606 1734 1646 οὶκί-

303 1683 432 1720 νητον
458 1670 533 1706 hoc
562 1670 648 1708 loco
676 1674 804 1710 vocari
833 1671 1098 1722 δυσκίνητον.

251 1734 394 1770 10314
421 1729 469 1770 τὸ
496 1729 577 1782 γὰρ
606 1733 715 1771 dedit
740 1735 849 1782 Bkk„
878 1735 983 1784 quod
1012 1734 1106 1771 mihi
1135 1733 1289 1782 quidem
1318 1731 1366 1770 ab
1397 1731 1617 1770 Aristotelis
1646 1733 1735 1770 stilo

305 1794 463 1832 omnino
491 1796 644 1832 videtur
670 1796 839 1833 alienum
867 1809 975 1834 esse:
1006 1809 1092 1833 nam
1121 1808 1196 1833 non
1223 1791 1271 1833 τὸ
1299 1788 1408 1832 εἶναι
1434 1793 1644 1844 τρίγωνον
1671 1792 1732 1834 λέ-

304 1869 419 1907 γεται,
445 1855 571 1896 ποιόν
597 1870 657 1904 τι,
687 1859 758 1896 sed
785 1857 832 1897 τὸ
860 1857 1094 1909 τρίγωνονε
1122 1870 1243 1907 quare
1271 1862 1337 1894 aut
1364 1857 1621 1896 omittendum
1651 1863 1737 1897 erat

305 1915 415 1959 εἶναι
441 1925 510 1958 aut
537 1918 662 1959 ποιόν
689 1932 729 1958 τι
759 1923 986 1959 mutandum
1015 1923 1052 1959 in
1081 1918 1254 1971 ποιότης
1281 1923 1347 1957 aut
1373 1917 1421 1958 τὸ
1450 1920 1488 1958 ἰιι
1515 1924 1594 1972 τῷ,
1630 1922 1735 1971 quod

304 1996 423 2033 quum
444 1983 619 2020 nonnulli
641 1983 798 2020 codices
821 1985 1047 2034 praebeant,
1069 1983 1345 2033 praetulimus:
1373 1994 1488 2019 nemo
1517 1985 1591 2021 erit
1619 1984 1735 2030 enim,

305 2044 458 2094 opinor,
479 2045 542 2093 qui
562 2046 681 2083 verba
698 2045 891 2094 iungenda
910 2050 1022 2095 putet
1049 2047 1086 2083 in
1115 2046 1218 2082 hunc
1249 2044 1429 2082 modum:
1456 2043 1503 2083 τὸ
1531 2044 1737 2096 τρίγωνον

303 2105 464 2159 λέγεται
501 2105 628 2146 ποιόν
665 2120 705 2145 τι
742 2102 871 2155 εἶναι,
913 2109 1017 2158 quod
1056 2111 1309 2157 (quamquam
1335 2106 1431 2144 ferri
1459 2112 1614 2158 posset)
1644 2108 1737 2146 huic

303 2170 393 2209 loco
429 2181 505 2208 non
542 2171 748 2208 convenire
783 2171 867 2221 ipsa
903 2171 1020 2208 docet
1059 2171 1169 2208 ⁷verbi
1207 2163 1315 2208 εἶναι
1343 2169 1559 2208 collocatio.
1621 2170 1736 2219 Quod

306 2246 363 2274 vs.
393 2234 444 2270 14
472 2233 703 2271 mutavimus
733 2233 772 2271 id
802 2234 921 2271 etiam
948 2246 1004 2271 vs.
1034 2235 1083 2271 15
1111 2232 1383 2283 corrigendum
1410 2232 1535 2272 fuisse
1562 2237 1684 2284 patet.

254 2297 335 2334 loa
346 2298 398 2334 26
423 2297 620 2335 τοσοῦτοι
645 2296 903 2346 restituim11S‚
924 2296 1027 2346 quod
1055 2302 1118 2336 est
1144 2297 1184 2334 in
1211 2294 1389 2348 plurimis
1419 2294 1507 2336 edd.
1537 2295 1735 2346 prioribus

306 2363 345 2397 et
371 2359 410 2397 in
438 2358 619 2396 versione
649 2358 875 2397 Boethiana.

253 2422 339 2461 lssb
352 2423 402 2458 10
430 2421 616 2459 Dedimus
654 2421 863 2459 lectionem
900 2422 1164 2461 difficiliorem
1201 2421 1470 2474 παρωνύμως
1507 2418 1558 2459 τὰ
1585 2433 1657 2471 pro
1684 2418 1735 2459 τὰ

304 2483 572 2536 παρωνύμως
605 2484 708 2535 quod
744 2497 792 2523 ex
829 2486 1075 2527 correctione
1110 2490 1239 2533 ortum
1276 2487 1452 2524 videtur:
1489 2487 1737 2534 opponuntur

306 2549 412 2587 euim
445 2546 712 2599 παρωνύμως
746 2550 786 2585 et
811 2545 1011 2588 ὁπωσοῦν
1038 2549 1192 2598 ἄλλως,
1230 2549 1347 2588 verba
1374 2546 1425 2587 τὰ
1453 2545 1600 2586 ἀπὸ...
1621 2545 1733 2596 λεγό-

305 2622 412 2660 μενα
440 2616 571 2650 autem
599 2612 731 2649 addita
758 2616 860 2659 sunt,
888 2617 933 2650 ut
959 2613 1178 2662 explicetur
1206 2624 1305 2662 quae
1333 2611 1511 2649 dicantur
1537 2609 1733 2665 παρωνύ-

305 2686 404 2722 μως.
432 2674 609 2713 Similem
636 2675 675 2712 in
702 2674 867 2721 articulo
893 2676 1076 2726 ponendo
1101 2675 1402 2727 negligentiam,
1430 2673 1492 2712 vel
1520 2678 1565 2712 ut
1593 2673 1646 2711 ita
1673 2673 1733 2711 di-

309 2748 393 2775 cam
410 2738 665 2790 asperitatem
686 2737 893 2777 habuimus
920 2739 1055 2788 4b21,
1083 2738 1134 2778 οἲ.
1155 2738 1328 2777 189b23
1344 2734 1432 2788 ἅμα
1459 2734 1505 2776 δὲ
1530 2734 1601 2776 καὶ
1627 2733 1727 2775 0261ss-
