<?xml version="1.0" encoding="UTF-8"?>
<!DOCTYPE html PUBLIC "-//W3C//DTD XHTML 1.0 Transitional//EN"
    "http://www.w3.org/TR/xhtml1/DTD/xhtml1-transitional.dtd">
<html xmlns="http://www.w3.org/1999/xhtml" xml:lang="en" lang="en">
 <head>
  <title>
</title>
<meta http-equiv="Content-Type" content="text/html;charset=utf-8" />
  <meta name='ocr-system' content='tesseract 3.04.00' />
  <meta name='ocr-capabilities' content='ocr_page ocr_carea ocr_par ocr_line ocrx_word'/>
</head>
<body>
  <div class='ocr_page' id='page_1' title='image "aristotelisorgan01arisuoft_0320.png"; bbox 0 0 1826 3112; ppageno 0'>
   <div class='ocr_carea' id='block_1_1' title="bbox 256 207 1149 254">
    <p class='ocr_par' dir='ltr' id='par_1_1' title="bbox 256 207 1149 254">
     <span class='ocr_line' id='line_1_1' title="bbox 256 207 1149 254; baseline 0 -11"><span class='ocrx_word' id='word_1_1' title='bbox 256 207 337 247; x_wconf 55' lang='grc' dir='ltr'><em>Ἡ</em></span> <span class='ocrx_word' id='word_1_2' title='bbox 852 207 1149 254; x_wconf 71' lang='lat' dir='ltr'><strong>categoriae.</strong></span> 
     </span>
    </p>
   </div>
   <div class='ocr_carea' id='block_1_2' title="bbox 253 301 1739 2801">
    <p class='ocr_par' dir='ltr' id='par_1_2' title="bbox 258 301 1643 358">
     <span class='ocr_line' id='line_1_2' title="bbox 258 301 1643 358; baseline 0.002 -15"><span class='ocrx_word' id='word_1_3' title='bbox 258 306 376 344; x_wconf 65' lang='lat'><strong>2226</strong></span> <span class='ocrx_word' id='word_1_4' title='bbox 400 301 471 345; x_wconf 80' lang='grc' dir='ltr'><strong>καὶ</strong></span> <span class='ocrx_word' id='word_1_5' title='bbox 498 303 608 356; x_wconf 78' lang='grc' dir='ltr'><strong><em>ζῷον</em></strong></span> <span class='ocrx_word' id='word_1_6' title='bbox 634 308 725 344; x_wconf 73' lang='lat' dir='ltr'><strong>ante</strong></span> <span class='ocrx_word' id='word_1_7' title='bbox 752 302 857 344; x_wconf 81' lang='grc' dir='ltr'><em>ὥστε</em></span> <span class='ocrx_word' id='word_1_8' title='bbox 884 305 1086 344; x_wconf 86' lang='lat' dir='ltr'><strong>omisimus</strong></span> <span class='ocrx_word' id='word_1_9' title='bbox 1113 306 1284 358; x_wconf 85' lang='lat' dir='ltr'><strong>optimos</strong></span> <span class='ocrx_word' id='word_1_10' title='bbox 1311 306 1482 346; x_wconf 75' lang='lat' dir='ltr'><strong>codices.</strong></span> <span class='ocrx_word' id='word_1_11' title='bbox 1498 307 1643 350; x_wconf 80' lang='lat' dir='ltr'><strong>secuti.</strong></span> 
     </span>
    </p>

    <p class='ocr_par' dir='ltr' id='par_1_3' title="bbox 257 368 1738 470">
     <span class='ocr_line' id='line_1_3' title="bbox 257 368 1738 420; baseline 0.002 -13"><span class='ocrx_word' id='word_1_12' title='bbox 257 368 353 407; x_wconf 80' lang='lat' dir='ltr'><strong>2b6</strong></span> <span class='ocrx_word' id='word_1_13' title='bbox 381 368 491 417; x_wconf 75' lang='lat' dir='ltr'><strong>Quae</strong></span> <span class='ocrx_word' id='word_1_14' title='bbox 514 368 553 406; x_wconf 86' lang='lat' dir='ltr'><strong>in</strong></span> <span class='ocrx_word' id='word_1_15' title='bbox 575 368 719 406; x_wconf 87' lang='lat' dir='ltr'><strong>nostris</strong></span> <span class='ocrx_word' id='word_1_16' title='bbox 742 368 856 408; x_wconf 85' lang='lat' dir='ltr'><strong>codd.</strong></span> <span class='ocrx_word' id='word_1_17' title='bbox 884 368 1132 418; x_wconf 77' lang='lat' dir='ltr'><strong>adiiciuntur,</strong></span> <span class='ocrx_word' id='word_1_18' title='bbox 1161 381 1207 407; x_wconf 77' lang='lat' dir='ltr'><strong>ea</strong></span> <span class='ocrx_word' id='word_1_19' title='bbox 1232 369 1308 408; x_wconf 80' lang='lat' dir='ltr'><strong>iam</strong></span> <span class='ocrx_word' id='word_1_20' title='bbox 1336 369 1561 420; x_wconf 69' lang='lat' dir='ltr'><strong>Simplicius</strong></span> <span class='ocrx_word' id='word_1_21' title='bbox 1589 370 1738 420; x_wconf 80' lang='lat' dir='ltr'><strong>habuit,</strong></span> 
     </span>
     <span class='ocr_line' id='line_1_4' title="bbox 311 430 681 470; baseline 0.003 -3"><span class='ocrx_word' id='word_1_22' title='bbox 311 443 343 467; x_wconf 83' lang='lat' dir='ltr'><strong>v.</strong></span> <span class='ocrx_word' id='word_1_23' title='bbox 372 430 496 470; x_wconf 85' lang='lat' dir='ltr'><strong>schol.</strong></span> <span class='ocrx_word' id='word_1_24' title='bbox 526 431 681 468; x_wconf 78' lang='lat' dir='ltr'>51b38.</span> 
     </span>
    </p>

    <p class='ocr_par' dir='ltr' id='par_1_4' title="bbox 258 484 1739 735">
     <span class='ocr_line' id='line_1_5' title="bbox 258 484 1738 546; baseline 0.003 -16"><span class='ocrx_word' id='word_1_25' title='bbox 258 493 356 532; x_wconf 68' lang='lat'><strong>21³7</strong></span> <span class='ocrx_word' id='word_1_26' title='bbox 383 492 542 542; x_wconf 80' lang='grc' dir='ltr'><strong><em>μᾶλλον</em></strong></span> <span class='ocrx_word' id='word_1_27' title='bbox 568 491 691 531; x_wconf 82' lang='grc' dir='ltr'><em>οὐσία</em></span> <span class='ocrx_word' id='word_1_28' title='bbox 717 493 794 532; x_wconf 78' lang='lat' dir='ltr'><strong>aiio</strong></span> <span class='ocrx_word' id='word_1_29' title='bbox 822 506 940 532; x_wconf 87' lang='lat' dir='ltr'><strong>sensu</strong></span> <span class='ocrx_word' id='word_1_30' title='bbox 968 494 1140 533; x_wconf 89' lang='lat' dir='ltr'><strong>occurrit</strong></span> <span class='ocrx_word' id='word_1_31' title='bbox 1167 494 1277 533; x_wconf 83' lang='grc'><strong>3181)</strong></span> <span class='ocrx_word' id='word_1_32' title='bbox 1289 496 1339 533; x_wconf 85' lang='grc'><strong>15</strong></span> <span class='ocrx_word' id='word_1_33' title='bbox 1365 484 1416 545; x_wconf 83' lang='grc' dir='ltr'><strong>ἦς</strong></span> <span class='ocrx_word' id='word_1_34' title='bbox 1441 491 1518 543; x_wconf 80' lang='grc' dir='ltr'><strong>μὲν</strong></span> <span class='ocrx_word' id='word_1_35' title='bbox 1535 492 1616 546; x_wconf 77' lang='grc' dir='ltr'><strong>γὰρ</strong></span> <span class='ocrx_word' id='word_1_36' title='bbox 1637 495 1738 544; x_wconf 81' lang='grc' dir='ltr'><strong>μᾶλ-</strong></span> 
     </span>
     <span class='ocr_line' id='line_1_6' title="bbox 309 549 1739 610; baseline 0.003 -16"><span class='ocrx_word' id='word_1_37' title='bbox 309 556 387 594; x_wconf 84' lang='grc' dir='ltr'><strong>λον</strong></span> <span class='ocrx_word' id='word_1_38' title='bbox 422 554 466 593; x_wconf 82' lang='grc' dir='ltr'><strong>αἱ</strong></span> <span class='ocrx_word' id='word_1_39' title='bbox 491 554 694 605; x_wconf 80' lang='grc' dir='ltr'><strong>διαφοραὶ</strong></span> <span class='ocrx_word' id='word_1_40' title='bbox 727 555 823 596; x_wconf 81' lang='grc' dir='ltr'><em>τόδε</em></span> <span class='ocrx_word' id='word_1_41' title='bbox 858 570 896 597; x_wconf 89' lang='grc' dir='ltr'><strong>τι</strong></span> <span class='ocrx_word' id='word_1_42' title='bbox 932 555 1206 609; x_wconf 84' lang='grc' dir='ltr'><em>σημαίνουσι,</em></span> <span class='ocrx_word' id='word_1_43' title='bbox 1242 557 1401 607; x_wconf 78' lang='grc' dir='ltr'><em>μᾶλλον</em></span> <span class='ocrx_word' id='word_1_44' title='bbox 1431 556 1576 604; x_wconf 81' lang='grc' dir='ltr'><em>οὐσία,</em></span> <span class='ocrx_word' id='word_1_45' title='bbox 1616 549 1666 610; x_wconf 82' lang='grc' dir='ltr'><strong>ἧς</strong></span> <span class='ocrx_word' id='word_1_46' title='bbox 1693 555 1739 598; x_wconf 81' lang='grc' dir='ltr'><strong>δὲ</strong></span> 
     </span>
     <span class='ocr_line' id='line_1_7' title="bbox 309 614 1737 672; baseline 0.003 -16"><span class='ocrx_word' id='word_1_47' title='bbox 309 614 514 668; x_wconf 82' lang='grc' dir='ltr'><em>στέρησιν,</em></span> <span class='ocrx_word' id='word_1_48' title='bbox 543 617 599 670; x_wconf 81' lang='grc' dir='ltr'><strong>μὴ</strong></span> <span class='ocrx_word' id='word_1_49' title='bbox 627 614 699 668; x_wconf 71' lang='grc' dir='ltr'><strong>ὅν,</strong></span> <span class='ocrx_word' id='word_1_50' title='bbox 735 615 828 660; x_wconf 88' lang='grc' dir='ltr'><strong><em>οἷον</em></strong></span> <span class='ocrx_word' id='word_1_51' title='bbox 863 619 911 660; x_wconf 87' lang='grc' dir='ltr'><strong>τὸ</strong></span> <span class='ocrx_word' id='word_1_52' title='bbox 947 618 1024 671; x_wconf 84' lang='grc' dir='ltr'><strong>μὲν</strong></span> <span class='ocrx_word' id='word_1_53' title='bbox 1049 619 1214 672; x_wconf 80' lang='grc' dir='ltr'><strong><em>θερμὸν</em></strong></span> <span class='ocrx_word' id='word_1_54' title='bbox 1240 620 1469 672; x_wconf 82' lang='grc' dir='ltr'><strong><em>κατηγορία</em></strong></span> <span class='ocrx_word' id='word_1_55' title='bbox 1496 634 1559 668; x_wconf 81' lang='grc' dir='ltr'><strong>τις</strong></span> <span class='ocrx_word' id='word_1_56' title='bbox 1584 619 1656 661; x_wconf 84' lang='grc' dir='ltr'><strong>καὶ</strong></span> <span class='ocrx_word' id='word_1_57' title='bbox 1682 616 1737 661; x_wconf 84' lang='grc' dir='ltr'><strong>εἶ-</strong></span> 
     </span>
     <span class='ocr_line' id='line_1_8' title="bbox 308 679 991 735; baseline 0.001 -15"><span class='ocrx_word' id='word_1_58' title='bbox 308 680 394 730; x_wconf 85' lang='grc' dir='ltr'><em>δος,</em></span> <span class='ocrx_word' id='word_1_59' title='bbox 421 680 450 732; x_wconf 80' lang='grc' dir='ltr'><strong>η’</strong></span> <span class='ocrx_word' id='word_1_60' title='bbox 477 679 522 720; x_wconf 80' lang='grc' dir='ltr'><strong>δὲ</strong></span> <span class='ocrx_word' id='word_1_61' title='bbox 549 682 763 734; x_wconf 78' lang='grc' dir='ltr'><strong><em>ψυχρότης</em></strong></span> <span class='ocrx_word' id='word_1_62' title='bbox 791 682 991 735; x_wconf 80' lang='grc' dir='ltr'><em>στέρησις.</em></span> 
     </span>
    </p>

    <p class='ocr_par' dir='ltr' id='par_1_5' title="bbox 256 742 1737 985">
     <span class='ocr_line' id='line_1_9' title="bbox 256 742 1737 798; baseline 0.001 -15"><span class='ocrx_word' id='word_1_63' title='bbox 256 746 320 784; x_wconf 76' lang='grc'><strong>21)</strong></span> <span class='ocrx_word' id='word_1_64' title='bbox 336 747 384 783; x_wconf 73' lang='grc'><strong>17</strong></span> <span class='ocrx_word' id='word_1_65' title='bbox 413 742 460 784; x_wconf 81' lang='grc' dir='ltr'><strong>ἐν</strong></span> <span class='ocrx_word' id='word_1_66' title='bbox 486 744 658 792; x_wconf 81' lang='grc' dir='ltr'><strong><em>ταύταις</em></strong></span> <span class='ocrx_word' id='word_1_67' title='bbox 684 748 865 785; x_wconf 86' lang='lat' dir='ltr'><strong>dedimus</strong></span> <span class='ocrx_word' id='word_1_68' title='bbox 894 761 984 786; x_wconf 88' lang='lat' dir='ltr'><strong>cum</strong></span> <span class='ocrx_word' id='word_1_69' title='bbox 1012 747 1104 787; x_wconf 87' lang='lat' dir='ltr'><strong>edd.</strong></span> <span class='ocrx_word' id='word_1_70' title='bbox 1133 748 1338 798; x_wconf 78' lang='lat' dir='ltr'><strong>prioribuS.</strong></span> <span class='ocrx_word' id='word_1_71' title='bbox 1367 766 1417 776; x_wconf 91' lang='lat'>—</span> <span class='ocrx_word' id='word_1_72' title='bbox 1449 745 1506 793; x_wconf 79' lang='grc' dir='ltr'><strong>ὡς</strong></span> <span class='ocrx_word' id='word_1_73' title='bbox 1532 744 1577 786; x_wconf 84' lang='grc' dir='ltr'><strong>δέ</strong></span> <span class='ocrx_word' id='word_1_74' title='bbox 1602 758 1650 797; x_wconf 79' lang='grc' dir='ltr'><strong>γε</strong></span> <span class='ocrx_word' id='word_1_75' title='bbox 1667 774 1678 785; x_wconf 90' lang='grc'><strong>.</strong></span> <span class='ocrx_word' id='word_1_76' title='bbox 1697 774 1706 784; x_wconf 92' lang='grc'><strong><em>.</em></strong></span> <span class='ocrx_word' id='word_1_77' title='bbox 1727 774 1737 784; x_wconf 94' lang='grc'><strong>.</strong></span> 
     </span>
     <span class='ocr_line' id='line_1_10' title="bbox 309 809 1737 859; baseline 0.001 -13"><span class='ocrx_word' id='word_1_78' title='bbox 309 813 356 846; x_wconf 92' lang='lat' dir='ltr'><strong>ut</strong></span> <span class='ocrx_word' id='word_1_79' title='bbox 383 809 431 846; x_wconf 82' lang='lat' dir='ltr'><strong>ad</strong></span> <span class='ocrx_word' id='word_1_80' title='bbox 459 809 606 859; x_wconf 80' lang='lat' dir='ltr'><strong>primas</strong></span> <span class='ocrx_word' id='word_1_81' title='bbox 633 810 872 848; x_wconf 83' lang='lat' dir='ltr'><strong>substautias</strong></span> <span class='ocrx_word' id='word_1_82' title='bbox 891 810 1019 848; x_wconf 82' lang='lat' dir='ltr'><strong>omnia</strong></span> <span class='ocrx_word' id='word_1_83' title='bbox 1040 809 1266 847; x_wconf 79' lang='lat' dir='ltr'><strong>reseruntur</strong></span> <span class='ocrx_word' id='word_1_84' title='bbox 1284 813 1391 853; x_wconf 85' lang='lat' dir='ltr'><strong>(nam</strong></span> <span class='ocrx_word' id='word_1_85' title='bbox 1409 815 1476 848; x_wconf 85' lang='lat' dir='ltr'><strong>aut</strong></span> <span class='ocrx_word' id='word_1_86' title='bbox 1493 810 1543 847; x_wconf 86' lang='lat' dir='ltr'><strong>de</strong></span> <span class='ocrx_word' id='word_1_87' title='bbox 1563 810 1611 847; x_wconf 85' lang='lat' dir='ltr'><strong>iis</strong></span> <span class='ocrx_word' id='word_1_88' title='bbox 1624 822 1737 859; x_wconf 85' lang='lat' dir='ltr'><strong>prae-</strong></span> 
     </span>
     <span class='ocr_line' id='line_1_11' title="bbox 310 871 1737 922; baseline 0 -13"><span class='ocrx_word' id='word_1_89' title='bbox 310 871 488 909; x_wconf 83' lang='lat' dir='ltr'><strong>dicantur</strong></span> <span class='ocrx_word' id='word_1_90' title='bbox 515 876 582 909; x_wconf 76' lang='lat' dir='ltr'><strong>aut</strong></span> <span class='ocrx_word' id='word_1_91' title='bbox 608 873 646 910; x_wconf 92' lang='lat' dir='ltr'><strong>in</strong></span> <span class='ocrx_word' id='word_1_92' title='bbox 675 872 724 910; x_wconf 83' lang='lat' dir='ltr'><strong>iis</strong></span> <span class='ocrx_word' id='word_1_93' title='bbox 751 873 924 919; x_wconf 74' lang='lat' dir='ltr'><strong>insunt),</strong></span> <span class='ocrx_word' id='word_1_94' title='bbox 963 873 1021 910; x_wconf 73' lang='lat' dir='ltr'><strong>sic</strong></span> <span class='ocrx_word' id='word_1_95' title='bbox 1057 884 1201 921; x_wconf 75' lang='lat' dir='ltr'><strong>genera</strong></span> <span class='ocrx_word' id='word_1_96' title='bbox 1227 871 1455 910; x_wconf 85' lang='lat' dir='ltr'><strong>referuntur</strong></span> <span class='ocrx_word' id='word_1_97' title='bbox 1481 872 1531 910; x_wconf 80' lang='lat' dir='ltr'><strong>ad</strong></span> <span class='ocrx_word' id='word_1_98' title='bbox 1559 871 1737 922; x_wconf 84' lang='lat' dir='ltr'><strong>species;</strong></span> 
     </span>
     <span class='ocr_line' id='line_1_12' title="bbox 309 934 1070 985; baseline 0.003 -15"><span class='ocrx_word' id='word_1_99' title='bbox 309 946 386 971; x_wconf 90' lang='lat' dir='ltr'><strong>non</strong></span> <span class='ocrx_word' id='word_1_100' title='bbox 412 934 630 971; x_wconf 83' lang='lat' dir='ltr'><strong>consistunt</strong></span> <span class='ocrx_word' id='word_1_101' title='bbox 657 935 758 971; x_wconf 87' lang='lat' dir='ltr'><strong>enim</strong></span> <span class='ocrx_word' id='word_1_102' title='bbox 785 935 859 972; x_wconf 86' lang='lat' dir='ltr'><strong>nisi</strong></span> <span class='ocrx_word' id='word_1_103' title='bbox 887 947 958 985; x_wconf 85' lang='lat' dir='ltr'><strong>per</strong></span> <span class='ocrx_word' id='word_1_104' title='bbox 984 934 1070 972; x_wconf 83' lang='lat' dir='ltr'><strong>has.</strong></span> 
     </span>
    </p>

    <p class='ocr_par' dir='ltr' id='par_1_6' title="bbox 256 993 1737 1109">
     <span class='ocr_line' id='line_1_13' title="bbox 256 993 1737 1047; baseline 0.001 -13"><span class='ocrx_word' id='word_1_105' title='bbox 256 997 382 1035; x_wconf 83' lang='lat' dir='ltr'><strong>2b22</strong></span> <span class='ocrx_word' id='word_1_106' title='bbox 409 994 550 1034; x_wconf 83' lang='grc' dir='ltr'>αὐτῶν</span> <span class='ocrx_word' id='word_1_107' title='bbox 577 993 623 1035; x_wconf 76' lang='grc' dir='ltr'><strong>δὲ</strong></span> <span class='ocrx_word' id='word_1_108' title='bbox 646 995 733 1034; x_wconf 85' lang='grc' dir='ltr'><strong>τῶν</strong></span> <span class='ocrx_word' id='word_1_109' title='bbox 748 1025 758 1034; x_wconf 86' lang='grc'><strong>.</strong></span> <span class='ocrx_word' id='word_1_110' title='bbox 774 1023 784 1033; x_wconf 92' lang='grc'><strong>.</strong></span> <span class='ocrx_word' id='word_1_111' title='bbox 801 1023 811 1033; x_wconf 93' lang='grc'><strong>.</strong></span> <span class='ocrx_word' id='word_1_112' title='bbox 832 1009 879 1034; x_wconf 85' lang='lat' dir='ltr'><strong>ea</strong></span> <span class='ocrx_word' id='word_1_113' title='bbox 906 996 1017 1042; x_wconf 67' lang='lat' dir='ltr'><strong>dicit,</strong></span> <span class='ocrx_word' id='word_1_114' title='bbox 1045 1008 1144 1045; x_wconf 86' lang='lat' dir='ltr'><strong>quae</strong></span> <span class='ocrx_word' id='word_1_115' title='bbox 1170 995 1370 1047; x_wconf 78' lang='lat' dir='ltr'><strong>appellare</strong></span> <span class='ocrx_word' id='word_1_116' title='bbox 1397 996 1498 1035; x_wconf 84' lang='lat' dir='ltr'><strong>solet</strong></span> <span class='ocrx_word' id='word_1_117' title='bbox 1523 994 1576 1035; x_wconf 86' lang='grc' dir='ltr'><strong>τὰ</strong></span> <span class='ocrx_word' id='word_1_118' title='bbox 1601 996 1737 1046; x_wconf 81' lang='grc' dir='ltr'><em>ἄτομα</em></span> 
     </span>
     <span class='ocr_line' id='line_1_14' title="bbox 307 1052 1105 1109; baseline -0.001 -12"><span class='ocrx_word' id='word_1_119' title='bbox 307 1061 367 1109; x_wconf 84' lang='grc' dir='ltr'><strong>τῷ</strong></span> <span class='ocrx_word' id='word_1_120' title='bbox 393 1057 494 1098; x_wconf 78' lang='grc' dir='ltr'>εἴδει</span> <span class='ocrx_word' id='word_1_121' title='bbox 523 1070 556 1098; x_wconf 88' lang='lat' dir='ltr'><strong>s.</strong></span> <span class='ocrx_word' id='word_1_122' title='bbox 583 1058 674 1097; x_wconf 81' lang='grc' dir='ltr'><strong>κατ’</strong></span> <span class='ocrx_word' id='word_1_123' title='bbox 703 1052 835 1105; x_wconf 81' lang='grc' dir='ltr'><em>εἶδος,</em></span> <span class='ocrx_word' id='word_1_124' title='bbox 863 1058 914 1096; x_wconf 88' lang='lat' dir='ltr'><strong>cf.</strong></span> <span class='ocrx_word' id='word_1_125' title='bbox 943 1060 1028 1096; x_wconf 84' lang='grc'><strong>961)</strong></span> <span class='ocrx_word' id='word_1_126' title='bbox 1046 1060 1105 1096; x_wconf 86' lang='grc'><strong>16.</strong></span> 
     </span>
    </p>

    <p class='ocr_par' dir='ltr' id='par_1_7' title="bbox 255 1121 1737 1485">
     <span class='ocr_line' id='line_1_15' title="bbox 255 1121 1736 1172; baseline -0.001 -11"><span class='ocrx_word' id='word_1_127' title='bbox 255 1123 383 1161; x_wconf 81' lang='lat' dir='ltr'><strong>2b29</strong></span> <span class='ocrx_word' id='word_1_128' title='bbox 408 1121 535 1172; x_wconf 81' lang='lat' dir='ltr'><strong>Hegel</strong></span> <span class='ocrx_word' id='word_1_129' title='bbox 565 1121 589 1160; x_wconf 90' lang='grc' dir='ltr'><strong>Ι.</strong></span> <span class='ocrx_word' id='word_1_130' title='bbox 618 1134 675 1159; x_wconf 89' lang='lat' dir='ltr'><strong>c.:</strong></span> <span class='ocrx_word' id='word_1_131' title='bbox 704 1122 845 1170; x_wconf 82' lang='lat' dir='ltr'><strong>„Auch</strong></span> <span class='ocrx_word' id='word_1_132' title='bbox 873 1122 957 1160; x_wconf 83' lang='lat' dir='ltr'><strong>sind</strong></span> <span class='ocrx_word' id='word_1_133' title='bbox 995 1121 1059 1159; x_wconf 87' lang='lat' dir='ltr'><strong>die</strong></span> <span class='ocrx_word' id='word_1_134' title='bbox 1082 1121 1205 1159; x_wconf 78' lang='lat' dir='ltr'><strong>Arten</strong></span> <span class='ocrx_word' id='word_1_135' title='bbox 1221 1121 1299 1159; x_wconf 89' lang='lat' dir='ltr'><strong>und</strong></span> <span class='ocrx_word' id='word_1_136' title='bbox 1316 1121 1537 1171; x_wconf 82' lang='lat' dir='ltr'><strong>Gattungen</strong></span> <span class='ocrx_word' id='word_1_137' title='bbox 1559 1134 1628 1159; x_wconf 90' lang='lat' dir='ltr'><strong>vor</strong></span> <span class='ocrx_word' id='word_1_138' title='bbox 1646 1121 1736 1159; x_wconf 89' lang='lat' dir='ltr'><strong>dem</strong></span> 
     </span>
     <span class='ocr_line' id='line_1_16' title="bbox 310 1181 1735 1235; baseline -0.001 -12"><span class='ocrx_word' id='word_1_139' title='bbox 310 1185 508 1234; x_wconf 80' lang='lat' dir='ltr'><strong>Uebrigen</strong></span> <span class='ocrx_word' id='word_1_140' title='bbox 538 1184 891 1235; x_wconf 63' lang='lat' dir='ltr'><strong>(Eigenschaftem</strong></span> <span class='ocrx_word' id='word_1_141' title='bbox 920 1181 1214 1230; x_wconf 82' lang='lat' dir='ltr'><strong>Accidenzen)”</strong></span> <span class='ocrx_word' id='word_1_142' title='bbox 1245 1185 1365 1233; x_wconf 81' lang='lat' dir='ltr'><strong>(imo,</strong></span> <span class='ocrx_word' id='word_1_143' title='bbox 1394 1184 1477 1222; x_wconf 76' lang='lat' dir='ltr'><strong>soia</strong></span> <span class='ocrx_word' id='word_1_144' title='bbox 1504 1197 1527 1222; x_wconf 87' lang='lat' dir='ltr'><strong>e</strong></span> <span class='ocrx_word' id='word_1_145' title='bbox 1554 1183 1735 1235; x_wconf 83' lang='lat' dir='ltr'><strong>reliquis)</strong></span> 
     </span>
     <span class='ocr_line' id='line_1_17' title="bbox 308 1246 1736 1297; baseline -0.001 -12"><span class='ocrx_word' id='word_1_146' title='bbox 308 1247 475 1294; x_wconf 87' lang='lat' dir='ltr'><strong>„zweite</strong></span> <span class='ocrx_word' id='word_1_147' title='bbox 502 1247 747 1286; x_wconf 81' lang='lat' dir='ltr'><strong>Substanzen</strong></span> <span class='ocrx_word' id='word_1_148' title='bbox 774 1260 821 1285; x_wconf 83' lang='lat' dir='ltr'><strong>zu</strong></span> <span class='ocrx_word' id='word_1_149' title='bbox 848 1259 1022 1294; x_wconf 79' lang='lat' dir='ltr'><strong>nennen3</strong></span> <span class='ocrx_word' id='word_1_150' title='bbox 1051 1246 1122 1284; x_wconf 88' lang='lat' dir='ltr'><strong>der</strong></span> <span class='ocrx_word' id='word_1_151' title='bbox 1149 1246 1302 1297; x_wconf 84' lang='lat' dir='ltr'><strong>Begriff</strong></span> <span class='ocrx_word' id='word_1_152' title='bbox 1323 1246 1492 1286; x_wconf 78' lang='lat' dir='ltr'><strong>Mensch</strong></span> <span class='ocrx_word' id='word_1_153' title='bbox 1526 1259 1597 1285; x_wconf 85' lang='lat' dir='ltr'><strong>vor</strong></span> <span class='ocrx_word' id='word_1_154' title='bbox 1633 1248 1736 1295; x_wconf 88' lang='lat' dir='ltr'><strong>dem,</strong></span> 
     </span>
     <span class='ocr_line' id='line_1_18' title="bbox 311 1308 1737 1360; baseline 0 -13"><span class='ocrx_word' id='word_1_155' title='bbox 311 1309 399 1347; x_wconf 74' lang='lat' dir='ltr'><strong>dass</strong></span> <span class='ocrx_word' id='word_1_156' title='bbox 437 1322 482 1348; x_wconf 87' lang='lat' dir='ltr'><strong>er</strong></span> <span class='ocrx_word' id='word_1_157' title='bbox 518 1309 630 1348; x_wconf 81' lang='lat' dir='ltr'><strong>weiss</strong></span> <span class='ocrx_word' id='word_1_158' title='bbox 666 1310 719 1348; x_wconf 87' lang='lat' dir='ltr'><strong>ist</strong></span> <span class='ocrx_word' id='word_1_159' title='bbox 755 1310 853 1348; x_wconf 84' lang='lat' dir='ltr'><strong>oder</strong></span> <span class='ocrx_word' id='word_1_160' title='bbox 887 1309 1030 1348; x_wconf 70' lang='lat' dir='ltr'><strong>liiust&#39;’.</strong></span> <span class='ocrx_word' id='word_1_161' title='bbox 1084 1308 1143 1346; x_wconf 86' lang='lat' dir='ltr'><strong>De</strong></span> <span class='ocrx_word' id='word_1_162' title='bbox 1169 1309 1332 1359; x_wconf 83' lang='lat' dir='ltr'><strong>reliquis</strong></span> <span class='ocrx_word' id='word_1_163' title='bbox 1361 1310 1567 1358; x_wconf 81' lang='lat' dir='ltr'><strong>categoriis</strong></span> <span class='ocrx_word' id='word_1_164' title='bbox 1594 1309 1737 1360; x_wconf 76' lang='lat' dir='ltr'><strong>aliquid</strong></span> 
     </span>
     <span class='ocr_line' id='line_1_19' title="bbox 309 1371 1736 1423; baseline -0.001 -12"><span class='ocrx_word' id='word_1_165' title='bbox 309 1372 485 1411; x_wconf 76' lang='lat' dir='ltr'><strong>adiicere</strong></span> <span class='ocrx_word' id='word_1_166' title='bbox 511 1385 587 1410; x_wconf 89' lang='lat' dir='ltr'><strong>non</strong></span> <span class='ocrx_word' id='word_1_167' title='bbox 615 1372 797 1423; x_wconf 79' lang='lat' dir='ltr'><strong>dignatus</strong></span> <span class='ocrx_word' id='word_1_168' title='bbox 823 1376 884 1409; x_wconf 88' lang='lat' dir='ltr'><strong>est</strong></span> <span class='ocrx_word' id='word_1_169' title='bbox 910 1371 1127 1421; x_wconf 70' lang='lat' dir='ltr'><strong>Hegelius,</strong></span> <span class='ocrx_word' id='word_1_170' title='bbox 1167 1383 1295 1422; x_wconf 86' lang='lat' dir='ltr'><strong>neque</strong></span> <span class='ocrx_word' id='word_1_171' title='bbox 1321 1372 1415 1423; x_wconf 83' lang='lat' dir='ltr'><strong>quid</strong></span> <span class='ocrx_word' id='word_1_172' title='bbox 1442 1384 1532 1410; x_wconf 84' lang='lat' dir='ltr'><strong>eum</strong></span> <span class='ocrx_word' id='word_1_173' title='bbox 1560 1372 1736 1420; x_wconf 85' lang='lat' dir='ltr'><strong>moverit,</strong></span> 
     </span>
     <span class='ocr_line' id='line_1_20' title="bbox 307 1434 1312 1485; baseline -0.002 -11"><span class='ocrx_word' id='word_1_174' title='bbox 307 1440 351 1474; x_wconf 86' lang='lat' dir='ltr'><strong>ut</strong></span> <span class='ocrx_word' id='word_1_175' title='bbox 379 1434 535 1473; x_wconf 76' lang='lat' dir='ltr'><strong>siientio</strong></span> <span class='ocrx_word' id='word_1_176' title='bbox 563 1447 630 1472; x_wconf 80' lang='lat' dir='ltr'><strong>eus</strong></span> <span class='ocrx_word' id='word_1_177' title='bbox 657 1434 922 1485; x_wconf 80' lang='lat' dir='ltr'><strong>praeterierit,</strong></span> <span class='ocrx_word' id='word_1_178' title='bbox 950 1447 1022 1473; x_wconf 89' lang='lat' dir='ltr'><strong>nos</strong></span> <span class='ocrx_word' id='word_1_179' title='bbox 1050 1435 1153 1473; x_wconf 87' lang='lat' dir='ltr'><strong>scire</strong></span> <span class='ocrx_word' id='word_1_180' title='bbox 1180 1435 1312 1473; x_wconf 88' lang='lat' dir='ltr'><strong>voluit.</strong></span> 
     </span>
    </p>

    <p class='ocr_par' dir='ltr' id='par_1_8' title="bbox 256 1495 1738 2099">
     <span class='ocr_line' id='line_1_21' title="bbox 256 1495 1735 1547; baseline 0 -11"><span class='ocrx_word' id='word_1_181' title='bbox 256 1497 379 1536; x_wconf 78' lang='lat' dir='ltr'><strong>2b33</strong></span> <span class='ocrx_word' id='word_1_182' title='bbox 406 1496 538 1537; x_wconf 77' lang='lat' dir='ltr'><strong>Verba</strong></span> <span class='ocrx_word' id='word_1_183' title='bbox 565 1495 675 1536; x_wconf 80' lang='grc' dir='ltr'><strong>καὶ..</strong></span> <span class='ocrx_word' id='word_1_184' title='bbox 691 1495 943 1543; x_wconf 73' lang='grc' dir='ltr'><em>,ἀποδιδούς</em></span> <span class='ocrx_word' id='word_1_185' title='bbox 962 1497 1224 1547; x_wconf 80' lang='lat' dir='ltr'><strong>suspicionem</strong></span> <span class='ocrx_word' id='word_1_186' title='bbox 1236 1500 1416 1535; x_wconf 84' lang='lat' dir='ltr'><strong>movent:</strong></span> <span class='ocrx_word' id='word_1_187' title='bbox 1445 1499 1507 1535; x_wconf 81' lang='lat' dir='ltr'><strong>est</strong></span> <span class='ocrx_word' id='word_1_188' title='bbox 1525 1497 1626 1536; x_wconf 85' lang='lat' dir='ltr'><strong>enim</strong></span> <span class='ocrx_word' id='word_1_189' title='bbox 1640 1497 1735 1536; x_wconf 85' lang='lat' dir='ltr'><strong>alie-</strong></span> 
     </span>
     <span class='ocr_line' id='line_1_22' title="bbox 310 1559 1737 1611; baseline -0.001 -13"><span class='ocrx_word' id='word_1_190' title='bbox 310 1573 403 1599; x_wconf 86' lang='lat' dir='ltr'><strong>num</strong></span> <span class='ocrx_word' id='word_1_191' title='bbox 438 1560 487 1597; x_wconf 76' lang='lat' dir='ltr'><strong>ab</strong></span> <span class='ocrx_word' id='word_1_192' title='bbox 523 1560 600 1598; x_wconf 89' lang='lat' dir='ltr'><strong>hoc</strong></span> <span class='ocrx_word' id='word_1_193' title='bbox 635 1561 737 1609; x_wconf 85' lang='lat' dir='ltr'><strong>loco,</strong></span> <span class='ocrx_word' id='word_1_194' title='bbox 776 1560 881 1610; x_wconf 88' lang='lat' dir='ltr'><strong>quod</strong></span> <span class='ocrx_word' id='word_1_195' title='bbox 919 1559 1075 1611; x_wconf 86' lang='lat' dir='ltr'><strong>species</strong></span> <span class='ocrx_word' id='word_1_196' title='bbox 1105 1560 1228 1611; x_wconf 79' lang='lat' dir='ltr'><strong>magis</strong></span> <span class='ocrx_word' id='word_1_197' title='bbox 1257 1572 1370 1609; x_wconf 79' lang='lat' dir='ltr'><strong>quam</strong></span> <span class='ocrx_word' id='word_1_198' title='bbox 1398 1572 1522 1611; x_wconf 83' lang='lat' dir='ltr'><strong>genus</strong></span> <span class='ocrx_word' id='word_1_199' title='bbox 1548 1559 1737 1598; x_wconf 86' lang='lat' dir='ltr'><strong>individui</strong></span> 
     </span>
     <span class='ocr_line' id='line_1_23' title="bbox 310 1622 1738 1674; baseline -0.001 -12"><span class='ocrx_word' id='word_1_200' title='bbox 310 1628 488 1662; x_wconf 78' lang='lat' dir='ltr'><strong>naturam</strong></span> <span class='ocrx_word' id='word_1_201' title='bbox 509 1623 705 1674; x_wconf 79' lang='lat' dir='ltr'><strong>exprimit,</strong></span> <span class='ocrx_word' id='word_1_202' title='bbox 725 1624 758 1661; x_wconf 83' lang='lat' dir='ltr'><strong>si</strong></span> <span class='ocrx_word' id='word_1_203' title='bbox 775 1622 932 1672; x_wconf 87' lang='lat' dir='ltr'><strong>quidem</strong></span> <span class='ocrx_word' id='word_1_204' title='bbox 960 1623 999 1660; x_wconf 89' lang='lat' dir='ltr'><strong>id</strong></span> <span class='ocrx_word' id='word_1_205' title='bbox 1027 1622 1166 1672; x_wconf 76' lang='lat' dir='ltr'><strong>agitur,</strong></span> <span class='ocrx_word' id='word_1_206' title='bbox 1195 1626 1239 1660; x_wconf 88' lang='lat' dir='ltr'><strong>ut</strong></span> <span class='ocrx_word' id='word_1_207' title='bbox 1265 1622 1495 1661; x_wconf 77' lang='lat' dir='ltr'><strong>ostendatur</strong></span> <span class='ocrx_word' id='word_1_208' title='bbox 1521 1623 1673 1672; x_wconf 79' lang='lat' dir='ltr'><strong>species</strong></span> <span class='ocrx_word' id='word_1_209' title='bbox 1697 1626 1738 1661; x_wconf 90' lang='lat' dir='ltr'><strong>et</strong></span> 
     </span>
     <span class='ocr_line' id='line_1_24' title="bbox 306 1685 1737 1737; baseline -0.001 -13"><span class='ocrx_word' id='word_1_210' title='bbox 306 1698 454 1737; x_wconf 79' lang='lat' dir='ltr'><strong>genera</strong></span> <span class='ocrx_word' id='word_1_211' title='bbox 480 1685 564 1723; x_wconf 77' lang='lat' dir='ltr'><strong>sola</strong></span> <span class='ocrx_word' id='word_1_212' title='bbox 590 1698 639 1723; x_wconf 86' lang='lat' dir='ltr'><strong>ex</strong></span> <span class='ocrx_word' id='word_1_213' title='bbox 665 1687 858 1732; x_wconf 86' lang='lat' dir='ltr'><strong>omnibus,</strong></span> <span class='ocrx_word' id='word_1_214' title='bbox 886 1697 984 1735; x_wconf 77' lang='lat' dir='ltr'><strong>quae</strong></span> <span class='ocrx_word' id='word_1_215' title='bbox 1010 1685 1299 1735; x_wconf 81' lang='lat' dir='ltr'><strong>praedicentur,</strong></span> <span class='ocrx_word' id='word_1_216' title='bbox 1323 1686 1472 1735; x_wconf 83' lang='lat' dir='ltr'><strong>primae</strong></span> <span class='ocrx_word' id='word_1_217' title='bbox 1499 1685 1737 1724; x_wconf 79' lang='lat' dir='ltr'><strong>substantiae</strong></span> 
     </span>
     <span class='ocr_line' id='line_1_25' title="bbox 306 1748 1735 1798; baseline -0.001 -12"><span class='ocrx_word' id='word_1_218' title='bbox 306 1752 483 1786; x_wconf 72' lang='lat' dir='ltr'><strong>naturum</strong></span> <span class='ocrx_word' id='word_1_219' title='bbox 512 1759 630 1797; x_wconf 84' lang='lat' dir='ltr'><strong>posse</strong></span> <span class='ocrx_word' id='word_1_220' title='bbox 657 1749 902 1798; x_wconf 83' lang='lat' dir='ltr'><strong>exprimere:</strong></span> <span class='ocrx_word' id='word_1_221' title='bbox 927 1751 1059 1786; x_wconf 84' lang='lat' dir='ltr'><strong>utrum</strong></span> <span class='ocrx_word' id='word_1_222' title='bbox 1087 1748 1122 1786; x_wconf 90' lang='lat' dir='ltr'><strong>ei</strong></span> <span class='ocrx_word' id='word_1_223' title='bbox 1149 1748 1312 1798; x_wconf 86' lang='lat' dir='ltr'><strong>propius</strong></span> <span class='ocrx_word' id='word_1_224' title='bbox 1342 1749 1406 1794; x_wconf 73' lang='lat' dir='ltr'><strong>sit,</strong></span> <span class='ocrx_word' id='word_1_225' title='bbox 1433 1749 1508 1785; x_wconf 81' lang='lat' dir='ltr'><strong>iam</strong></span> <span class='ocrx_word' id='word_1_226' title='bbox 1535 1748 1735 1797; x_wconf 83' lang='lat' dir='ltr'><strong>exposuit:</strong></span> 
     </span>
     <span class='ocr_line' id='line_1_26' title="bbox 306 1809 1735 1862; baseline -0.001 -14"><span class='ocrx_word' id='word_1_227' title='bbox 306 1823 426 1862; x_wconf 78' lang='lat' dir='ltr'><strong>quare</strong></span> <span class='ocrx_word' id='word_1_228' title='bbox 453 1823 476 1848; x_wconf 89' lang='lat' dir='ltr'><strong>e</strong></span> <span class='ocrx_word' id='word_1_229' title='bbox 503 1822 559 1847; x_wconf 86' lang='lat' dir='ltr'><strong>vs.</strong></span> <span class='ocrx_word' id='word_1_230' title='bbox 581 1812 630 1846; x_wconf 92' lang='grc'><strong>11</strong></span> <span class='ocrx_word' id='word_1_231' title='bbox 657 1810 733 1848; x_wconf 86' lang='lat' dir='ltr'><strong>ista</strong></span> <span class='ocrx_word' id='word_1_232' title='bbox 761 1811 880 1848; x_wconf 79' lang='lat' dir='ltr'><strong>verba</strong></span> <span class='ocrx_word' id='word_1_233' title='bbox 907 1810 1076 1860; x_wconf 78' lang='lat' dir='ltr'><strong>repetita</strong></span> <span class='ocrx_word' id='word_1_234' title='bbox 1102 1809 1296 1848; x_wconf 88' lang='lat' dir='ltr'><strong>videntur.</strong></span> <span class='ocrx_word' id='word_1_235' title='bbox 1348 1810 1536 1848; x_wconf 86' lang='lat' dir='ltr'><strong>Ceterum</strong></span> <span class='ocrx_word' id='word_1_236' title='bbox 1565 1810 1735 1860; x_wconf 88' lang='lat' dir='ltr'><strong>quinque</strong></span> 
     </span>
     <span class='ocr_line' id='line_1_27' title="bbox 305 1870 1735 1923; baseline -0.001 -12"><span class='ocrx_word' id='word_1_237' title='bbox 305 1873 485 1911; x_wconf 78' lang='lat' dir='ltr'><strong>versibus</strong></span> <span class='ocrx_word' id='word_1_238' title='bbox 504 1873 652 1922; x_wconf 86' lang='lat' dir='ltr'><strong>septies</strong></span> <span class='ocrx_word' id='word_1_239' title='bbox 671 1885 881 1911; x_wconf 85' lang='lat' dir='ltr'><strong>occurrere</strong></span> <span class='ocrx_word' id='word_1_240' title='bbox 899 1873 1062 1911; x_wconf 89' lang='lat' dir='ltr'><strong>verbum</strong></span> <span class='ocrx_word' id='word_1_241' title='bbox 1084 1870 1321 1922; x_wconf 76' lang='grc' dir='ltr'><em>ἀποδίδωμι</em></span> <span class='ocrx_word' id='word_1_242' title='bbox 1336 1873 1439 1910; x_wconf 82' lang='lat' dir='ltr'><strong>haud</strong></span> <span class='ocrx_word' id='word_1_243' title='bbox 1458 1885 1614 1923; x_wconf 82' lang='lat' dir='ltr'><strong>parvam</strong></span> <span class='ocrx_word' id='word_1_244' title='bbox 1637 1884 1735 1923; x_wconf 78' lang='lat' dir='ltr'><strong>neg-</strong></span> 
     </span>
     <span class='ocr_line' id='line_1_28' title="bbox 307 1935 1735 1986; baseline -0.001 -12"><span class='ocrx_word' id='word_1_245' title='bbox 307 1935 506 1985; x_wconf 81' lang='lat' dir='ltr'><strong>ligentiam</strong></span> <span class='ocrx_word' id='word_1_246' title='bbox 542 1935 695 1986; x_wconf 81' lang='lat' dir='ltr'><strong>prodit,</strong></span> <span class='ocrx_word' id='word_1_247' title='bbox 735 1948 809 1985; x_wconf 78' lang='lat' dir='ltr'><strong>qua</strong></span> <span class='ocrx_word' id='word_1_248' title='bbox 835 1935 1006 1972; x_wconf 77' lang='lat' dir='ltr'><strong>fortasse</strong></span> <span class='ocrx_word' id='word_1_249' title='bbox 1034 1935 1153 1973; x_wconf 78' lang='lat' dir='ltr'><strong>etiam</strong></span> <span class='ocrx_word' id='word_1_250' title='bbox 1180 1935 1254 1973; x_wconf 86' lang='lat' dir='ltr'><strong>ista</strong></span> <span class='ocrx_word' id='word_1_251' title='bbox 1281 1935 1466 1984; x_wconf 82' lang='lat' dir='ltr'><strong>repetitio</strong></span> <span class='ocrx_word' id='word_1_252' title='bbox 1493 1935 1589 1973; x_wconf 80' lang='lat' dir='ltr'><strong>satis</strong></span> <span class='ocrx_word' id='word_1_253' title='bbox 1617 1947 1735 1973; x_wconf 83' lang='lat' dir='ltr'><strong>excu-</strong></span> 
     </span>
     <span class='ocr_line' id='line_1_29' title="bbox 307 1996 1734 2047; baseline -0.001 -12"><span class='ocrx_word' id='word_1_254' title='bbox 307 1997 387 2037; x_wconf 80' lang='lat' dir='ltr'><strong>sari</strong></span> <span class='ocrx_word' id='word_1_255' title='bbox 412 1997 573 2047; x_wconf 81' lang='lat' dir='ltr'><strong>poterit.</strong></span> <span class='ocrx_word' id='word_1_256' title='bbox 628 1996 777 2034; x_wconf 74' lang='lat' dir='ltr'><strong>Similis</strong></span> <span class='ocrx_word' id='word_1_257' title='bbox 803 1997 1039 2047; x_wconf 81' lang='lat' dir='ltr'><strong>negiigentia</strong></span> <span class='ocrx_word' id='word_1_258' title='bbox 1063 1997 1166 2035; x_wconf 87' lang='lat' dir='ltr'><strong>inest</strong></span> <span class='ocrx_word' id='word_1_259' title='bbox 1193 1996 1232 2034; x_wconf 88' lang='lat' dir='ltr'><strong>in</strong></span> <span class='ocrx_word' id='word_1_260' title='bbox 1261 1997 1500 2047; x_wconf 85' lang='lat' dir='ltr'><strong>repetitione</strong></span> <span class='ocrx_word' id='word_1_261' title='bbox 1527 1996 1734 2035; x_wconf 86' lang='lat' dir='ltr'><strong>verborum</strong></span> 
     </span>
     <span class='ocr_line' id='line_1_30' title="bbox 306 2056 1031 2099; baseline -0.003 0"><span class='ocrx_word' id='word_1_262' title='bbox 306 2058 403 2099; x_wconf 82' lang='grc' dir='ltr'><em>ἰ’σον</em></span> <span class='ocrx_word' id='word_1_263' title='bbox 428 2071 472 2098; x_wconf 84' lang='grc' dir='ltr'><strong>τε</strong></span> <span class='ocrx_word' id='word_1_264' title='bbox 498 2056 570 2098; x_wconf 82' lang='grc' dir='ltr'><strong>καὶ</strong></span> <span class='ocrx_word' id='word_1_265' title='bbox 595 2059 748 2098; x_wconf 82' lang='grc' dir='ltr'><em>ἄνισον</em></span> <span class='ocrx_word' id='word_1_266' title='bbox 773 2060 1031 2098; x_wconf 69' lang='lat'><strong>6³26—35.</strong></span> 
     </span>
    </p>

    <p class='ocr_par' dir='ltr' id='par_1_9' title="bbox 254 2119 1736 2484">
     <span class='ocr_line' id='line_1_31' title="bbox 254 2119 1736 2172; baseline -0.003 -9"><span class='ocrx_word' id='word_1_267' title='bbox 254 2126 347 2163; x_wconf 67' lang='lat'><strong>3³3</strong></span> <span class='ocrx_word' id='word_1_268' title='bbox 373 2121 426 2162; x_wconf 83' lang='grc' dir='ltr'><strong>τὰ</strong></span> <span class='ocrx_word' id='word_1_269' title='bbox 451 2120 576 2162; x_wconf 85' lang='grc' dir='ltr'>λοιπὰ</span> <span class='ocrx_word' id='word_1_270' title='bbox 601 2121 739 2161; x_wconf 78' lang='grc' dir='ltr'><em>πάντα</em></span> <span class='ocrx_word' id='word_1_271' title='bbox 774 2121 950 2171; x_wconf 75' lang='lat' dir='ltr'><strong>excepti·</strong></span> <span class='ocrx_word' id='word_1_272' title='bbox 988 2120 1126 2171; x_wconf 86' lang='lat' dir='ltr'><strong>primis</strong></span> <span class='ocrx_word' id='word_1_273' title='bbox 1165 2121 1394 2160; x_wconf 82' lang='lat' dir='ltr'><strong>substantiis</strong></span> <span class='ocrx_word' id='word_1_274' title='bbox 1422 2119 1736 2172; x_wconf 83' lang='lat' dir='ltr'><strong>complectuntur</strong></span> 
     </span>
     <span class='ocr_line' id='line_1_32' title="bbox 309 2183 1734 2236; baseline -0.003 -11"><span class='ocrx_word' id='word_1_275' title='bbox 309 2187 454 2233; x_wconf 82' lang='lat' dir='ltr'><strong>omnia,</strong></span> <span class='ocrx_word' id='word_1_276' title='bbox 481 2198 582 2236; x_wconf 83' lang='lat' dir='ltr'><strong>quae</strong></span> <span class='ocrx_word' id='word_1_277' title='bbox 609 2198 737 2236; x_wconf 87' lang='lat' dir='ltr'><strong>neque</strong></span> <span class='ocrx_word' id='word_1_278' title='bbox 764 2184 916 2235; x_wconf 84' lang='lat' dir='ltr'><strong>species</strong></span> <span class='ocrx_word' id='word_1_279' title='bbox 945 2186 1033 2221; x_wconf 88' lang='lat' dir='ltr'><strong>sunt</strong></span> <span class='ocrx_word' id='word_1_280' title='bbox 1068 2195 1195 2233; x_wconf 84' lang='lat' dir='ltr'><strong>neque</strong></span> <span class='ocrx_word' id='word_1_281' title='bbox 1222 2196 1364 2234; x_wconf 80' lang='lat' dir='ltr'><strong>genera</strong></span> <span class='ocrx_word' id='word_1_282' title='bbox 1393 2196 1542 2231; x_wconf 75' lang='lat' dir='ltr'><strong>eorum,</strong></span> <span class='ocrx_word' id='word_1_283' title='bbox 1571 2184 1621 2222; x_wconf 90' lang='lat' dir='ltr'><strong>de</strong></span> <span class='ocrx_word' id='word_1_284' title='bbox 1649 2183 1734 2233; x_wconf 89' lang='lat' dir='ltr'><strong>qui-</strong></span> 
     </span>
     <span class='ocr_line' id='line_1_33' title="bbox 306 2243 1735 2300; baseline -0.002 -12"><span class='ocrx_word' id='word_1_285' title='bbox 306 2250 379 2288; x_wconf 88' lang='lat' dir='ltr'><strong>bus</strong></span> <span class='ocrx_word' id='word_1_286' title='bbox 415 2249 710 2300; x_wconf 76' lang='lat' dir='ltr'><strong>praedicantur,</strong></span> <span class='ocrx_word' id='word_1_287' title='bbox 749 2247 819 2286; x_wconf 86' lang='lat' dir='ltr'><strong>sed</strong></span> <span class='ocrx_word' id='word_1_288' title='bbox 857 2244 1151 2297; x_wconf 82' lang='grc' dir='ltr'><em>συμβεβηκότα</em></span> <span class='ocrx_word' id='word_1_289' title='bbox 1178 2243 1249 2286; x_wconf 84' lang='grc' dir='ltr'><strong>καὶ</strong></span> <span class='ocrx_word' id='word_1_290' title='bbox 1276 2245 1505 2295; x_wconf 72' lang='grc' dir='ltr'><em>ἀλλοτρίως</em></span> <span class='ocrx_word' id='word_1_291' title='bbox 1530 2244 1735 2286; x_wconf 75' lang='grc' dir='ltr'><em>ἀποδεδο-</em></span> 
     </span>
     <span class='ocr_line' id='line_1_34' title="bbox 306 2309 1733 2363; baseline -0.004 -12"><span class='ocrx_word' id='word_1_292' title='bbox 306 2309 426 2363; x_wconf 76' lang='grc' dir='ltr'>μένα,</span> <span class='ocrx_word' id='word_1_293' title='bbox 453 2310 507 2350; x_wconf 82' lang='lat' dir='ltr'><strong>cf.</strong></span> <span class='ocrx_word' id='word_1_294' title='bbox 534 2312 667 2350; x_wconf 74' lang='lat'>21135.</span> <span class='ocrx_word' id='word_1_295' title='bbox 723 2310 791 2349; x_wconf 88' lang='lat' dir='ltr'><strong>Sic</strong></span> <span class='ocrx_word' id='word_1_296' title='bbox 816 2309 1145 2360; x_wconf 80' lang='lat' dir='ltr'><strong>„grammaticus”</strong></span> <span class='ocrx_word' id='word_1_297' title='bbox 1173 2314 1214 2350; x_wconf 86' lang='lat' dir='ltr'><strong>et</strong></span> <span class='ocrx_word' id='word_1_298' title='bbox 1241 2309 1291 2349; x_wconf 91' lang='lat' dir='ltr'><strong>de</strong></span> <span class='ocrx_word' id='word_1_299' title='bbox 1317 2309 1517 2348; x_wconf 87' lang='lat' dir='ltr'><strong>individuo</strong></span> <span class='ocrx_word' id='word_1_300' title='bbox 1545 2309 1733 2359; x_wconf 83' lang='lat' dir='ltr'><strong>(quodam</strong></span> 
     </span>
     <span class='ocr_line' id='line_1_35' title="bbox 304 2372 1734 2425; baseline -0.003 -11"><span class='ocrx_word' id='word_1_301' title='bbox 304 2375 486 2419; x_wconf 82' lang='lat' dir='ltr'><strong>homine)</strong></span> <span class='ocrx_word' id='word_1_302' title='bbox 513 2373 763 2425; x_wconf 77' lang='lat' dir='ltr'><strong>praedicatur</strong></span> <span class='ocrx_word' id='word_1_303' title='bbox 791 2378 832 2412; x_wconf 83' lang='lat' dir='ltr'><strong>et</strong></span> <span class='ocrx_word' id='word_1_304' title='bbox 859 2373 910 2412; x_wconf 82' lang='lat' dir='ltr'><strong>de</strong></span> <span class='ocrx_word' id='word_1_305' title='bbox 948 2374 1081 2425; x_wconf 72' lang='lat' dir='ltr'><strong>specie</strong></span> <span class='ocrx_word' id='word_1_306' title='bbox 1110 2373 1287 2419; x_wconf 86' lang='lat' dir='ltr'><strong>(homine</strong></span> <span class='ocrx_word' id='word_1_307' title='bbox 1312 2373 1512 2418; x_wconf 84' lang='lat' dir='ltr'><strong>universo)</strong></span> <span class='ocrx_word' id='word_1_308' title='bbox 1536 2372 1645 2410; x_wconf 87' lang='lat' dir='ltr'><strong>etde</strong></span> <span class='ocrx_word' id='word_1_309' title='bbox 1665 2384 1734 2423; x_wconf 82' lang='lat' dir='ltr'><strong>ge-</strong></span> 
     </span>
     <span class='ocr_line' id='line_1_36' title="bbox 305 2436 637 2484; baseline -0.009 -7"><span class='ocrx_word' id='word_1_310' title='bbox 305 2449 402 2477; x_wconf 86' lang='lat' dir='ltr'><strong>nere</strong></span> <span class='ocrx_word' id='word_1_311' title='bbox 426 2436 637 2484; x_wconf 76' lang='lat' dir='ltr'><strong>(animali).</strong></span> 
     </span>
    </p>

    <p class='ocr_par' dir='ltr' id='par_1_10' title="bbox 253 2495 1732 2801">
     <span class='ocr_line' id='line_1_37' title="bbox 253 2495 1732 2539; baseline -0.003 -1"><span class='ocrx_word' id='word_1_312' title='bbox 253 2502 377 2539; x_wconf 65' lang='lat'>3³10</span> <span class='ocrx_word' id='word_1_313' title='bbox 414 2499 615 2539; x_wconf 73' lang='lat' dir='ltr'><strong>Secunda·</strong></span> <span class='ocrx_word' id='word_1_314' title='bbox 655 2498 891 2538; x_wconf 73' lang='lat' dir='ltr'><strong>substantias</strong></span> <span class='ocrx_word' id='word_1_315' title='bbox 928 2510 1003 2537; x_wconf 87' lang='lat' dir='ltr'><strong>non</strong></span> <span class='ocrx_word' id='word_1_316' title='bbox 1038 2498 1244 2537; x_wconf 82' lang='lat' dir='ltr'><strong>inhaerere</strong></span> <span class='ocrx_word' id='word_1_317' title='bbox 1279 2497 1320 2536; x_wconf 88' lang='lat' dir='ltr'><strong>in</strong></span> <span class='ocrx_word' id='word_1_318' title='bbox 1357 2497 1442 2535; x_wconf 82' lang='lat' dir='ltr'><strong>aliis</strong></span> <span class='ocrx_word' id='word_1_319' title='bbox 1469 2495 1620 2534; x_wconf 74' lang='lat' dir='ltr'><strong>duobu-</strong></span> <span class='ocrx_word' id='word_1_320' title='bbox 1647 2507 1732 2534; x_wconf 93' lang='lat' dir='ltr'><strong>mo-</strong></span> 
     </span>
     <span class='ocr_line' id='line_1_38' title="bbox 304 2560 1730 2615; baseline -0.003 -14"><span class='ocrx_word' id='word_1_321' title='bbox 304 2563 364 2601; x_wconf 89' lang='lat' dir='ltr'><strong>dis</strong></span> <span class='ocrx_word' id='word_1_322' title='bbox 393 2563 554 2613; x_wconf 80' lang='lat' dir='ltr'><strong>probat,</strong></span> <span class='ocrx_word' id='word_1_323' title='bbox 592 2567 675 2600; x_wconf 90' lang='lat' dir='ltr'><strong>tum</strong></span> <span class='ocrx_word' id='word_1_324' title='bbox 703 2562 894 2612; x_wconf 80' lang='lat' dir='ltr'><strong>exemplis</strong></span> <span class='ocrx_word' id='word_1_325' title='bbox 929 2561 1169 2613; x_wconf 82' lang='lat' dir='ltr'><strong>propositis,</strong></span> <span class='ocrx_word' id='word_1_326' title='bbox 1205 2561 1343 2612; x_wconf 85' lang='lat' dir='ltr'><strong>quibus</strong></span> <span class='ocrx_word' id='word_1_327' title='bbox 1377 2560 1455 2598; x_wconf 89' lang='lat' dir='ltr'><strong>hoc</strong></span> <span class='ocrx_word' id='word_1_328' title='bbox 1491 2571 1560 2615; x_wconf 76' lang='lat' dir='ltr'><strong>sua</strong></span> <span class='ocrx_word' id='word_1_329' title='bbox 1588 2563 1730 2610; x_wconf 87' lang='lat' dir='ltr'><strong>sponte</strong></span> 
     </span>
     <span class='ocr_line' id='line_1_39' title="bbox 304 2620 1731 2675; baseline -0.002 -13"><span class='ocrx_word' id='word_1_330' title='bbox 304 2630 494 2675; x_wconf 74' lang='lat' dir='ltr'><strong>appareat</strong></span> <span class='ocrx_word' id='word_1_331' title='bbox 518 2623 728 2675; x_wconf 82' lang='grc' dir='ltr'>(φανερὸν</span> <span class='ocrx_word' id='word_1_332' title='bbox 750 2620 829 2674; x_wconf 77' lang='grc' dir='ltr'><strong>μὲν</strong></span> <span class='ocrx_word' id='word_1_333' title='bbox 854 2621 926 2664; x_wconf 81' lang='grc' dir='ltr'><strong>καὶ</strong></span> <span class='ocrx_word' id='word_1_334' title='bbox 953 2621 1119 2673; x_wconf 82' lang='grc' dir='ltr'>οὕτως),</span> <span class='ocrx_word' id='word_1_335' title='bbox 1147 2629 1229 2664; x_wconf 89' lang='lat' dir='ltr'><strong>tum</strong></span> <span class='ocrx_word' id='word_1_336' title='bbox 1258 2629 1314 2670; x_wconf 86' lang='lat' dir='ltr'><strong>(v.</strong></span> <span class='ocrx_word' id='word_1_337' title='bbox 1335 2624 1403 2668; x_wconf 85' lang='lat'><strong>15)</strong></span> <span class='ocrx_word' id='word_1_338' title='bbox 1434 2622 1587 2660; x_wconf 79' lang='lat' dir='ltr'><strong>diversa</strong></span> <span class='ocrx_word' id='word_1_339' title='bbox 1609 2633 1731 2672; x_wconf 83' lang='lat' dir='ltr'><strong>expo-</strong></span> 
     </span>
     <span class='ocr_line' id='line_1_40' title="bbox 303 2684 1725 2738; baseline -0.001 -14"><span class='ocrx_word' id='word_1_340' title='bbox 303 2687 380 2725; x_wconf 76' lang='lat' dir='ltr'><strong>sito</strong></span> <span class='ocrx_word' id='word_1_341' title='bbox 405 2688 567 2736; x_wconf 76' lang='lat' dir='ltr'><strong>ratione,</strong></span> <span class='ocrx_word' id='word_1_342' title='bbox 594 2701 672 2738; x_wconf 78' lang='lat' dir='ltr'><strong>qua</strong></span> <span class='ocrx_word' id='word_1_343' title='bbox 699 2688 896 2728; x_wconf 75' lang='lat' dir='ltr'><strong>secundae</strong></span> <span class='ocrx_word' id='word_1_344' title='bbox 922 2688 1163 2728; x_wconf 77' lang='lat' dir='ltr'><strong>substantiae</strong></span> <span class='ocrx_word' id='word_1_345' title='bbox 1189 2691 1229 2727; x_wconf 86' lang='lat' dir='ltr'><strong>et</strong></span> <span class='ocrx_word' id='word_1_346' title='bbox 1254 2698 1330 2737; x_wconf 80' lang='lat' dir='ltr'><strong>qua</strong></span> <span class='ocrx_word' id='word_1_347' title='bbox 1356 2697 1457 2737; x_wconf 80' lang='lat' dir='ltr'><strong>quae</strong></span> <span class='ocrx_word' id='word_1_348' title='bbox 1482 2684 1522 2724; x_wconf 85' lang='lat' dir='ltr'><strong>in</strong></span> <span class='ocrx_word' id='word_1_349' title='bbox 1549 2684 1638 2724; x_wconf 80' lang='lat' dir='ltr'><strong>aliis</strong></span> <span class='ocrx_word' id='word_1_350' title='bbox 1664 2684 1725 2722; x_wconf 89' lang='lat' dir='ltr'><strong>in-</strong></span> 
     </span>
     <span class='ocr_line' id='line_1_41' title="bbox 303 2750 803 2801; baseline 0.002 -12"><span class='ocrx_word' id='word_1_351' title='bbox 303 2750 492 2789; x_wconf 70' lang='lat' dir='ltr'><strong>haereant</strong></span> <span class='ocrx_word' id='word_1_352' title='bbox 516 2750 803 2801; x_wconf 79' lang='lat' dir='ltr'><strong>praedicentur.</strong></span> 
     </span>
    </p>
   </div>
  </div>
 </body>
</html>
