1760 3112
239 207 292 246 54
621 210 810 244 Scholia
841 211 881 243 in
905 210 1088 254 Analyt.
1113 215 1281 253 poster.

441 302 477 338 εἰ
497 302 570 339 ἔστι
899 303 1102 351 διαιρετική

441 359 477 393 τί
500 358 596 395 ἐστιν
649 369 651 371 ·
899 358 1061 406 όριστική

441 411 574 450 ὁποῖόν
596 415 632 449 τί
654 413 750 449 ἐστιν
899 412 1137 458 άποδεικτική

442 469 506 503 καὶ
529 469 593 505 διά
615 470 651 504 τί
675 468 772 504 ἐστιν
903 468 1118 515 άναλυτική.
1165 470 1242 505 Vat.
1265 469 1354 504 1294
1379 473 1413 504 et
1434 470 1513 504 243.

150 527 229 561 8910
334 519 426 568 άρκὴ
449 525 516 568 τῆς
536 524 796 570 μεταφράσεως
826 524 1028 570 κεφάλαιον
1060 526 1219 571 πρῶτον.
1275 525 1358 560 τίνα
1380 525 1426 560 τὰ
1450 524 1509 560 ἐπὶ
1532 526 1660 561 πασαῖν

184 572 228 605 23
245 574 453 621 ἐπιστημῶν
475 578 678 623 ζητούμενά
701 592 738 615 τε
761 579 823 615 καὶ
845 580 1112 625 γινωσκόμενα;
1156 580 1211 614 Τά
1236 579 1436 625 ζητούμενα
1459 580 1520 616 ἐπὶ
1542 581 1661 626 πάσης

242 630 409 676 γνώσεως
433 632 712 678 ἐπιστημονικῆς
736 634 917 681 ἰσάριθμά
940 636 1014 671 ἐστι
1037 639 1114 676 τοῖς
1144 635 1422 679 γινωσκομένοις
1444 634 1661 681 πράγμασιν,

244 680 365 732 ὦνπερ
388 690 557 731 γνωστῶν
583 689 806 735 πραγμάτων
836 690 962 736 ἔχομεν
994 689 1195 735 ἐπιστήμην
1225 692 1370 735 (eadem
1392 691 1429 725 in
1452 692 1546 736 Reg.
1570 691 1660 726 1917

245 743 382 787 marg.)
406 769 414 777 .
431 768 461 778 ..
486 741 577 779 ὅταν
604 744 671 788 μὲν
699 744 768 790 γὰρ
802 744 960 791 πότερον
991 745 1077 782 τόδε
1099 744 1142 781 τὸ
1168 744 1483 792 κατηγορούμενον
1506 745 1661 793 ὑπάρχει

244 798 338 842 τῷδε
361 799 411 844 τῷ
433 798 682 845 ὖποκειμένῳ,
708 799 787 835 οἷον
811 799 853 835 τὸ
878 799 1053 836 ἐκλείπειν
1075 802 1126 847 τῷ
1149 800 1237 845 ἡλίῳ
1262 797 1286 844 ἢ
1310 799 1373 845 οὕ,
1398 802 1461 836 καὶ
1485 803 1530 847 τῇ
1552 804 1599 848 γῇ
1618 802 1660 838 τὸ

245 855 429 888 κινεῖσθαι
452 850 475 897 ἢ
499 854 569 898 μή,
600 855 641 890 τὰ
670 852 728 890 ὅτι
751 857 949 900 ζητοῦμεν,
980 852 1071 890 ὥστε
1105 856 1218 900 δῆλον
1241 853 1288 890 ὂὶν
1312 856 1367 899 εἴη
1390 855 1578 900 ἐντεῦθεν,
1604 855 1662 893 ὅτι

245 907 306 942 ἐπὶ.
327 911 402 943 τοῖν
424 910 612 944 συνθέτων
635 910 848 954 ζητημάτων
871 909 1069 955 ἐφαρμόζει
1090 909 1132 945 τὸ
1159 909 1239 945 ὅτι·
1264 909 1306 946 τὸ
1330 911 1400 958 γάρ
1422 909 1579 958 πότερον
1602 912 1662 948 ἐπὶ

245 963 315 998 δύο
338 964 449 999 τινῶν
472 965 607 1000 εἴωθεν
630 964 848 1010 ἐρωτᾶσθαι.
894 965 1059 999 Riccard.

333 1018 376 1053 τὸ
400 1019 440 1053 δὲ
463 1017 510 1053 τοὶ
541 1019 746 1064 ζητούμενα
777 1020 839 1055 ἴσα
868 1018 964 1056 εἶναι
985 1023 1063 1061 τοῖς
1086 1020 1138 1060 εἰς
1161 1019 1361 1065 ἐπιστήμην
1385 1021 1589 1067 ἐρχομένοις
1610 1022 1659 1067 μὴ

244 1071 327 1107 κατ’
349 1072 513 1119 άριθμὸν
534 1076 610 1110 τῶν
632 1073 776 1120 άτόμως
799 1075 1028 1121 ζητουμένων
1050 1077 1225 1122 εἰρῆσθαι
1245 1074 1495 1121 ὑποληπτέον·
1527 1075 1571 1113 οὗ
1593 1076 1662 1124 γὰρ

245 1124 314 1162 ὅσα
335 1130 492 1173 ζητεῖται
513 1131 632 1165 ταῦτα
656 1131 718 1166 καὶ
743 1128 914 1176 εὕρηται,
940 1128 1031 1167 άλλά
1054 1130 1148 1166 κατὰ
1172 1130 1218 1166 τὰ
1240 1131 1327 1176 γένη
1350 1133 1424 1168 τῶν
1448 1131 1662 1178 ζητημάτων

246 1181 436 1219 ἐκδεκτέον
458 1182 524 1220 τὸν
549 1185 668 1229 λόγον.
715 1187 839 1220 Prodr.

150 1243 228 1276 891>
335 1236 377 1274 τὸ
413 1240 448 1274 εἰ
477 1239 573 1275 ἔστιν
596 1239 732 1276 αὐτόθι
765 1243 864 1285 ζητεῖ
894 1241 929 1276 εἰ
959 1239 1159 1285 ’ὑφίσταται
1179 1239 1221 1276 τὸ
1244 1241 1328 1287 περὶ
1352 1237 1396 1277 οὖ
1420 1241 1439 1277 ὁ
1461 1242 1585 1288 λόγος,
1616 1243 1659 1280 τὸ

185 1288 228 1322 24
246 1292 286 1329 δὲ
308 1294 344 1328 τί
367 1293 464 1329 ἐστιν
487 1294 605 1340 αὐτὴν
628 1294 696 1340 τὴν
719 1297 785 1331 τοῦ
808 1294 1021 1342 πράγματος
1053 1295 1182 1331 οὐσίαν
1207 1297 1323 1341 ζητεῖ,
1353 1297 1399 1332 τὰ
1429 1298 1468 1332 δέ
1490 1311 1529 1342 γε
1551 1301 1663 1335 λοιπά

244 1350 313 1384 δύο
345 1350 391 1384 τά
426 1347 513 1385 καθ’
545 1349 637 1385 αὐτὸ
669 1354 746 1391 τοῖς
774 1350 982 1397 πράγμασιν
1015 1350 1229 1397 ’ὑπάρχοντα
1268 1351 1536 1399 ἐπισκέπτεται,
1582 1355 1662 1391 οἷον

246 1402 377 1439 ὁποῖον
399 1404 593 1440 άθάνατον
615 1404 639 1450 ή
663 1404 762 1450 ψυχὴ
790 1407 852 1441 καὶ
876 1404 940 1442 διά
964 1408 1001 1441 τί
1024 1406 1217 1442 ἀθάνατον
1241 1431 1250 1440 .
1264 1430 1294 1441 ..
1317 1406 1358 1443 τὸ
1384 1409 1419 1442 εἰ
1438 1408 1512 1444 ἔστι
1535 1410 1596 1445 καὶ
1618 1411 1660 1447 τὸ

243 1460 281 1494 τί
302 1459 377 1494 ἐστι
409 1459 617 1496 διαλεκτικά
711 1461 752 1497 τὸ
779 1461 818 1497 δὲ
842 1460 975 1497 ὁποῖόν
999 1476 1034 1498 τι
1058 1462 1120 1497 καὶ
1144 1462 1185 1497 τὸ
1212 1462 1275 1497 διὰ
1298 1464 1333 1497 τί
1354 1465 1575 1507 πυσματικά.
1626 1468 1656 1500 Ε

243 1515 426 1559 prooemio
450 1527 577 1552 comm.
602 1528 704 1550 anon.
719 1544 729 1560 ‚
753 1519 846 1561 quod
870 1518 1038 1552 omissum
1062 1521 1114 1552 est
1137 1518 1172 1552 in
1196 1519 1250 1551 ed.
1275 1519 1352 1552 Ald.
1377 1519 1467 1554 1534
1490 1521 1551 1555 fol.

150 1574 227 1608 891,
333 1568 424 1606 ὅταν
447 1585 484 1606 τι
507 1570 686 1607 σύνθετον
709 1574 910 1618 προθῶμεν
930 1573 1135 1619 πρόβλημα,
1167 1570 1280 1617 ἤγουν
1309 1572 1395 1609 ἄλλο
1425 1573 1520 1622 ἄλλῳ
1544 1573 1662 1624 ’ὑπάρ-

183 1620 227 1653 26
244 1638 308 1670 χον
339 1627 494 1670 δηλοῦν,
535 1625 674 1662 ταύτὸν
712 1627 751 1662 δὲ
790 1629 905 1664 εἰπεῖν
942 1626 1182 1672 ’ὑποκείμενον
1225 1628 1287 1663 καὶ
1322 1632 1638 1676 κατηγορούμενον
1653 1645 1661 1654 ·

243 1682 353 1716 τοῦτο
377 1681 447 1727 γάρ
471 1681 546 1717 ἐστι·
566 1682 607 1718 τὰ
632 1684 709 1725 „ele
732 1682 894 1728 άριθμόν
916 1684 1067 1724 θέντες”
1084 1709 1113 1720 ..
1128 1709 1136 1718 .
1161 1681 1252 1718 ὅταν
1271 1678 1339 1718 οὖν
1361 1686 1471 1720 τοῦτο
1487 1687 1662 1732 ποιοῖμεν,

244 1735 285 1771 τὸ
312 1733 372 1773 ὅτι
395 1739 584 1782 ζητοῦμεν.
629 1739 786 1778 νικαίας.
834 1741 1025 1783 (Eustrat.)
1049 1741 1142 1784 Reg.
1167 1738 1256 1772 1917
1277 1750 1394 1784 marg.

150 1796 193 1830 89
207 1795 227 1827 b
331 1788 470 1835 ,,ἇ’λλον
484 1792 623 1838 τρόπον
646 1794 842 1838 ζητοῦμεν”
861 1792 927 1839 οὐχ
948 1794 997 1835 αἱς
1017 1793 1056 1829 ἐν
1077 1793 1253 1840 προτάσει
1277 1791 1356 1830 οὐδ’
1377 1793 1426 1836 οἷς
1450 1794 1488 1830 ἐν
1505 1809 1661 1842 κατηγο-

185 1841 228 1873 32
247 1847 411 1893 ρουμένῳ
434 1848 496 1883 καὶ
529 1846 771 1895 ὑποκειμένῳ,
805 1847 880 1885 ἀλλ’
913 1849 951 1885 ἐν
987 1848 1084 1896 άπλῇ
1111 1851 1218 1896 φωνῇ
1241 1849 1323 1885 οἷον
1354 1850 1430 1886 ἔστι
1451 1851 1542 1893 θεὸς
1638 1851 1662 1899 ἢ

244 1901 295 1947 μή
303 1917 314 1944 ,-
339 1903 509 1937 Riccard.

152 1959 194 1992 90
209 1970 228 1990 a
336 1958 428 2002 φησὶ
452 1959 666 2002 ,,συμβαίνει
689 1957 783 2004 ἅρα”
805 1960 852 2004 τῇ
874 1959 943 1993 τοῦ
961 1957 1147 2004 ἀκροατοῦ
1165 1956 1306 1994 συνέσει
1328 1960 1541 1996 καταλιπών
1563 1963 1605 1998 τὰ
1630 1964 1666 1998 εἰ

206 2004 227 2036 5
245 2011 341 2047 ἔστιν
365 2013 416 2052 εἰς
439 2012 480 2047 τὸ
507 2012 648 2048 ἁπλοῦν
671 2014 733 2048 καὶ
758 2012 938 2048 σύνθετον
962 2015 1095 2049 διελεῖν
1118 2013 1180 2049 καὶ
1208 2016 1260 2061 τῷ
1290 2014 1357 2058 μὲν
1379 2015 1482 2063 ἁπλῷ
1505 2016 1574 2061 τὴν
1596 2020 1663 2054 τοῦ

244 2068 279 2103 εἰ
299 2067 372 2102 Ιἔστι
394 2069 530 2114 κυρίως
553 2070 678 2113 κλῆσιν
701 2067 917 2113 άπονέμειν,
948 2070 999 2115 τῷ
1034 2068 1198 2115 συνθέτῳ
1229 2069 1299 2114 τὴν
1320 2072 1387 2106 τοῦ
1410 2070 1481 2107 ὅτι.
1528 2071 1663 2117 ὁμοίως

245 2123 286 2158 δὲ
308 2123 370 2158 καὶ
392 2121 432 2158 τὸ
458 2124 494 2158 τί
517 2123 615 2159 ἐστιν
639 2124 690 2164 εἰς
713 2121 755 2159 τὸ
779 2123 960 2159 σύνθετον
981 2124 1045 2159 καὶ
1066 2122 1107 2160 τὸ
1133 2120 1274 2160 άπλοῦν
1290 2126 1501 2171 διελόμενον
1515 2127 1556 2163 τὸ
1578 2129 1662 2165 σόν-

243 2181 357 2214 θετον
386 2177 452 2223 μὲν
486 2176 667 2222 ὀνομάσαι
700 2177 814 2220 διότι,
841 2178 882 2214 τὸ
908 2176 940 2214 δ’
966 2177 1108 2215 άπλοῦν
1128 2182 1166 2216 τί
1191 2179 1287 2217 ἐστιν
1311 2180 1530 2229 ἰδιοτρόπως
1552 2195 1663 2231 προσ-

245 2235 451 2280 αγορεῦσαι.
495 2235 621 2269 Prodr.

150 2292 227 2325 901>
333 2288 476 2334 πλάνην
509 2288 554 2324 οὕ
586 2289 721 2335 μικρὰν
752 2290 799 2335 τῇ
827 2291 893 2324 τοῦ
923 2291 1109 2336 ἀκροατοῦ
1139 2292 1288 2338 διανοίᾳ
1317 2292 1565 2338 παρεχόμενον
1595 2294 1662 2330 τοῦ

207 2338 223 2370 l
243 2344 357 2389 μηδὲν
380 2344 570 2390 διαφέρειν
601 2342 750 2391 ὁρισμὸν
783 2343 1003 2389 άποδείξεως
1037 2345 1074 2382 ἐκ
1097 2348 1165 2382 τοῦ
1187 2346 1324 2391 λέγειν,
1348 2345 1407 2383 ὅτι
1428 2346 1565 2384 ταῦτόν
1589 2348 1663 2385 ἐστι

242 2398 284 2435 τὸ
310 2401 347 2435 τί
369 2398 443 2436 ἐστι
463 2401 526 2435 καὶ
548 2398 612 2435 διὰ
634 2401 672 2435 τί
694 2399 800 2435 ἐστιν.
846 2402 898 2435 Id.

150 2457 226 2490 90b
334 2457 518 2492 δείκνυσιν
547 2455 654 2491 ἄλλον
687 2455 777 2491 ὄντα
807 2455 873 2491 τὸν
905 2455 1056 2503 ὁρισμὸν
1093 2456 1194 2503 παρὰ
1222 2455 1291 2502 τὴν
1326 2455 1535 2503 οἷπόδειξιν,
1571 2458 1662 2494 άλλά

206 2502 227 2534 5
244 2511 381 2555 μᾶλλον
404 2511 507 2557 παρὰ
530 2509 596 2546 τὸν
621 2511 856 2556 συλλογισμόν
880 2537 907 2546 ..
922 2539 930 2546 .
954 2513 994 2548 ἐκ
1016 2514 1085 2548 τοῦ
1115 2514 1251 2558 μᾶλλον
1278 2516 1439 2548 ποιεῖται
1468 2513 1537 2559 τὴν
1568 2513 1661 2550 άπό-

246 2566 360 2607 δειξιν
391 2565 474 2610 ἤτοι
503 2566 572 2611 τὴν
605 2566 835 2613 ἐπιχείρησιν.
892 2568 927 2603 εἰ
953 2567 1024 2614 γὰρ
1050 2567 1146 2610 εἶδος
1166 2569 1234 2604 τοῦ
1257 2570 1496 2614 συλλογισμοῦ
1518 2569 1543 2614 ἢ
1568 2567 1662 2605 άπό-

245 2621 372 2662 δειξις,
406 2620 478 2666 ἄρα
503 2622 542 2656 εἴ
562 2636 597 2657 τι
620 2624 685 2658 τοῦ
711 2620 797 2658 ὅλου
821 2621 948 2667 γένους
970 2623 1110 2669 δηλαδὴ
1135 2620 1203 2659 τοῦ
1224 2626 1464 2670 συλλογισμοῦ
1486 2623 1550 2660 τὸν
1573 2624 1662 2670 ὅρον

246 2675 444 2720 άλλοτριῶν
469 2674 704 2724 (άλλοτριοῦν
723 2679 816 2724 leg.)
843 2677 929 2722 ἐστί,
953 2679 1045 2715 πολὺ
1072 2679 1248 2727 πρότερον
1279 2677 1485 2727 άλλοτριοίη
1509 2680 1570 2716 καὶ
1594 2681 1662 2716 τοῦ

247 2731 389 2775 εἴδους,
420 2732 484 2775 τῆς
508 2731 738 2776 ἀποδείξεως.
785 2734 836 2767 Ῑᾱ.
