1838 3086
624 206 884 252 Aualytica
907 205 1079 251 priora.
1534 205 1616 249 485

552 303 616 346 Sit
636 310 840 358 punctum,
864 306 904 345 in
923 306 1148 358 quoium
1165 303 1353 358 trianguli
1380 304 1614 357 aequilateri

474 389 480 429 Ξ
552 370 811 415 conveniunt,
842 375 1022 408 centrum
1053 369 1215 418 circuli,
1253 368 1368 409 cuius
1393 369 1530 409 radius
1559 370 1614 409 sit

475 434 481 479 ξ
553 434 732 486 aequalis
770 433 885 472 lateri
912 433 1125 486 trianguli.'
1158 434 1237 473 lam
1267 433 1302 472 si
1331 433 1460 473 latera
1485 434 1614 473 trian-

475 484 482 560 ἓ
530 497 634 560 Jguli
660 510 735 549 per
763 499 943 536 centrum
982 498 1031 535 ad
1069 497 1434 538 circumferentiam
1461 496 1613 548 produ-

476 596 480 618 :
551 564 695 600 cuntur
731 566 774 600 et
811 561 939 600 lineae
974 561 1173 602 ducuntur
1201 576 1223 602 a
1250 562 1410 615 punctis
1437 561 1480 600 A
1506 565 1548 600 et
1574 561 1612 601 Β

475 623 479 630 ’
550 624 599 663 ad
620 638 667 664 ea
688 629 850 676 puncta,
875 625 914 663 in
943 625 1087 676 quibus
1115 627 1208 666 illae
1233 627 1365 665 lineae
1390 625 1612 677 productae

548 701 640 727 cum
681 687 1007 728 circumferentia
1047 691 1301 738 conveniunt,
1333 694 1452 729 erunt
1478 690 1612 743 anguli

147 749 244 797 A÷
258 751 302 792 Γ
316 769 379 784 =
398 750 572 797 B÷A:
599 765 689 791 nam
708 752 874 804 angulus
900 767 1019 805 quem
1049 754 1232 793 efficiunt
1258 752 1352 798 A÷
1368 753 1411 793 Γ
1432 754 1530 793 item
1550 759 1611 794 at-

146 829 225 868 que
260 816 426 868 angulus
462 829 581 867 quem
618 816 800 856 efficiunt
828 816 971 863 13†A
998 817 1252 857 semicirculo
1280 817 1438 863 nititur,
1467 817 1614 858 deiude

146 881 225 920 erit
253 881 418 932 angulus
450 881 636 931 F=A,
666 881 755 933 quia
782 885 955 932 uterque
983 882 1124 922 nititur
1150 883 1293 922 eadem
1321 881 1506 934 portione
1534 882 1611 921 cir-

145 945 449 985 cumferentiae.
497 945 607 997 Ergo
643 945 678 984 si
715 945 895 996 aequalia
932 946 1147 986 demuntur
1184 948 1234 986 ab
1262 945 1509 997 aequalibus,
1538 947 1614 985 erit

144 1010 311 1062 angulus
339 1009 516 1059 A=13,
547 1009 653 1062 quod
682 1014 768 1049 erat
796 1009 1167 1049 demonstrandum.
1205 1010 1274 1050 Sic
1302 1010 1434 1049 omnia
1461 1010 1613 1061 optime

144 1073 296 1113 habent
332 1075 512 1126 exceptis
550 1075 601 1113 iis
639 1087 741 1125 quae
782 1074 932 1112 uncinis
959 1074 1212 1122 inclusimus,
1250 1072 1327 1122 τὰς
1359 1075 1463 1123 ΕΖ;
1501 1078 1614 1125 patet

144 1137 252 1177 enim
275 1138 441 1188 angulos
463 1138 641 1190 reliquos
662 1150 734 1177 eos
754 1138 864 1189 ipsos
893 1150 998 1186 esse,
1026 1151 1128 1189 quos
1157 1139 1304 1178 litteris
1331 1140 1374 1178 A
1402 1142 1444 1178 et
1470 1138 1508 1177 Β
1537 1150 1614 1177 ηο-

144 1203 334 1241 tavimus:
373 1215 464 1242 nam
500 1203 580 1241 ista
619 1202 668 1241 ab
704 1203 927 1253 interprete
965 1203 1138 1253 quodam
1176 1207 1443 1255 praepostere
1478 1202 1615 1242 addita

145 1278 237 1306 esse
256 1270 298 1306 et
319 1278 386 1305 res
407 1267 494 1318 ipsa
516 1267 635 1308 docet
652 1271 693 1306 et
716 1266 898 1306 lectionis
927 1266 1100 1306 varietas
1130 1279 1246 1317 quam
1275 1269 1471 1319 praebent
1496 1266 1615 1306 codd.

147 1343 177 1370 n
204 1335 248 1369 et
277 1329 328 1380 d,
366 1343 534 1381 quorum
563 1331 629 1370 ille
658 1344 680 1369 a
707 1330 858 1380 vulgari
887 1330 1060 1371 lectione
1087 1331 1263 1379 recedit,
1299 1332 1366 1371 hic
1392 1330 1506 1383 prius
1534 1331 1613 1371 ha-

142 1395 229 1435 buit
254 1392 331 1443 τὰς
358 1392 424 1444 ἐξ,
453 1394 559 1446 quod
588 1399 720 1434 natum
749 1396 908 1434 videtur
936 1408 984 1435 ex
1012 1396 1063 1434 iis
1092 1408 1195 1447 quae
1221 1396 1406 1448 proxime
1435 1408 1611 1447 sequun-

144 1463 223 1507 tur,
251 1458 300 1500 τὸ
329 1455 384 1509 ἐξ,
412 1459 519 1499 unde
547 1458 845 1510 corruptionem
874 1463 1001 1498 ortam
1031 1472 1124 1498 esse
1150 1459 1237 1499 veri
1263 1460 1396 1499 simile
1415 1462 1490 1514 est.
1529 1458 1613 1499 Ne-

143 1536 223 1574 que
243 1530 376 1564 tamen
396 1537 485 1564 cum
514 1527 652 1562 nostra
680 1523 943 1574 explicatione
970 1528 1135 1576 pugnat,
1165 1524 1199 1562 si
1227 1524 1317 1574 quis
1345 1527 1481 1562 servet
1508 1535 1613 1574 quae

142 1588 259 1639 vulgo
301 1588 487 1641 leguntur
528 1583 604 1634 τὰς
640 1587 741 1634 ΕΖ,
772 1586 843 1625 sed
873 1587 1084 1626 dicendum
1115 1587 1194 1627 erit
1220 1588 1283 1626 his
1313 1587 1459 1627 litteris
1488 1587 1614 1626 deno-

142 1653 218 1692 tari
256 1665 327 1692 eos
364 1651 532 1704 angulos
568 1652 634 1703 qui
670 1655 850 1697 restent,
889 1651 926 1690 si
962 1651 1012 1690 ab
1041 1652 1197 1704 angulis
1226 1649 1374 1696 A-l-I'
1396 1655 1439 1691 et
1466 1649 1614 1697 B-l-A

144 1716 355 1756 demantur
383 1716 426 1755 Γ
446 1720 488 1754 et
514 1717 580 1762 A;
608 1715 709 1754 nihil
737 1715 840 1754 enim
877 1715 1046 1766 impedit
1072 1716 1167 1765 quin
1195 1716 1283 1755 aliis
1311 1716 1458 1755 litteris
1486 1716 1614 1756 notati

144 1780 223 1818 sint
251 1780 299 1818 ab
326 1780 559 1824 Aristotele,
589 1791 824 1829 quamquam
854 1791 900 1816 re
927 1790 1021 1816 vera
1049 1779 1170 1817 iidem
1200 1783 1294 1818 sunt
1321 1779 1392 1829 qui
1418 1779 1462 1818 A
1490 1783 1534 1819 et
1563 1780 1611 1829 Β,

141 1843 376 1897 praesertim
414 1856 536 1894 quum
565 1844 614 1883 ab
651 1842 763 1880 initio
798 1854 876 1880 non
905 1841 1074 1893 angulis,
1103 1842 1176 1880 sed
1203 1842 1397 1881 lateribus
1425 1844 1611 1895 trianguli

147 1907 383 1959 aequilateri
410 1907 565 1945 litteras
594 1906 636 1945 A
664 1910 706 1944 et
733 1905 770 1945 Β
798 1905 1043 1957 apposuerit.
1101 1906 1203 1945 Cum
1231 1906 1281 1945 iis
1310 1918 1412 1956 quae
1439 1907 1613 1948 diximus

145 1972 358 2012 convenire
381 1971 566 2010 videntur
592 1982 692 2022 quae
720 1970 844 2009 habet
863 1969 1132 2020 Philoponus:
1163 1969 1261 2008 dicit
1288 1970 1394 2008 enim
1425 1971 1513 2017 (fol.
1528 1973 1615 2011 62⁸

143 2036 210 2078 ed.
238 2034 340 2076 Ven.
370 2037 498 2082 1536)
530 2034 574 2074 Γ
597 2040 637 2072 et
666 2034 710 2073 A
737 2046 828 2072 esse
855 2031 930 2080 τὰς
956 2035 1037 2074 τοῦ
1063 2033 1281 2087 τμήματος
1309 2033 1494 2086 γωνίας,
1530 2035 1618 2076 ΑΓ

143 2105 187 2140 et
223 2100 307 2139 BA
339 2097 416 2147 τὰς
449 2100 531 2139 τοῦ
565 2096 848 2151 ἡμικυκλίου,
889 2099 933 2138 Ε
971 2102 1015 2137 et
1054 2099 1090 2138 Z
1125 2097 1201 2146 τὰς
1227 2100 1308 2139 τοῦ
1336 2097 1610 2152 ἰσοπλεύρου,

146 2177 390 2216 quamquam
419 2164 548 2215 figura
575 2167 641 2209 (ut
665 2165 704 2204 in
734 2163 824 2204 cod.
854 2162 902 2210 d)
931 2175 1010 2202 non
1038 2163 1178 2202 eadem
1207 2167 1286 2202 est.

250 2228 331 2267 Iam
380 2227 536 2278 singula
573 2240 843 2279 exponamus,
884 2240 964 2280 quo
1003 2227 1170 2278 patefiat
1204 2227 1331 2279 (quod
1371 2227 1612 2269 Aristoteles

142 2293 222 2332 hoc
259 2291 446 2343 exemplo
484 2292 700 2331 ostendere
737 2291 841 2338 vult)
884 2303 962 2331 non
989 2292 1079 2331 fieri
1107 2292 1506 2342 demonstrationem,
1535 2293 1613 2333 nisi

143 2356 180 2396 si
217 2355 313 2408 quid
351 2359 533 2395 sumatur
566 2354 800 2396 universale.
874 2355 917 2395 Si
959 2356 1046 2407 quis
1085 2360 1266 2395 sumeret
1305 2356 1423 2402 (dicit
1449 2369 1509 2396 vs.
1538 2359 1611 2404 16)

141 2420 330 2471 angulum
369 2420 412 2460 A
432 2417 475 2465 -l-
498 2419 543 2460 Γ
566 2436 628 2452 =
654 2419 692 2459 Β
714 2415 758 2463 ·l·
776 2420 821 2462 A
858 2432 937 2461 nou
971 2419 1159 2458 universe
1189 2419 1404 2459 admittens
1446 2420 1613 2472 angulos

143 2496 280 2526 omnes
308 2484 496 2535 aequales
523 2497 616 2524 esse
644 2496 744 2535 quos
773 2484 1064 2537 complectatur
1085 2484 1376 2534 semicirculus,
1411 2483 1558 2524 deiude
1579 2485 1614 2525 si

143 2554 311 2601 poneret
339 2549 457 2588 F=
479 2550 524 2588 A
560 2560 640 2588 non
677 2548 862 2588 universe
902 2559 1110 2587 assumens
1148 2560 1287 2587 omnes
1324 2548 1491 2600 angulos
1518 2561 1612 2589 esse

143 2613 332 2666 aequales
359 2613 426 2665 qui
457 2614 598 2652 eadem
631 2612 819 2664 portione
846 2611 1192 2652 circumferentiae
1218 2613 1408 2661 nitantur,
1437 2612 1613 2665 denique

144 2677 179 2717 si
207 2678 257 2719 ab
284 2678 366 2720 illis
393 2677 626 2728 aequalibus
654 2677 806 2728 angulis
835 2677 898 2723 (in
925 2676 1001 2715 hac
1030 2676 1159 2728 figura
1192 2676 1297 2723 sola)
1325 2676 1514 2729 aequales
1541 2690 1612 2717 re·

145 2746 255 2783 stare
288 2746 465 2784 sumeret
502 2741 648 2780 demtis
683 2740 938 2791 aequalibus,
979 2752 1112 2790 neque
1139 2744 1277 2780 tamen
1305 2730 1488 2782 universe
1514 2753 1615 2781 con-

145 2805 313 2847 eederet
332 2805 513 2859 aequalia
534 2808 687 2846 restare
715 2804 948 2855 aequalibus
976 2803 1124 2845 demtis
1150 2804 1202 2845 ab
1229 2804 1475 2902 aeilsualibus,
1503 2804 1613 2858 prin-

1325 2868 1346 2889 ,υ
