1838 3086
658 200 1037 235 Hermeneutica.
1526 199 1605 239 841

144 298 271 352 ligere
298 310 375 339 non
391 297 538 348 liceat,
565 303 609 339 ut
637 300 761 339 altera
790 299 1114 353 locumahabean
1150 296 1239 338 dari
1266 297 1428 338 debebit
1452 297 1606 350 aliquid

142 364 307 403 tertium
343 363 450 403 inter
488 363 796 403 affirmationem
837 368 878 402 et
918 364 1193 414 negationem,
1236 363 1343 414 quod
1381 375 1499 401 nemo
1528 363 1606 402 erit

141 428 208 478 qui
237 427 453 476 concedat3
482 428 644 477 deinde,
675 427 831 467 etiamsi
861 426 1036 474 daretur,
1065 432 1197 467 tamen
1226 427 1259 465 si
1287 425 1380 478 quid
1407 430 1520 475 recte
1546 426 1602 465 di-

143 492 247 530 citur
269 491 402 530 album
429 496 471 530 et
498 505 683 544 magnum
713 504 818 538 esse,
847 503 924 530 non
954 492 1124 543 amplius
1154 503 1203 530 ex
1225 504 1320 530 casu
1338 489 1490 543 pendet
1509 502 1603 528 num

140 555 271 594 album
310 555 364 594 sit
392 560 434 594 et
466 567 672 605 magnum,
702 560 746 593 ut
773 559 965 606 appareat
991 554 1053 592 vel
1082 555 1140 593 sic
1167 560 1301 594 tamen
1329 554 1415 593 t'olli
1444 566 1602 593 casum:

140 631 324 668 namque,
347 618 454 667 quod
489 630 618 669 neque
653 618 699 657 fit
737 631 973 670 nequevnon
1000 618 1070 665 fit,
1107 619 1148 657 id
1178 631 1257 657 non
1285 619 1333 656 fit
1361 617 1424 656 vel
1453 630 1529 656 non
1558 618 1605 655 fit

140 695 234 721 casu
257 686 297 720 et
315 681 497 721 fortuitu.
537 682 596 720 De
620 695 715 721 casu
737 695 770 720 v.
793 695 894 733 quae
914 682 1010 721 dicit
1028 684 1106 720 3:3⁷
1120 683 1176 721 b5
1198 681 1222 721 ὃ
1241 679 1322 734 μὲν
1341 679 1424 733 γὰρ
1447 677 1605 734 ἀληθὲς

139 744 272 786 εἰπεῖν
295 739 362 786 ὅτι
390 744 517 796 ἔσται,
544 745 612 786 δεῖ
635 748 765 786 τοῦτο
794 740 905 786 εἶναί
930 758 1032 786 ποτε
1059 743 1217 797 ἀληθὲς
1245 741 1311 786 ὅτι
1339 742 1475 786 ἔστιν·
1505 745 1529 785 ὃ
1557 742 1605 786 δὲ

138 812 224 851 νῦν
260 808 417 862 ἀληθὲς
457 810 590 851 εἰπεῖν
630 806 696 851 ὅτι
728 809 890 864 μέλλει,
929 809 1059 851 οὐδὲν
1093 809 1249 851 κωλύει
1285 809 1344 863 μὴ
1377 808 1603 863 γενέσθαι·

138 872 302 929 μέλλων
335 874 418 927 γὰρ
455 874 511 916 ἂν
528 874 734 927 βαδίζειν
769 890 832 923 τις
868 875 948 917 οὐκ
977 874 1032 916 ἂν
1059 874 1284 928 βαδίσειεν.
1311 871 1422 923 ὅλως
1447 873 1486 915 δ’
1515 870 1604 913 ἐπεὶ

138 936 350 992 ἐνδέχεται
382 937 475 980 ἔνια
511 941 599 980 τῶν
638 942 779 981 ὄντων
817 939 890 981 καὶ
925 938 984 993 μὴ
1019 935 1152 989 εἶναι,
1193 940 1327 994 δῆλον
1356 935 1423 980 ὅτι
1448 936 1521 980 καὶ
1548 936 1602 978 τὰ

139 1004 346 1056 γινόμενα
363 1003 499 1052 οὕτως
522 1002 600 1054 ἕξει
627 1003 700 1046 καὶ
730 1005 811 1046 οὐκ
840 1002 881 1054 ἐξ
909 1003 1098 1058 ἀνάγκης
1126 1007 1242 1046 τοῦτ’
1271 1003 1400 1046 ἔσται.
1453 1004 1602 1043 Casum

136 1082 212 1107 non
242 1070 461 1108 tollendum
493 1083 582 1109 esse
612 1071 812 1122 copiosius
841 1071 961 1108 docet
989 1072 1167 1109 1065a6
1189 1083 1299 1122 sqq„
1332 1069 1602 1108 1027829-

137 1133 239 1171 blo.
279 1133 384 1183 Quid
414 1133 540 1172 Stoici
582 1135 793 1173 statuerint
825 1135 876 1172 de
904 1133 967 1179 iis,
999 1148 1102 1185 quae
1132 1135 1183 1173 de
1211 1135 1331 1173 rebus
1362 1133 1508 1171 futuris
1538 1130 1602 1168 af-

83 1248 86 1252 ’
136 1197 345 1235 firmantur
372 1203 414 1236 et
442 1204 646 1248 negantur,
674 1212 709 1237 v.
739 1198 866 1236 schol.
882 1200 1005 1236 88³8
1034 1211 1120 1249 sqq.
1138 1221 1188 1227 -—
1216 1198 1312 1236 Post
1334 1192 1603 1246 utrumque-el

138 1258 185 1300 δὲ
211 1261 353 1300 Pacius
388 1262 554 1313 intelligi
591 1263 674 1300 vult
711 1260 868 1313 ἀληθὲς
906 1260 1038 1302 εἰπεῖν
1078 1257 1164 1311 ὅτι,
1204 1263 1311 1314 quod
1346 1261 1485 1299 durius
1525 1263 1600 1298 est.

138 1325 257 1374 Quod
295 1326 328 1363 si
361 1326 554 1365 voluisset
583 1327 848 1373 Aristoteles,
884 1332 997 1366 certo
1035 1328 1205 1366 dixisset
1233 1324 1268 1365 εἰ
1296 1322 1342 1365 δὲ
1370 1319 1436 1365 ὅτι
1462 1321 1600 1373 ὑπάρ-

138 1387 198 1437 ξει
217 1418 228 1429 .
251 1419 262 1430 .
285 1419 295 1429 .
317 1395 360 1428 et
387 1387 423 1428 εἰ
452 1387 498 1429 δὲ
527 1384 592 1430 ὅτι
618 1390 722 1443 μήτε
743 1420 752 1429 .
777 1420 786 1429 .
811 1421 820 1429 .
842 1391 994 1431 Verum
1031 1392 1095 1430 his
1134 1404 1211 1430 non
1240 1403 1339 1440 opus
1369 1392 1445 1427 est.
1498 1388 1600 1426 Bre-

138 1454 226 1492 vius
264 1453 368 1491 enim
412 1454 512 1492 dixit
552 1453 588 1494 εἰ
626 1453 671 1495 δὲ
710 1454 889 1505 ὑπάρξει
925 1470 998 1508 pro
1038 1454 1075 1494 εἰ
1111 1453 1155 1495 δὲ
1190 1452 1346 1506 ἀληθὲς
1374 1451 1506 1492 εἰπεῖν
1534 1445 1601 1491 ὅτι

136 1514 336 1566 ὑπάρξειε
372 1531 462 1556 nam
501 1519 670 1558 alterum
710 1527 848 1559 utrum
886 1533 935 1559 ex
964 1520 1091 1560 altero
1120 1520 1398 1569 consequitur:
1427 1529 1600 1567 namque

134 1583 239 1633 quod
269 1582 330 1629 fit,
360 1583 400 1620 id
428 1589 540 1622 recte
569 1584 714 1622 dicitur
742 1584 852 1631 fieri,
881 1587 922 1622 et
961 1584 1007 1622 fit
1034 1584 1142 1633 quod
1171 1588 1282 1621 recte
1310 1581 1456 1620 dicitur
1484 1580 1598 1618 fieri:

132 1646 241 1684 unde
268 1649 378 1696 patet
405 1648 604 1694 quomodo
636 1647 784 1685 sactum
816 1649 880 1694 sit,
910 1653 956 1686 ut
983 1646 1237 1695 Aristoteles,
1267 1659 1389 1697 quum
1419 1645 1598 1683 dicturus

136 1712 226 1747 erat
253 1708 558 1758 „Quodcunque
591 1708 680 1745 fieri
714 1714 826 1746 recte
855 1710 1024 1754 dicitur,
1063 1710 1102 1747 id
1141 1711 1300 1748 evenire
1337 1708 1502 1747 debebit
1538 1708 1599 1746 sic

135 1777 179 1811 ut
206 1778 318 1810 recte
346 1770 494 1808 dictum
516 1771 618 1819 est”,
639 1771 784 1809 dixerit
808 1771 914 1820 quod
940 1772 1033 1810 inde
1066 1773 1326 1822 consequitur
1353 1771 1599 1819 „Quodcun-

135 1849 214 1886 que
242 1834 375 1873 evenit
402 1834 481 1872 tale
509 1835 735 1872 necessario
764 1847 857 1872 esse
884 1835 1047 1874 debebit
1075 1836 1192 1884 quale
1219 1836 1340 1876 erit’'.
1378 1834 1499 1884 Unde
1529 1847 1598 1885 ap-

133 1903 250 1952 paret
286 1898 385 1936 ferri
424 1909 502 1934 non
539 1910 659 1948 posse
696 1895 867 1948 ὑπάρξει
909 1899 1015 1949 quod
1056 1900 1168 1937 dedit
1197 1900 1295 1939 Bkk.
1326 1912 1382 1937 vs.
1410 1900 1464 1937 22
1493 1898 1598 1948 opti-

133 1974 288 2002 morum
327 1959 511 1998 codicum
550 1961 731 2011 neglecta
769 1963 1023 2002 auctoritate.
1086 1962 1236 2002 Nostra
1275 1963 1399 2002 lectio
1438 1958 1597 2012 (ὑπάρ-

134 2024 239 2076 ξειν)
279 2029 320 2062 et
355 2023 395 2067 in
436 2025 620 2063 versione
661 2026 881 2064 Boetbiana
914 2031 1000 2076 est,
1038 2038 1129 2065 cum
1168 2040 1246 2078 qua
1283 2028 1403 2066 etiam
1442 2026 1598 2076 αὔριον

134 2103 191 2129 vs.
221 2089 273 2127 24
301 2094 394 2138 post
421 2088 666 2141 ναυμαχίαν
693 2090 939 2143 malerinum,
983 2094 1024 2128 et
1061 2091 1103 2130 in
1131 2096 1210 2132 vet.
1241 2092 1339 2142 intp.
1371 2091 1439 2129 lat.
1468 2091 1595 2129 Prae-

132 2160 244 2193 terea
279 2155 372 2189 ante
409 2151 445 2190 εἰ
479 2166 535 2190 vs,
566 2156 617 2192 21
658 2167 812 2192 comma
853 2154 1063 2205 posuimus
1102 2155 1405 2207 perspicuitatis
1445 2155 1594 2205 gratiaz

133 2231 222 2256 nam
252 2214 318 2254 δεῖ
340 2217 603 2266 repetendum
634 2219 712 2256 erit
741 2218 789 2255 ad
818 2216 1022 2268 ὑπάρξειν
1050 2232 1098 2258 ex
1127 2219 1470 2257 antecedentibus.

83 2283 232 2323 18b29
258 2277 394 2331 μηδὲν
422 2277 468 2319 δὲ
491 2310 501 2320 .
525 2311 535 2321 .
559 2311 569 2321 .
592 2281 854 2332 Explicantur
891 2283 954 2321 his
992 2296 1094 2334 quae
1133 2283 1234 2333 dixit
1271 2295 1327 2321 vs.
1366 2285 1419 2320 26
1457 2284 1593 2322 ταῦτα

132 2342 206 2387 καὶ
233 2347 412 2384 τοιαῦτα
440 2341 575 2394 ἕτερα.
769 2395 772 2398 ‚
1344 2387 1347 2389 ,
1440 2368 1444 2370 -
1491 2365 1496 2368 ·

83 2414 133 2451 18
147 2413 233 2451 bal
249 2411 291 2449 Si
306 2407 539 2447 'necessaria
561 2412 654 2448 sunt
669 2411 814 2460 omnia,
830 2412 1045 2452 absurdum
1068 2416 1131 2452 est
1144 2415 1403 2452 nosenostro
1424 2411 1591 2450 arbitrio

134 2475 349 2527 quidquam
379 2487 499 2526 agere
527 2474 629 2512 velle
654 2475 715 2513 vel
735 2475 912 2527 efficere,
941 2483 986 2516 ut
1000 2478 1076 2516 hoc
1094 2477 1262 2524 eveniat,
1291 2476 1323 2512 si
1346 2474 1444 2512 illud
1465 2475 1590 2514 facia-

134 2541 237 2585 mus,
266 2539 327 2576 vel
357 2538 390 2575 si
421 2539 663 2586 omittamus,
693 2544 740 2578 ut
765 2553 843 2578 non
864 2543 1020 2579 eveniat
1041 2546 1085 2587 (e
1108 2543 1246 2579 nostro
1269 2544 1399 2576 autem
1426 2539 1590 2578 arbitrio

133 2603 327 2653 quaedam
356 2603 534 2653 pendere
563 2607 608 2640 ut
629 2616 862 2643 concessum
884 2606 1018 2648 sumit,
1049 2618 1171 2655 quare
1192 2604 1391 2641 1112a18
1403 2615 1488 2654 sqq.
1512 2615 1591 2642 non

135 2666 291 2717 quaerit
310 2665 495 2719 πότερον
517 2663 603 2706 ἔστι
624 2664 762 2719 βουλὴ
782 2665 810 2720 ἢ
832 2669 907 2715 οὕς
935 2669 1008 2707 sed
1036 2669 1199 2722 <quaerit
1230 2665 1513 2718 βουλεύονται
1544 2665 1591 2706 δὲ

134 2728 293 2790 πότερα
326 2729 420 2783 περὶ
456 2730 633 2773 πάντων
660 2729 733 2773 καὶ
760 2736 848 2778 πᾶν
875 2731 1115 2785 βουλευτόν
1141 2730 1257 2786 ἐστιν
1283 2729 1311 2784 ἢ
1337 2728 1435 2783 περὶ
1461 2727 1591 2773 ἐνίων
