1838 3086
602 181 858 228 Analytien
892 180 1063 227 priora.
1518 181 1600 222 423

137 280 297 320 codices
326 280 450 320 nostri
478 281 675 333 praebent
703 294 842 320 omnes
870 285 1042 332 excepto
1069 293 1122 330 n,
1158 279 1225 332 qui
1253 291 1343 319 cum
1371 278 1598 319 Alexandro

138 350 180 384 et
207 346 378 385 Boethio
406 345 527 384 habet
553 345 851 396 καταφάσεων.
905 346 1032 385 Hanc.
1054 346 1174 397 igitur
1199 343 1413 383 lectionem
1440 348 1597 394 praetu-

138 410 254 449 limus
288 415 327 448 et
359 415 523 461 propter
544 411 820 461 antiquitatem
845 422 921 459 qua
944 410 1246 448 commendatur
1264 411 1304 446 et
1322 412 1490 459 propter
1511 421 1597 446 ma-

135 474 262 512 iorem
293 474 569 512 difficultatem
608 487 724 525 quam
762 473 907 512 habet:
947 486 1072 524 quare
1110 473 1193 512 veri
1231 471 1401 511 similius
1430 475 1494 510 est
1521 485 1596 511 κα-

135 536 365 587 ταφάσεων
392 540 587 576 mutatum
615 550 706 576 esse
746 538 786 575 in
823 536 1000 589 φάσεων
1037 551 1155 588 quam
1184 549 1277 576 eum
1304 537 1373 587 qui
1402 537 1600 588 repererit

137 601 313 653 φάσεων
341 600 595 640 scribendum
625 601 827 654 putavisse
856 601 1154 652 καταφάσεων.
1212 601 1320 639 ldem
1352 605 1415 639 est
1441 613 1497 638 vs.
1522 602 1596 639 212

135 677 225 704 uam
274 670 353 704 vet.
404 665 503 714 intp.
542 664 662 702 vertit
707 667 935 715 „oppositis
974 665 1366 712 affirmationibus'',
1404 665 1597 703 Boethius

136 730 438 780 „oppositarum
466 727 828 775 affirmationum”‚
869 742 959 768 cum
989 731 1133 780 quibus
1171 729 1354 767 convenit
1389 729 1496 780 quod
1523 729 1597 767 ha-

135 795 222 832 buit
267 792 506 832 Alexander.
586 792 755 830 Accedit
798 794 903 844 quod
955 794 1072 832 facile
1119 798 1183 831 est
1214 792 1265 830 ad
1300 792 1596 844 explicandum,

136 857 336 909 quomodo
359 857 397 894 in
429 860 660 894 contextum
690 855 930 907 irrepserint
958 870 1061 908 quae
1089 857 1252 895 codices
1281 857 1488 908 praebent.
1526 856 1597 896 Vi-

136 921 284 960 delicet
306 918 589 971 καταφάσεων
608 924 805 958 mutatum
826 926 890 958 est
914 922 954 960 in
984 919 1276 970 ἀποφάνσεων
1295 922 1343 960 ab
1365 921 1412 959 iis
1431 920 1598 971 quinon

135 991 214 1023 tam
243 985 293 1022 de
316 983 647 1022 affirmationibus
677 996 795 1034 quam
825 984 875 1023 de
902 986 1238 1024 enuntiationibus
1257 985 1513 1023 Aristotelem
1539 983 1597 1022 lo-

136 1050 202 1100 qui
216 1052 421 1099 putarent3
447 1060 563 1096 quam
581 1046 744 1097 quidem
757 1048 982 1098 opinionem
996 1049 1115 1087 etiam
1129 1048 1396 1087 Alexandrum
1407 1047 1598 1086 habuisse

134 1112 331 1156 videmus,
357 1112 425 1160 qui
465 1122 523 1151 vs.
552 1113 576 1149 3
605 1109 888 1161 καταφάσεων
918 1126 991 1164 pro
1020 1112 1195 1164 φάσεων
1222 1112 1371 1150 dictum
1400 1124 1493 1149 esse
1521 1123 1597 1162 pu-

136 1179 217 1215 tat:
246 1189 270 1214 e
298 1175 471 1213 lectione
491 1175 639 1226 vulgari
660 1189 733 1226 per
759 1177 946 1215 mendum
976 1183 1069 1216 nata
1097 1182 1160 1216 est
1188 1176 1308 1215 lectio
1335 1173 1599 1226 ἀποφάσεων

135 1241 228 1291 (s),
257 1239 350 1277 dum
376 1238 439 1277 alii
461 1251 532 1289 pro
561 1240 832 1278 enuntiatione
860 1240 948 1291 ipsa
977 1241 1062 1279 eius
1090 1251 1234 1291 genera
1265 1240 1500 1278 nominanda
1523 1251 1597 1291 pu-

134 1308 290 1350 tarent,
330 1307 371 1341 ut
399 1303 622 1341 scriberent
659 1302 944 1354 καταφάσεων
977 1303 1050 1345 καὶ
1086 1303 1348 1355 ἀποφάσεων
1378 1306 1462 1351 (n),
1492 1303 1599 1343 unde

134 1368 201 1406 alii
230 1367 403 1416 denique
430 1372 690 1406 correxerunt
717 1366 1000 1418 ἀντιφάσεων.
1045 1370 1230 1408 Nostram
1261 1369 1470 1406 lectionem
1493 1379 1552 1408 νε.
1571 1369 1597 1405 4

137 1436 180 1470 et
207 1433 257 1469 21
288 1431 536 1469 retinendam
577 1444 692 1479 esse,
733 1433 767 1471 si
794 1433 940 1472 habeat
968 1447 1047 1484 quo
1076 1434 1297 1485 explicetur
1310 1444 1327 1479 ‚⁷
1363 1443 1480 1469 nemo
1508 1431 1597 1479 erit,

135 1495 302 1547 opinor,
342 1495 436 1545 quin
473 1496 686 1542 concedat3
728 1502 769 1535 et
806 1510 864 1535 vs.
893 1499 945 1536 21
975 1499 1134 1547 quidem
1166 1497 1285 1535 lectio
1313 1493 1598 1545 καταφάσεων

133 1572 211 1598 non
251 1558 380 1597 solum
419 1570 539 1597 sensu
574 1571 652 1597 non
690 1565 820 1609 caret,
869 1561 942 1599 sed
979 1562 1175 1610 optimum
1217 1573 1376 1599 sensum
1417 1560 1596 1610 praebet.

134 1622 243 1662 Dixit
279 1621 383 1660 enim
422 1634 479 1661 vs.
513 1623 562 1659 14
590 1635 648 1672 sq.
678 1636 808 1675 neque
847 1624 937 1663 fieri
966 1625 1241 1676 syllogismum
1266 1626 1348 1664 τοῦ
1374 1621 1433 1675 μὴ
1460 1621 1598 1674 ὑπάρ-

136 1699 225 1739 χειν
253 1698 382 1736 neque
409 1687 490 1725 τοῦ
519 1683 560 1734 ἐξ
588 1685 778 1739 ἀνάγκης
805 1686 863 1740 μὴ
892 1686 1112 1739 ὑπάρχειν,
1142 1702 1199 1725 vs.
1232 1690 1282 1726 18
1310 1689 1497 1740 probavit
1524 1692 1597 1726 ne-

136 1764 214 1803 que
250 1748 543 1788 conclusionem
586 1763 677 1789 esse
714 1765 834 1803 posse
872 1754 953 1791 τοῦ
994 1750 1238 1803 ἐνδέχεσθαι
1275 1749 1334 1803 μὴ
1370 1749 1596 1803 ὑπάρχειν;

136 1827 259 1866 quare
286 1826 342 1851 vs.
371 1813 421 1850 21
460 1812 516 1849 sic
551 1815 708 1865 pergit:
740 1829 899 1866 „neque
928 1829 1023 1854 vero
1050 1816 1362 1854 affirmationum
1391 1816 1598 1867 opposita-

134 1892 226 1919 rum
255 1877 314 1922 (h.
347 1890 381 1915 e.
408 1878 489 1916 τοῦ
519 1874 560 1925 ἐξ
587 1876 777 1931 ἀνάγκης
810 1878 1041 1931 ὑπάρχειν,
1078 1882 1158 1919 τοῦ
1195 1877 1404 1930 ὑπάρχειν
1440 1885 1481 1918 et
1517 1880 1598 1919 τοῦ

137 1940 382 1993 ἐνδέχεσθαι
420 1939 646 1992 ὑπάρχειν)
684 1944 943 1995 syllogismus
973 1945 1059 1982 fieri
1090 1944 1259 1995 poterit,
1302 1944 1486 1993 quoniam
1525 1942 1597 1981 de-

135 2011 396 2048 monstratum
419 2011 594 2044 estesse
621 2006 827 2054 terminos,
846 2008 1064 2047 secundum
1096 2020 1196 2058 quos
1223 2003 1272 2046 τὸ
1301 2007 1384 2046 ΒΓ
1407 2018 1500 2045 esse
1525 2007 1598 2045 de-

137 2073 254 2112 beret
292 2066 333 2118 ἐξ
369 2067 559 2120 ἀνάγκης
596 2068 674 2120 οὐχ
707 2068 921 2122 ὑπάρχον,
954 2085 1031 2122 quo
1069 2079 1150 2110 tres
1186 2071 1278 2109 illae
1306 2070 1598 2109 affirmationes

133 2133 368 2176 tolluntur'’.
394 2133 506 2182 Quae
534 2146 654 2183 quum
683 2134 738 2172 ita
766 2136 860 2183 sint,
889 2136 1052 2173 dubium
1087 2147 1179 2172 esse
1209 2135 1274 2172 vix
1301 2135 1464 2186 poterit,
1493 2146 1598 2184 quo-

136 2200 256 2239 modo
294 2197 415 2235 lectio
451 2196 736 2248 καταφάσεων
771 2211 829 2238 vs.
857 2199 883 2235 4
919 2198 1152 2250 explicanda
1182 2199 1232 2236 sit
1260 2203 1301 2236 et
1330 2197 1596 2236 defendenda.

137 2263 355 2312 Postquam
394 2261 498 2299 enim
537 2261 715 2300 ostendit
752 2274 809 2299 vs.
838 2263 864 2300 2
901 2275 978 2300 non
1008 2262 1095 2300 fieri
1124 2261 1402 2313 syllogismum
1430 2263 1510 2300 τοῦ
1538 2259 1598 2314 μὴ

137 2325 366 2377 ὑπάρχειν,
419 2325 555 2364 adiicit
602 2338 732 2376 neque
768 2325 890 2377 igitur
930 2318 1112 2364 concludi
1153 2331 1273 2375 posse
1311 2324 1597 2364 affirmationes

140 2391 344 2442 oppositas
391 2389 535 2433 (intell.
564 2391 622 2439 τῷ
650 2385 707 2440 μὴ
734 2386 985 2441 ὑπάρχειν);
1015 2402 1102 2427 nam
1133 2403 1154 2427 a
1183 2391 1235 2427 30
1263 2402 1322 2439 sq.
1350 2388 1429 2427 iam
1458 2389 1597 2427 termi-

137 2467 210 2495 nos
240 2453 465 2505 proposuit,
498 2453 566 2503 qui
598 2453 813 2492 ostendunt
841 2454 936 2492 nibil
964 2465 1087 2504 posse
1114 2453 1245 2503 colligi
1273 2453 1382 2503 quod
1409 2452 1596 2492 affirmet.

87 2520 209 2559 38b5
237 2516 464 2565 ἀνάπαλιν,
491 2517 531 2556 h.
562 2529 597 2556 e.
627 2517 662 2555 si
690 2519 909 2570 propositio
938 2517 1065 2555 maior
1093 2518 1264 2556 sumitur
1283 2517 1511 2556 necessario
1533 2517 1595 2556 af-

138 2583 317 2622 firmans.
771 2619 774 2621 Α

89 2648 176 2687 381)
190 2649 242 2685 13
266 2644 316 2686 τὸ
345 2643 614 2696 στερητικόν,
652 2644 693 2683 h.
724 2658 760 2687 e.
798 2645 847 2686 τὸ
875 2642 917 2693 ἐξ
944 2641 1134 2694 ἀνάγκης
1161 2641 1219 2695 μὴ
1247 2640 1465 2694 ὑπάρχειν.
1519 2643 1597 2682 Est

142 2709 359 2750 discrimen
384 2711 488 2750 inter
516 2708 762 2762 στερητικὸν
788 2715 830 2749 et
851 2707 1134 2760 ἀποφατικόν.
1171 2708 1273 2749 Nam
1293 2707 1483 2763 quidquid
1500 2720 1595 2759 pro—

147 2773 279 2815 fertur
305 2788 396 2815 cum
424 2776 660 2828 negatione,
696 2774 740 2814 id
767 2774 915 2815 dicitur
942 2770 1191 2826 στερητικόν
1219 2776 1274 2820 (v,
1295 2786 1331 2813 e.
1351 2782 1390 2826 g.
1410 2774 1594 2821 391222),
