1760 3112
254 190 307 229 28
413 164 416 166 Β
575 192 635 225 De
666 189 916 224 codicibus
945 187 1140 233 graecis
1163 187 1350 232 Organi.

256 283 364 321 οὖσία
390 284 501 321 ποιὸν
529 285 646 321 ποσὸν
674 284 765 331 πρός
797 297 835 319 τι
852 282 927 319 ποὺ
955 283 1045 318 ποτε
1068 284 1215 318 κεῖσθαι
1243 281 1339 328 ἔχειν
1359 283 1479 317 ποιεῖν
1505 281 1668 326 πάσχειν.

255 343 377 377 ταῦτα
401 340 440 377 δὲ
465 339 638 377 ἐκάλεσαν
673 338 775 375 ἄλλοι
805 338 870 384 μὲν
893 337 1024 380 ἄλλως,
1056 336 1293 385 Ἀριστοτέλης
1316 337 1356 373 δὲ
1378 336 1398 373 ὁ
1423 340 1672 382 Περιπατητι-

256 396 321 437 κός
344 396 431 432 δέκα
453 397 673 442 κατηγορίας
697 394 761 430 διὰ
784 392 826 430 τὸ
851 394 945 429 κατά
975 406 1075 434 τινος
1105 393 1316 439 πράγματος
1339 390 1583 438 ἀγορεύεσθαι
1605 392 1671 436 (cf.

258 454 428 498 Πορφυρ.
453 449 549 486 κατὰ
561 452 690 486 πεῦσιν
708 448 775 484 καὶ
799 448 931 495 οἱπόκρ.
949 451 1004 484 ed.
1026 450 1139 484 Paris.
1159 448 1257 485 1543.
1281 449 1315 482 4.
1340 449 1402 482 fol.
1421 449 1507 492 zb).
1541 447 1615 483 ἔστι
1631 446 1671 482 δὲ

255 507 280 553 ἦ
304 506 370 553 μὲν
395 504 506 542 οὕσίοι
528 505 621 540 κατὰ
645 504 686 540 τὸ
710 505 766 548 τί,
801 502 842 540 τὸ
867 504 908 540 δὲ
929 504 1039 539 ποιὸν
1063 505 1157 539 κατὰ
1179 503 1248 549 τὴν
1272 501 1393 546 ἰδέαν,
1424 502 1466 537 τὸ
1492 502 1532 538 δὲ
1555 500 1672 537 ποσὸν

255 561 351 598 κατὰ
373 562 414 598 τὸ
438 563 596 605 πλῆθος,
618 559 659 595 τὸ
685 559 725 595 δὲ
743 559 815 594 πού
838 557 933 595 κατὰ
956 559 1081 604 τόπον,
1104 558 1145 595 τὸ
1172 559 1211 594 δὲ
1234 558 1328 604 πρός
1351 572 1386 593 τι
1410 556 1504 593 κατὰ
1526 556 1673 603 σύγκρι-

257 630 337 660 σιν,
360 617 401 653 τὸ
427 616 467 652 δὲ
490 615 579 651 ποτὲ
603 613 697 651 κατὰ
720 614 852 662 χρόνον
867 641 876 657 ,
899 614 940 650 τὸ
966 615 1007 650 δὲ
1029 617 1176 650 κεῖσθαι
1201 614 1293 649 κατὰ
1317 613 1385 659 τὴν
1408 612 1542 658 σχέσιν,
1566 611 1607 648 τὸ
1632 611 1673 648 δὲ

257 674 350 718 ἔχειν
373 671 468 707 κατὰ
503 669 572 715 τὴν
606 672 832 717 πρόσληψιν,
864 669 906 706 τὸ
940 668 980 705 δὲ
1012 674 1133 706 ποιεῖν
1162 669 1256 706 κατὰ
1286 669 1328 705 τὸ
1352 669 1526 715 ἐνεργεῖν,
1555 667 1600 703 τὸ
1633 668 1673 702 δὲ

257 727 410 772 πάσχειν
432 725 528 762 κατὰ
550 726 592 761 ‘ni
616 725 852 772 ἐνεργεῖσθαι.
898 722 988 772 Ἰδίᾳ
1012 725 1077 770 μἐν
1101 720 1168 761 οὖν
1189 723 1332 760 τούτων
1365 724 1518 760 ἕκαστον
1551 720 1674 763 οἶτελὲς

257 784 319 819 καὶ
341 782 436 818 κατὰ
458 781 526 827 τὴν
549 779 678 827 φωνὴν
700 782 761 817 καὶ
785 779 881 816 κατὰ
903 780 944 816 τὸ
969 780 1254 825 σημαινόμενον,
1287 777 1334 816 δι’
1359 778 1522 824 ἀλλήλων
1546 778 1586 814 δὲ
1610 789 1672 822 ση-

257 840 380 884 μαίνει
400 837 524 873 ποὶντα
544 837 609 872 καὶ
638 837 730 881 μετὰ
753 835 926 881 ἀλλήλων.
972 838 1188 880 (Sequuntur
1211 838 1375 880 exempla
1397 836 1552 869 omnium
1576 837 1675 868 cate-

258 893 472 941 goriarum.)
535 892 677 928 τούτων
714 892 862 927 πάντων
903 891 1159 927 συνελθόντων
1198 890 1306 926 οὐσία
1346 889 1575 925 ἀποτελεῖται
1612 889 1676 924 καὶ

257 951 406 996 πρᾶγμα
429 947 690 992 ὑποκείμενον,
714 947 795 983 οἷον
819 949 930 987 ἰ’ππος
954 946 1064 987 καλὸς
1094 944 1206 990 μέγας
1227 945 1267 981 ἐν
1289 946 1411 992 Λυκίῳ
1435 945 1523 991 χθὲς
1555 945 1677 985 καλῶς

257 1004 541 1050 κεχαλινωμὲνος
565 1003 722 1047 εἱστήκει
747 1029 773 1038 ..
787 1028 795 1036 .
821 1001 919 1037 αὐτὰ
943 1002 983 1037 δὲ
1004 1001 1052 1036 τὰ
1085 1002 1174 1037 δέκα
1197 1002 1249 1042 εἰς
1272 999 1341 1037 δύο
1365 1001 1477 1036 πάλιν
1500 999 1676 1045 οἶνοὲγεται

259 1059 434 1105 δυνάμεις
456 1060 508 1101 εἴς
527 1072 567 1094 τε
589 1057 658 1103 τὴν
681 1056 811 1094 οὐσίαν
833 1058 894 1094 καὶ
919 1060 972 1098 εἰς
995 1057 1042 1093 τὰ
1063 1057 1316 1104 συμβεβηκότα
1337 1058 1382 1103 τῇ
1405 1054 1525 1103 οὐσίᾳ.

349 1434 392 1467 In
409 1432 556 1466 scholiis
575 1441 597 1465 a
613 1431 800 1466 Brundisio
819 1431 864 1464 nd
884 1430 961 1464 Cat.
979 1430 1148 1464 Hermen.
1167 1431 1203 1463 et
1218 1429 1320 1463 Anal.
1341 1439 1394 1473 pr.
1412 1429 1570 1464 collectis
1585 1430 1678 1464 haec

260 1490 425 1524 videntur
440 1488 662 1532 corrigenda.
689 1489 733 1520 30
747 1500 765 1520 a
778 1486 922 1530 7(quod
933 1486 1083 1519 Brandis
1093 1485 1169 1528 ipse
1187 1484 1360 1518 indicavit
1373 1484 1493 1518 Abhh.
1503 1486 1567 1518 der
1578 1486 1676 1519 Berl.

261 1544 481 1580 Akad.1833.
505 1543 773 1586 Hist.·phil.Kl.
785 1555 820 1586 p.
831 1541 899 1574 277
909 1541 998 1583 not.)
1008 1541 1200 1585 legendum
1207 1544 1260 1574 est
1273 1539 1307 1574 οἱ
1319 1538 1359 1575 δὲ
1372 1537 1442 1585 πρὸ
1460 1541 1533 1575 τῶν
1543 1539 1679 1584 τόπων,

261 1599 310 1640 οὖς
319 1596 514 1644 ’Ἄδραστος
531 1596 551 1633 ὁ
566 1596 659 1643 Ἀφρ.
686 1596 706 1632 ὁ
726 1600 867 1642 Hegias„
887 1597 923 1631 οἱ
946 1595 985 1630 δὲ
1008 1595 1092 1641 περὶ
1115 1595 1187 1629 τῶν
1203 1593 1369 1630 καθόλου
1390 1594 1517 1640 λόγων,
1542 1595 1591 1636 ὥς
1605 1593 1679 1641 Ἀρ-

261 1654 373 1701 κῦτας
396 1651 416 1689 ὁ
449 1656 689 1699 Ταραντῖνοςς
723 1654 847 1687 38a34
880 1652 919 1687 αἱ
948 1651 1087 1696 φωναί]
1111 1653 1175 1694 τῆς
1197 1651 1340 1694 φωνῆςς
1365 1652 1407 1685 49
1419 1652 1494 1685 1228
1516 1652 1618 1686 πᾶσα
1633 1668 1679 1678 ·-·

261 1713 305 1746 29
329 1710 517 1755 σημαίνειν
535 1709 733 1743 Aristotelis
756 1709 870 1742 verba
893 1712 990 1749 sunt,
1013 1719 1081 1740 non
1104 1706 1301 1746 Ammonii3
1323 1706 1371 1740 ib.
1397 1707 1440 1740 33
1463 1706 1680 1752 παρέλκεται

260 1768 296 1802 in
320 1769 522 1800 contextum
543 1765 784 1808 recipiendum
808 1767 881 1805 est,
907 1764 1001 1806 quod
1024 1763 1132 1796 Aldus
1154 1762 1227 1795 iam
1251 1761 1346 1794 dedit
1368 1761 1404 1794 in
1427 1762 1482 1795 ed.
1501 1763 1680 1796 Ammonii

259 1824 345 1857 Ven.
369 1820 459 1855 15⁰3
482 1820 570 1862 fol„
600 1820 693 1853 unde
717 1822 814 1863 patet
837 1819 872 1852 in
896 1819 950 1852 ed.
974 1819 1059 1851 Ven.
1083 1815 1172 1851 1545
1196 1828 1259 1860 per
1282 1817 1501 1861 typographi
1523 1828 1680 1851 errorem

258 1878 445 1921 irrepsisse
469 1875 712 1919 παρέδεκταις
743 1876 786 1908 64
808 1875 829 1907 b
855 1876 895 1908 14
920 1884 1010 1917 quae
1034 1873 1240 1917 Simplicius
1269 1874 1383 1907 habet
1414 1872 1449 1905 in
1472 1873 1582 1917 Phys.
1605 1873 1681 1907 sine

260 1933 368 1968 dubio
401 1931 638 1975 praeferenda
665 1934 762 1971 sunt,
801 1930 832 1963 si
864 1929 1005 1972 quidem
1036 1929 1146 1962 etiam
1178 1940 1230 1962 vs.
1257 1930 1298 1963 17
1322 1928 1562 1971 Νικομήδους
1584 1931 1680 1962 reete

259 1987 415 2032 legitur3
447 1987 487 2020 91
506 1986 527 2017 b
547 1986 591 2018 38
622 1986 815 2029 legendum
849 1987 901 2018 est
932 1983 992 2025 ηα’
1023 1982 1086 2017 καὶ
1109 1983 1161 2018 ἔτι
1185 1985 1252 2018 τοῦ
1275 1982 1331 2028 βη’
1355 1982 1416 2017 καὶ
1439 1981 1580 2027 ηγ’·καὶ
1602 1981 1681 2027 ηδ’;

260 2043 310 2076 il».
334 2033 377 2076 3‘9
402 2044 438 2074 et
459 2041 503 2074 42
528 2039 586 2084 «κη’
611 2040 678 2082 ηδ’.
724 2041 827 2073 Haec
849 2039 900 2072 ita
924 2038 1136 2084 corrigenda
1168 2050 1245 2072 esse
1276 2042 1425 2082 apparet
1441 2040 1498 2072 'cx
1522 2039 1565 2073 iis
1588 2050 1680 2082 quae

261 2098 539 2142 praecesserunt.
571 2095 734 2129 *Ei-roris
769 2095 871 2139 origo
901 2094 1040 2128 videtur
1069 2093 1414 2134 forma-litterarum
1445 2106 1527 2128 mss.
1558 2094 1680 2138 fuisse,

262 2167 316 2198 est
338 2164 432 2197 enim
455 2147 497 2202 ζι
515 2173 560 2195 =
577 2174 597 2194 κ
620 2165 654 2195 et
683 2151 721 2208 lb
737 2172 782 2194 z
801 2154 845 2204 73
869 2161 912 2194 93
931 2173 949 2192 a
967 2161 987 2194 6
1010 2158 1081 2206 πρὸ
1106 2162 1172 2204 τῆς
1194 2161 1260 2194 τοῦ
1284 2160 1397 2205 ῥητοῦ
1418 2162 1504 2202 (non
1528 2158 1682 2206 ῥήτορος

261 2219 356 2263 quod
376 2218 489 2251 habet
509 2216 668 2261 Bandini
683 2216 720 2249 in
743 2218 847 2250 catal.
873 2217 959 2259 ms.)
991 2216 1192 2259 σαφηνείας
1215 2228 1235 2249 ο
1266 2217 1343 2249 cod.
1378 2215 1545 2249 Laurent.
1568 2215 1614 2249 72
1628 2241 1636 2256 ,
1661 2215 1682 2249 1

262 2275 327 2308 fol.
344 2272 429 2313 1233
454 2273 501 2306 cf.
524 2273 637 2305 schol.
655 2272 799 2305 95b30.
843 2270 1033 2314 Philoponi
1058 2282 1134 2304 esse
1158 2272 1251 2304 hanc
1274 2267 1509 2315 paraphrasin
1525 2271 1588 2314 (de
1612 2281 1681 2313 qua

262 2342 299 2364 v.
322 2328 475 2363 Brandis
496 2328 615 2361 Abhh.
639 2327 704 2360 der
725 2327 821 2360 Berl.
846 2326 958 2360 Akad.
982 2326 1080 2360 1833.
1128 2327 1331 2370 nist-phil.
1356 2327 1413 2360 Kl.
1436 2337 1471 2369 p.
1494 2324 1572 2358 289.
1607 2326 1681 2359 Ea-

263 2386 346 2419 dem
369 2382 671 2428 praestantissima
693 2381 869 2415 Brandisii
895 2381 1142 2416 commentatio
1165 2382 1319 2426 legenda
1342 2381 1409 2414 crit
1432 2381 1481 2424 ei,
1514 2381 1573 2424 qui
1596 2392 1682 2424 quo—

263 2440 371 2472 modo
394 2439 456 2472 ille
481 2439 516 2472 in
540 2437 687 2471 scholiis
710 2436 920 2482 colligendis
952 2437 1101 2482 singulis
1124 2437 1304 2470 codicibus
1335 2447 1418 2469 usus
1449 2437 1512 2478 sit,
1544 2436 1682 2480 perspi-

265 2506 345 2529 cere
370 2494 472 2537 velit)
498 2497 621 2527 auctor
645 2494 749 2527 catal.
774 2504 858 2525 mss.
884 2492 1004 2526 Coisll.
1026 2494 1106 2526 cod.
1124 2492 1189 2526 160
1210 2492 1292 2526 inde
1314 2492 1454 2525 videtur
1478 2491 1681 2533 coniecisse,

264 2550 359 2593 quod
379 2560 469 2593 quae
492 2552 684 2593 sequuntur
711 2548 748 2581 in
772 2549 849 2582 cod.
880 2548 1019 2582 scholia
1041 2549 1167 2582 eadem
1188 2559 1296 2582 manu
1319 2550 1466 2581 exarata
1488 2548 1533 2581 ad
1554 2547 1682 2580 Philo-

263 2614 397 2648 ponum
419 2604 608 2638 referenda
630 2607 721 2637 sunt.
767 2603 858 2637 Num
881 2603 977 2637 idem
1000 2604 1045 2637 sit
1068 2603 1359 2644 commentarius,
1383 2614 1488 2646 quem
1509 2602 1573 2635 sub
1594 2601 1682 2636 Phi-

263 2658 387 2702 loponi
406 2659 546 2692 nomine
568 2660 605 2693 in
618 2660 706 2694 bibl.
721 2659 869 2693 Vindob.
886 2660 1035 2693 existere
1053 2660 1137 2694 dicit
1152 2659 1259 2692 Fabr.
1275 2659 1311 2691 in
1329 2658 1425 2692 Bibl.
1445 2658 1518 2702 Gr„
1542 2657 1679 2691 nescio:

264 2714 479 2749 Lambecius
502 2715 537 2748 in
562 2726 690 2749 comm.
720 2715 811 2749 nihil
833 2715 877 2749 de
902 2725 945 2749 οο
967 2715 1098 2757 refert,
1128 2714 1190 2748 sed
1222 2714 1360 2748 Psellus
1383 2713 1531 2757 (comm.
1556 2712 1594 2746 in
1616 2712 1680 2747 lib.
