1826 3112
309 196 387 234 180
821 196 1221 229 ΑΝΑΛΤΤΙΚΩΝ

309 290 361 338 τὸ
406 292 452 338 δε
492 296 529 337 Α
565 291 693 338 παντὶ
722 294 782 354 τῷ
815 294 860 335 1
883 291 1115 352 ἐνεδέχετο·
1160 292 1317 351 γίνεται
1347 290 1402 354 δὴ
1431 290 1727 352 συλλογισμὸς

314 355 380 404 ὅτι
408 358 614 418 ἐνδέχεται
642 354 692 402 τὸ
722 336 763 401 Β
789 359 937 419 μηδενὶ
966 362 1030 403 τοῖ
1050 361 1095 402 Γ
1105 356 1176 403 δια
1198 363 1281 404 τοῦ
1297 358 1474 418 πρωτου
1495 356 1724 420 σχήματος.

311 422 471 484 ὁμοίως
493 425 539 470 ὸὲ
561 424 633 468 καὶ
637 422 691 502 ῖεἰ
707 420 818 482 πρὸς
837 428 900 468 τοῖ
919 424 1120 485 Γτεθείη
1138 442 1190 468 το
1211 423 1475 486 στερητικόν.
1502 423 1576 469 ἐὰν
1596 421 1674 468 δ”
1645 442 1728 482 αμ-

262 489 492 549 δοφότεραι
520 490 597 547 μὲν
617 481 700 533 ωσι
729 491 984 572 στερητικαί,
1007 490 1143 551 σηιιαι
1147 507 1196 548 νη
1221 488 1259 535 6'
1279 488 1307 551 ἡ
1330 491 1405 549 μὶν
1429 487 1488 551 μὴ
1516 487 1727 548 ὑπάρχειν

311 554 342 617 ἡ
364 553 401 600 6'
427 555 674 614 ἐνδέχεσθαι
703 551 762 615 μὴ
790 553 1011 615 ὑπάρχειν,
1034 554 1088 601 δι’
1105 553 1249 600 αὐτῶν
1268 558 1344 614 μὲν
1365 559 1450 601 τῶν
1469 555 1728 616 εἰλημμένων

313 619 446 666 οὐδὲν
467 620 692 679 συμβαίνει
715 617 962 681 ἀναγκαῖον,
992 617 1354 683 άντιστραφείσης
1382 622 1428 666 δὲ
1447 625 1525 683 τῆς
1548 618 1658 665 κατὰ
1678 617 1728 665 τὸ

313 686 561 744 ἐνδέχεσθαι
598 686 846 745 προτάσεως
887 689 1041 747 γίνεται
1084 686 1375 748 συλλογισμὸς
1413 684 1478 732 ὅτι
1514 685 1564 732 τὸ
1598 690 1635 731 Β
1667 689 1730 748 τῷ

318 755 362 796 Γ
383 751 590 811 ἐνδέχεται
621 754 769 813 μηδενὶ
808 751 1041 813 ὑπάρχειν,
1071 752 1270 811 καθάπερ
1300 755 1344 799 ἐν
1374 758 1465 808 τοῖς
1495 750 1727 812 πρότερον·

265 832 300 859 35
314 818 431 863 ἔσται
461 816 542 878 γὰρ
572 816 704 862 πάλιν
730 817 781 864 τὸ
814 823 990 876 πρῶτον
1019 823 1174 880 σχῆμα.
1218 817 1293 863 ἐὰν
1326 817 1363 864 δ’
1391 817 1629 876 άμφότεραι
1659 834 1728 862 τε-

313 887 427 929 θῶσι
439 883 732 946 κατηγορικαί,
745 882 831 929 οὐκ
843 886 957 930 ἔσται
968 882 1269 943 συλλογισμός.
1294 881 1389 941 ὅροι
1400 886 1482 928 τοῦ
1500 883 1576 941 μὲν
1585 881 1730 941 ὑπάρ-

312 967 402 1008 χειν
432 948 1031 1028 ὑγίεια-ζοῖον-ἰξνθρωπος,
1058 953 1140 994 τοῦ
1170 950 1215 994 δὲ
1242 946 1302 1010 μὴ
1331 947 1540 1008 ὑπάρχειν
1559 946 1731 1008 ὑγίεια-

314 1016 476 1069 ῖππος-
487 1012 734 1072 ἄνθρωπος.

452 1077 545 1124 Τὸν
577 1076 713 1124 αὐτὸν
735 1078 781 1123 δε
808 1077 974 1159 τρόπον
1003 1077 1083 1133 ἕξει
1101 1076 1204 1123 κάπὶ
1224 1082 1308 1124 τῶν
1327 1079 1372 1124 ἐν
1389 1079 1505 1138 μέρει
1526 1081 1730 1138 συλλογι-

266 1147 454 1203 4οσμῶν.
489 1141 594 1190 ὅταν
620 1161 697 1203 μεν
721 1141 805 1204 γάρ
835 1136 867 1204 ᾗ
893 1143 943 1190 τὸ
971 1143 1268 1204 καταφατικὸν
1297 1142 1510 1204 ὑπάρχον,
1543 1146 1622 1190 εἴτε
1649 1161 1731 1188 κα-

212 1235 245 1266 p.
259 1222 304 1256 38
318 1209 509 1256 θόλου’
474 1208 545 1255 εἰτ’
568 1210 612 1256 ἐν
630 1210 745 1269 με’ρει
762 1210 950 1271 ληφθέν,
966 1209 1111 1266 οὐὸεις
1132 1211 1246 1256 ε’σται
1264 1209 1552 1274 συλλογισμός
1576 1211 1733 1270 (τοῦτο

313 1274 351 1322 6'
366 1274 526 1335 ὁμοίως
545 1277 618 1320 καὶ
642 1274 714 1321 διὰ
728 1279 816 1320 τῶν
835 1274 982 1321 αὐτων
1001 1274 1115 1334 ὅρων
1133 1277 1352 1322 δείκνυται
1372 1282 1462 1332 τοῖς
1479 1273 1732 1335 πρότερον),

314 1338 418 1387 ὅταν
435 1343 481 1387 δε
502 1340 551 1387 τὸ
572 1340 833 1403 στερητικόν,
855 1342 972 1387 ἔσται
997 1339 1072 1387 διά
1093 1345 1171 1403 τῆς
1191 1340 1495 1403 οἷντιστροφῆς,
1527 1339 1732 1399 καθάπερ

314 1407 358 1453 ἐν
376 1413 466 1462 τοῖς
483 1406 710 1467 πρότερον.
730 1406 862 1453 πάλιν
880 1405 1006 1453 56v'
976 1425 1108 1468 αμφω
1123 1408 1200 1467 μὲν
1219 1405 1272 1453 τά
1294 1407 1562 1469 διαστήματα
1580 1419 1732 1468 στερη-

281 1471 411 1518 sum}-
444 1477 615 1533 ληφθῇ,
651 1473 856 1518 καθόλου
882 1475 928 1518 δὲ
956 1471 1006 1518 τὸ
1030 1471 1095 1535 μὴ
1127 1471 1361 1533 ὑπάρχειν,
1405 1472 1451 1528 ἐξ
1480 1471 1626 1519 αὐτῶν
1657 1472 1734 1531 μὲν

312 1555 402 1584 των
409 1538 661 1597 προτάσεων
673 1537 758 1584 οὐκ
768 1539 882 1584 ε’σται
891 1537 941 1584 τὸ
954 1537 1200 1599 ἀναγκαῖον,
1223 1537 1484 1599 α’ντιστραφέ
1487 1557 1582 1595 ντος
1593 1539 1639 1584 δε
1650 1540 1733 1583 τοῦ

313 1605 578 1663 ἐνδέχεσθαι,
609 1603 811 1662 καθάπερ
847 1605 891 1650 ἐν
918 1610 1009 1660 τοῖς
1027 1603 1249 1664 πρότερον,
1280 1605 1395 1650 ἔσται
1429 1602 1732 1665 συλλογισμός.

314 1668 388 1716 ἐὰν
406 1671 452 1715 δὲ
473 1668 672 1728 ὑπάρχον
691 1688 768 1729 μεν
790 1671 818 1729 ἠ
839 1670 889 1715 τὸ
907 1669 1172 1731 στερητικόν,
1193 1671 1236 1715 ἐν
1252 1671 1368 1730 μέρει
1388 1672 1434 1716 δε
1453 1673 1623 1732 ληφθῇ,
1646 1667 1734 1714 οὐκ

314 1736 430 1781 εσται
453 1735 761 1795 συλλογισμός,
781 1733 882 1781 οὔτε
901 1740 1197 1797 καταφατικῆς
1217 1733 1316 1781 οὔτε
1330 1739 1581 1798 στερητικῆς
1593 1733 1735 1816 οὔσης

206 1848 210 1851 ,
265 1819 298 1845 10
313 1805 390 1864 τῆς
410 1800 556 1859 ἑτέρας
575 1800 836 1860 προτάσεως.
859 1799 956 1847 ουδ’
977 1799 1081 1846 ὅταν
1100 1799 1339 1861 ἀμφότεραι
1358 1805 1594 1864 ληφθῶσιν
1612 1798 1735 1846 άδιό-

313 1879 452 1926 ριστοι
491 1864 522 1928 ἢ
540 1868 845 1951 καταφατικαὶ
876 1864 909 1929 ἢ
937 1865 1201 1927 άποφατικαὶ
1232 1865 1262 1929 ἢ
1290 1866 1398 1913 κατὰ
1427 1868 1569 1928 μέρος.
1621 1864 1733 1912 6716-

312 1932 444 1989 δειξις
465 1930 503 1977 6'
527 1931 555 1994 ἡ
582 1931 695 1993 αυτὴ
715 1934 787 1978 καὶ
808 1930 880 1978 616
898 1936 987 1978 τοῖν
1008 1931 1152 1979 αὐτῶν
1178 1930 1303 1990 ὅρων.

234 2008 297 2052 19
444 1995 549 2043 Ἐὰν
590 1996 630 2043 6'
663 1996 693 2060 ἡ
724 2016 802 2057 μεν
849 1996 944 2052 ἐξ’
916 1998 1107 2060 ανάγκης
1136 1996 1165 2060 ἡ
1198 1997 1236 2043 6'
1266 1997 1517 2080 ἐνδέχεσθαι
1545 1996 1733 2059 σημαίνη

313 2066 398 2108 τῶν
421 2062 686 2122 προτάσεων,
717 2068 798 2125 τῆς
822 2081 898 2122 μεν
926 2068 1175 2125 στερητικῆς
1204 2062 1437 2125 ἀναγκαίας
1458 2061 1598 2125 οὔσης
1618 2063 1734 2108 εσται

264 2145 298 2173 15
313 2129 631 2190 συλλογισμός,
659 2127 718 2175 ov'
752 2129 887 2188 μόνον
926 2127 992 2175 ὅτι
1032 2130 1241 2189 ἐνδέχεται
1268 2128 1327 2191 μή
1359 2127 1591 2187 ὑπάρχειν,
1625 2125 1733 2173 ἀλλὰ

312 2196 386 2240 καὶ
410 2192 476 2241 ὅτι
494 2194 579 2254 οὐχ
596 2194 794 2278 ὑπάρχει,
823 2213 901 2256 της
921 2196 967 2241 δε
989 2199 1289 2257 καταφατικῆς
1307 2194 1392 2241 οὐκ
1413 2195 1540 2240 εσται.
1570 2195 1734 2240 κείσθω

311 2259 393 2321 γὰρ
425 2259 473 2306 τὸ
503 2265 541 2306 Α
570 2279 629 2306 τω
665 2279 741 2320 μεν
773 2265 810 2306 Β
839 2260 883 2316 ἐξ
918 2259 1109 2324 άνάγκης
1135 2263 1284 2343 μηδενὶ
1314 2259 1547 2320 ὑπάρχειν,
1587 2264 1652 2323 τῷ
1687 2260 1734 2305 δε

314 2330 354 2371 Γ
362 2328 490 2372 παντὶ
510 2328 772 2387 ἐνδέχεσθαι.
796 2325 1154 2390 άντιστραφείσης
1173 2321 1256 2374 οὖν
1272 2331 1350 2390 τῆς
1361 2329 1613 2387 στερητικῆς
1627 2322 1733 2370 ουδὲ

311 2390 362 2438 τὰ
395 2396 432 2437 Β
463 2397 526 2457 τῶ
543 2397 581 2440 Α
601 2392 750 2440 ου’δενὶ
779 2391 1052 2454 ὑπάρξει·τὸ
1082 2395 1129 2440 δὲ
1152 2398 1188 2439 Α
1206 2395 1332 2440 παντὶ
1351 2396 1415 2438 τῶ
1436 2395 1481 2437 Γ
1494 2391 1728 2451 ἐνεδέχετο·-

402 2550 445 2582 29
461 2547 499 2582 δε
513 2561 568 2581 om
590 2550 626 2582 C.
647 2566 691 2574 —
725 2550 769 2583 80
790 2556 869 2592 post
888 2542 955 2583 ωσι
974 2549 1017 2582 lit
1036 2550 1176 2581 duarum
1193 2549 1250 2581 litt
1266 2549 1308 2582 Β.
1333 2567 1376 2574 ·—
1411 2549 1451 2581 31
1479 2546 1529 2592 μὴ
1554 2545 1734 2592 ’ὑπάρχειν

313 2605 368 2625 om
387 2594 529 2626 Acdnu.
555 2613 597 2619 —-
621 2594 663 2627 33
684 2594 839 2636 γίγνεται
853 2606 890 2626 π.
913 2612 958 2619 -
981 2595 1023 2627 35
1042 2593 1153 2647 πάλιν
1173 2605 1227 2626 om
1246 2593 1301 2626 du.

398 2637 485 2670 38a6
505 2636 545 2672 τὸ
568 2650 622 2671 om
642 2638 675 2670 d.
707 2655 752 2663 —
783 2639 805 2670 8
834 2637 874 2671 δὲ
899 2636 949 2692 μὴ
980 2636 1148 2696 υπάρχον
1176 2638 1214 2671 A
1246 2656 1290 2662 —
1322 2639 1363 2671 10
1387 2635 1530 2689 ἑτέρας
1538 2647 1592 2668 om
1621 2634 1655 2667 d.
1688 2652 1733 2660 —-

309 2679 607 2735 οἷπροσὸιόριστοι
633 2682 665 2714 d.
698 2700 739 2706 —
775 2683 814 2715 11
839 2679 863 2726 ἢ
884 2680 1115 2727 οἷποφατικαὶ
1140 2695 1182 2727 pr
1203 2693 1255 2715 om
1274 2682 1314 2716 A.
1346 2699 1388 2706 -
1426 2681 1465 2714 17
1493 2678 1534 2714 τὸ
1564 2677 1604 2715 δε
1631 2679 1664 2712 d.
1687 2696 1733 2705 —-

313 2727 352 2759 19
368 2738 525 2771 υπαρχει
542 2740 575 2761 η.
601 2747 644 2753 -
669 2725 850 2770 ἐνδέχεται
866 2729 898 2769 f.
