<?xml version="1.0" encoding="UTF-8"?>
<!DOCTYPE html PUBLIC "-//W3C//DTD XHTML 1.0 Transitional//EN"
    "http://www.w3.org/TR/xhtml1/DTD/xhtml1-transitional.dtd">
<html xmlns="http://www.w3.org/1999/xhtml" xml:lang="en" lang="en">
 <head>
  <title>
</title>
<meta http-equiv="Content-Type" content="text/html;charset=utf-8" />
  <meta name='ocr-system' content='tesseract 3.04.00' />
  <meta name='ocr-capabilities' content='ocr_page ocr_carea ocr_par ocr_line ocrx_word'/>
</head>
<body>
  <div class='ocr_page' id='page_1' title='image "aristotelisorgan01arisuoft_0024.png"; bbox 0 0 1748 3106; ppageno 0'>
   <div class='ocr_carea' id='block_1_1' title="bbox 185 208 1113 245">
    <p class='ocr_par' dir='ltr' id='par_1_1' title="bbox 185 208 1113 245">
     <span class='ocr_line' id='line_1_1' title="bbox 185 208 1113 245; baseline 0.004 -4"><span class='ocrx_word' id='word_1_1' title='bbox 185 208 285 242; x_wconf 83' lang='lat' dir='ltr'><strong>xxn</strong></span> <span class='ocrx_word' id='word_1_2' title='bbox 765 211 1113 245; x_wconf 70' lang='lat' dir='ltr'><strong>PRAEFATIO.</strong></span> 
     </span>
    </p>
   </div>
   <div class='ocr_carea' id='block_1_2' title="bbox 188 307 1678 2142">
    <p class='ocr_par' dir='ltr' id='par_1_2' title="bbox 188 307 1678 2142">
     <span class='ocr_line' id='line_1_2' title="bbox 190 307 1666 371; baseline 0.001 -17"><span class='ocrx_word' id='word_1_3' title='bbox 190 309 253 354; x_wconf 85' lang='grc'>28</span> <span class='ocrx_word' id='word_1_4' title='bbox 266 324 292 352; x_wconf 89' lang='grc'>3</span> <span class='ocrx_word' id='word_1_5' title='bbox 307 309 383 364; x_wconf 85' lang='grc'><strong>10,</strong></span> <span class='ocrx_word' id='word_1_6' title='bbox 402 309 510 353; x_wconf 91' lang='lat' dir='ltr'><strong>dum</strong></span> <span class='ocrx_word' id='word_1_7' title='bbox 531 311 576 353; x_wconf 91' lang='lat' dir='ltr'><strong>in</strong></span> <span class='ocrx_word' id='word_1_8' title='bbox 594 313 910 355; x_wconf 85' lang='lat' dir='ltr'><strong>commentario</strong></span> <span class='ocrx_word' id='word_1_9' title='bbox 930 313 1079 355; x_wconf 80' lang='lat' dir='ltr'><strong>scribit</strong></span> <span class='ocrx_word' id='word_1_10' title='bbox 1100 307 1192 364; x_wconf 71' lang='grc' dir='ltr'><strong>ἕάνς</strong></span> <span class='ocrx_word' id='word_1_11' title='bbox 1217 312 1433 356; x_wconf 81' lang='lat' dir='ltr'><strong>Boethius</strong></span> <span class='ocrx_word' id='word_1_12' title='bbox 1451 313 1495 356; x_wconf 93' lang='lat' dir='ltr'><strong>in</strong></span> <span class='ocrx_word' id='word_1_13' title='bbox 1517 313 1666 371; x_wconf 89' lang='lat' dir='ltr'><strong>priore</strong></span> 
     </span>
     <span class='ocr_line' id='line_1_3' title="bbox 191 386 1666 449; baseline 0.003 -21"><span class='ocrx_word' id='word_1_14' title='bbox 191 386 386 429; x_wconf 83' lang='lat' dir='ltr'><strong>editione</strong></span> <span class='ocrx_word' id='word_1_15' title='bbox 417 389 720 431; x_wconf 89' lang='lat' dir='ltr'><strong>commentarii</strong></span> <span class='ocrx_word' id='word_1_16' title='bbox 749 404 880 446; x_wconf 91' lang='lat' dir='ltr'><strong>quem</strong></span> <span class='ocrx_word' id='word_1_17' title='bbox 903 390 959 432; x_wconf 90' lang='lat' dir='ltr'><strong>de</strong></span> <span class='ocrx_word' id='word_1_18' title='bbox 982 390 1096 432; x_wconf 90' lang='lat' dir='ltr'><strong>libro</strong></span> <span class='ocrx_word' id='word_1_19' title='bbox 1117 387 1213 446; x_wconf 80' lang='grc' dir='ltr'><em>περὶ</em></span> <span class='ocrx_word' id='word_1_20' title='bbox 1234 386 1455 449; x_wconf 71' lang='grc' dir='ltr'><em>ἑρμηνείας</em></span> <span class='ocrx_word' id='word_1_21' title='bbox 1477 404 1666 447; x_wconf 89' lang='lat' dir='ltr'><strong>compo-</strong></span> 
     </span>
     <span class='ocr_line' id='line_1_4' title="bbox 189 463 1669 524; baseline 0.001 -17"><span class='ocrx_word' id='word_1_22' title='bbox 189 463 275 507; x_wconf 91' lang='lat' dir='ltr'><strong>suit</strong></span> <span class='ocrx_word' id='word_1_23' title='bbox 293 463 351 506; x_wconf 86' lang='lat' dir='ltr'><strong>ad</strong></span> <span class='ocrx_word' id='word_1_24' title='bbox 373 464 472 508; x_wconf 89' lang='lat' dir='ltr'><strong>17b</strong></span> <span class='ocrx_word' id='word_1_25' title='bbox 488 465 547 509; x_wconf 88' lang='lat'><strong>17</strong></span> <span class='ocrx_word' id='word_1_26' title='bbox 567 466 610 507; x_wconf 91' lang='lat' dir='ltr'><strong>in</strong></span> <span class='ocrx_word' id='word_1_27' title='bbox 624 466 723 523; x_wconf 87' lang='lat' dir='ltr'><strong>ipsa</strong></span> <span class='ocrx_word' id='word_1_28' title='bbox 738 467 938 510; x_wconf 81' lang='lat' dir='ltr'><strong>versione</strong></span> <span class='ocrx_word' id='word_1_29' title='bbox 959 466 1275 509; x_wconf 88' lang='lat' dir='ltr'><strong>commentario</strong></span> <span class='ocrx_word' id='word_1_30' title='bbox 1296 468 1538 524; x_wconf 85' lang='lat' dir='ltr'><strong>praemissa</strong></span> <span class='ocrx_word' id='word_1_31' title='bbox 1555 467 1669 509; x_wconf 86' lang='lat' dir='ltr'><strong>haec</strong></span> 
     </span>
     <span class='ocr_line' id='line_1_5' title="bbox 189 540 1671 602; baseline 0.001 -19"><span class='ocrx_word' id='word_1_32' title='bbox 189 540 351 583; x_wconf 88' lang='lat' dir='ltr'><strong>habet:</strong></span> <span class='ocrx_word' id='word_1_33' title='bbox 381 543 583 599; x_wconf 89' lang='lat' dir='ltr'><strong>„opponi</strong></span> <span class='ocrx_word' id='word_1_34' title='bbox 617 543 768 598; x_wconf 89' lang='lat' dir='ltr'><strong>itaque</strong></span> <span class='ocrx_word' id='word_1_35' title='bbox 800 543 902 585; x_wconf 91' lang='lat' dir='ltr'><strong>dico</strong></span> <span class='ocrx_word' id='word_1_36' title='bbox 933 544 1273 586; x_wconf 83' lang='lat' dir='ltr'><strong>affirmationem</strong></span> <span class='ocrx_word' id='word_1_37' title='bbox 1305 543 1530 602; x_wconf 86' lang='lat' dir='ltr'><strong>negationi</strong></span> <span class='ocrx_word' id='word_1_38' title='bbox 1558 558 1671 599; x_wconf 87' lang='lat' dir='ltr'><strong>quae</strong></span> 
     </span>
     <span class='ocr_line' id='line_1_6' title="bbox 188 618 1672 678; baseline 0.001 -18"><span class='ocrx_word' id='word_1_39' title='bbox 188 618 613 661; x_wconf 87' lang='lat' dir='ltr'><strong>universaliter</strong></span> <span class='ocrx_word' id='word_1_40' title='bbox 648 619 869 678; x_wconf 88' lang='lat' dir='ltr'><strong>significat</strong></span> <span class='ocrx_word' id='word_1_41' title='bbox 906 622 945 663; x_wconf 91' lang='lat' dir='ltr'><strong>ei</strong></span> <span class='ocrx_word' id='word_1_42' title='bbox 976 636 1089 677; x_wconf 87' lang='lat' dir='ltr'><strong>quae</strong></span> <span class='ocrx_word' id='word_1_43' title='bbox 1117 635 1205 662; x_wconf 89' lang='lat' dir='ltr'><strong>non</strong></span> <span class='ocrx_word' id='word_1_44' title='bbox 1234 620 1592 674; x_wconf 87' lang='lat' dir='ltr'><strong>universaliter”,</strong></span> <span class='ocrx_word' id='word_1_45' title='bbox 1624 626 1672 663; x_wconf 85' lang='lat' dir='ltr'><strong>ut</strong></span> 
     </span>
     <span class='ocr_line' id='line_1_7' title="bbox 188 691 1669 755; baseline 0.002 -19"><span class='ocrx_word' id='word_1_46' title='bbox 188 695 354 753; x_wconf 83' lang='lat' dir='ltr'><strong>legisse</strong></span> <span class='ocrx_word' id='word_1_47' title='bbox 376 709 475 737; x_wconf 90' lang='lat' dir='ltr'><strong>eum</strong></span> <span class='ocrx_word' id='word_1_48' title='bbox 496 702 676 753; x_wconf 87' lang='lat' dir='ltr'><strong>putares</strong></span> <span class='ocrx_word' id='word_1_49' title='bbox 698 693 903 740; x_wconf 78' lang='grc' dir='ltr'><em>καθόλου</em></span> <span class='ocrx_word' id='word_1_50' title='bbox 920 698 993 740; x_wconf 89' lang='lat' dir='ltr'><strong>vel</strong></span> <span class='ocrx_word' id='word_1_51' title='bbox 1017 691 1084 740; x_wconf 79' lang='grc' dir='ltr'><strong>ὅτι</strong></span> <span class='ocrx_word' id='word_1_52' title='bbox 1104 693 1311 740; x_wconf 70' lang='grc' dir='ltr'><em>καθόλου</em></span> <span class='ocrx_word' id='word_1_53' title='bbox 1332 712 1416 755; x_wconf 89' lang='lat' dir='ltr'><strong>pro</strong></span> <span class='ocrx_word' id='word_1_54' title='bbox 1441 692 1491 739; x_wconf 78' lang='grc' dir='ltr'><strong>τό</strong></span> <span class='ocrx_word' id='word_1_55' title='bbox 1523 692 1669 739; x_wconf 77' lang='grc' dir='ltr'><em>καθό-</em></span> 
     </span>
     <span class='ocr_line' id='line_1_8' title="bbox 188 772 1671 830; baseline 0.002 -17"><span class='ocrx_word' id='word_1_56' title='bbox 188 772 288 826; x_wconf 80' lang='grc' dir='ltr'><em>λου,</em></span> <span class='ocrx_word' id='word_1_57' title='bbox 313 772 395 814; x_wconf 91' lang='lat' dir='ltr'><strong>nisi</strong></span> <span class='ocrx_word' id='word_1_58' title='bbox 422 772 468 814; x_wconf 89' lang='lat' dir='ltr'><strong>in</strong></span> <span class='ocrx_word' id='word_1_59' title='bbox 502 772 603 830; x_wconf 91' lang='lat' dir='ltr'><strong>ipso</strong></span> <span class='ocrx_word' id='word_1_60' title='bbox 625 775 940 817; x_wconf 87' lang='lat' dir='ltr'><strong>commentario</strong></span> <span class='ocrx_word' id='word_1_61' title='bbox 971 775 1139 818; x_wconf 88' lang='lat' dir='ltr'><strong>diceret</strong></span> <span class='ocrx_word' id='word_1_62' title='bbox 1168 775 1300 829; x_wconf 87' lang='lat' dir='ltr'><strong>„Hoc</strong></span> <span class='ocrx_word' id='word_1_63' title='bbox 1324 782 1389 817; x_wconf 89' lang='lat' dir='ltr'><strong>est</strong></span> <span class='ocrx_word' id='word_1_64' title='bbox 1414 775 1530 817; x_wconf 91' lang='lat' dir='ltr'><strong>enim</strong></span> <span class='ocrx_word' id='word_1_65' title='bbox 1551 773 1671 830; x_wconf 91' lang='lat' dir='ltr'><strong>quod</strong></span> 
     </span>
     <span class='ocr_line' id='line_1_9' title="bbox 191 849 1671 910; baseline 0.001 -19"><span class='ocrx_word' id='word_1_66' title='bbox 191 849 251 891; x_wconf 84' lang='lat' dir='ltr'><strong>ait</strong></span> <span class='ocrx_word' id='word_1_67' title='bbox 281 864 394 906; x_wconf 88' lang='lat' dir='ltr'><strong>quae</strong></span> <span class='ocrx_word' id='word_1_68' title='bbox 422 850 755 893; x_wconf 85' lang='lat' dir='ltr'><strong>universale</strong></span> <span class='ocrx_word' id='word_1_69' title='bbox 784 851 1004 910; x_wconf 88' lang='lat' dir='ltr'><strong>significat</strong></span> <span class='ocrx_word' id='word_1_70' title='bbox 1033 851 1175 894; x_wconf 89' lang='lat' dir='ltr'><strong>eidem</strong></span> <span class='ocrx_word' id='word_1_71' title='bbox 1206 852 1414 907; x_wconf 86' lang='lat' dir='ltr'><strong>quoniam</strong></span> <span class='ocrx_word' id='word_1_72' title='bbox 1445 865 1535 893; x_wconf 88' lang='lat' dir='ltr'><strong>non</strong></span> <span class='ocrx_word' id='word_1_73' title='bbox 1571 851 1671 893; x_wconf 87' lang='lat' dir='ltr'><strong>uni-</strong></span> 
     </span>
     <span class='ocr_line' id='line_1_10' title="bbox 191 926 1672 986; baseline 0 -17"><span class='ocrx_word' id='word_1_74' title='bbox 191 926 463 969; x_wconf 84' lang='lat' dir='ltr'><strong>versaliter”.</strong></span> <span class='ocrx_word' id='word_1_75' title='bbox 501 927 660 970; x_wconf 84' lang='lat' dir='ltr'><strong>Itidem</strong></span> <span class='ocrx_word' id='word_1_76' title='bbox 682 943 749 971; x_wconf 90' lang='lat' dir='ltr'><strong>res</strong></span> <span class='ocrx_word' id='word_1_77' title='bbox 770 928 908 970; x_wconf 84' lang='lat' dir='ltr'><strong>habet</strong></span> <span class='ocrx_word' id='word_1_78' title='bbox 927 929 986 971; x_wconf 92' lang='grc'>21</span> <span class='ocrx_word' id='word_1_79' title='bbox 1003 929 1117 972; x_wconf 89' lang='grc'>320.</span> <span class='ocrx_word' id='word_1_80' title='bbox 1143 927 1279 971; x_wconf 89' lang='lat' dir='ltr'><strong>Unde</strong></span> <span class='ocrx_word' id='word_1_81' title='bbox 1299 934 1487 986; x_wconf 88' lang='lat' dir='ltr'><strong>apparet</strong></span> <span class='ocrx_word' id='word_1_82' title='bbox 1509 934 1672 984; x_wconf 86' lang='lat' dir='ltr'><strong>quanta</strong></span> 
     </span>
     <span class='ocr_line' id='line_1_11' title="bbox 193 1003 1672 1063; baseline 0.001 -18"><span class='ocrx_word' id='word_1_83' title='bbox 193 1003 590 1061; x_wconf 80' lang='lat' dir='ltr'><strong>circumspectione</strong></span> <span class='ocrx_word' id='word_1_84' title='bbox 625 1018 737 1062; x_wconf 91' lang='lat' dir='ltr'><strong>opus</strong></span> <span class='ocrx_word' id='word_1_85' title='bbox 778 1005 859 1058; x_wconf 88' lang='lat' dir='ltr'><strong>sit,</strong></span> <span class='ocrx_word' id='word_1_86' title='bbox 896 1019 952 1046; x_wconf 88' lang='lat' dir='ltr'><strong>ne</strong></span> <span class='ocrx_word' id='word_1_87' title='bbox 985 1004 1095 1062; x_wconf 90' lang='lat' dir='ltr'><strong>quid</strong></span> <span class='ocrx_word' id='word_1_88' title='bbox 1128 1010 1294 1047; x_wconf 87' lang='lat' dir='ltr'><strong>temere</strong></span> <span class='ocrx_word' id='word_1_89' title='bbox 1333 1005 1569 1063; x_wconf 82' lang='lat' dir='ltr'><strong>colligatur</strong></span> <span class='ocrx_word' id='word_1_90' title='bbox 1615 1004 1672 1046; x_wconf 91' lang='lat' dir='ltr'><strong>de</strong></span> 
     </span>
     <span class='ocr_line' id='line_1_12' title="bbox 192 1079 1674 1140; baseline 0.001 -18"><span class='ocrx_word' id='word_1_91' title='bbox 192 1079 385 1122; x_wconf 85' lang='lat' dir='ltr'><strong>lectione</strong></span> <span class='ocrx_word' id='word_1_92' title='bbox 410 1095 542 1137; x_wconf 89' lang='lat' dir='ltr'><strong>quam</strong></span> <span class='ocrx_word' id='word_1_93' title='bbox 563 1087 733 1124; x_wconf 86' lang='lat' dir='ltr'><strong>veteres</strong></span> <span class='ocrx_word' id='word_1_94' title='bbox 752 1082 1015 1140; x_wconf 84' lang='lat' dir='ltr'><strong>interpretes</strong></span> <span class='ocrx_word' id='word_1_95' title='bbox 1034 1081 1284 1124; x_wconf 81' lang='lat' dir='ltr'><strong>habuerint.</strong></span> <span class='ocrx_word' id='word_1_96' title='bbox 1343 1081 1533 1124; x_wconf 88' lang='lat' dir='ltr'><strong>Accedit</strong></span> <span class='ocrx_word' id='word_1_97' title='bbox 1553 1081 1674 1137; x_wconf 91' lang='lat' dir='ltr'><strong>quod</strong></span> 
     </span>
     <span class='ocr_line' id='line_1_13' title="bbox 191 1157 1672 1215; baseline 0 -16"><span class='ocrx_word' id='word_1_98' title='bbox 191 1157 278 1215; x_wconf 89' lang='lat' dir='ltr'><strong>ipsi</strong></span> <span class='ocrx_word' id='word_1_99' title='bbox 306 1158 570 1215; x_wconf 84' lang='lat' dir='ltr'><strong>interpretes</strong></span> <span class='ocrx_word' id='word_1_100' title='bbox 602 1159 856 1202; x_wconf 89' lang='lat' dir='ltr'><strong>Aristotelis</strong></span> <span class='ocrx_word' id='word_1_101' title='bbox 887 1159 1019 1202; x_wconf 84' lang='lat' dir='ltr'><strong>verba</strong></span> <span class='ocrx_word' id='word_1_102' title='bbox 1050 1158 1270 1201; x_wconf 89' lang='lat' dir='ltr'><strong>interdum</strong></span> <span class='ocrx_word' id='word_1_103' title='bbox 1301 1172 1390 1200; x_wconf 91' lang='lat' dir='ltr'><strong>non</strong></span> <span class='ocrx_word' id='word_1_104' title='bbox 1415 1158 1518 1200; x_wconf 87' lang='lat' dir='ltr'><strong>satis</strong></span> <span class='ocrx_word' id='word_1_105' title='bbox 1540 1172 1672 1200; x_wconf 83' lang='lat' dir='ltr'><strong>accu—</strong></span> 
     </span>
     <span class='ocr_line' id='line_1_14' title="bbox 189 1233 1670 1295; baseline 0.001 -19"><span class='ocrx_word' id='word_1_106' title='bbox 189 1240 284 1277; x_wconf 84' lang='lat' dir='ltr'><strong>rate</strong></span> <span class='ocrx_word' id='word_1_107' title='bbox 302 1235 517 1278; x_wconf 85' lang='lat' dir='ltr'><strong>reddunt:</strong></span> <span class='ocrx_word' id='word_1_108' title='bbox 540 1236 602 1278; x_wconf 90' lang='lat' dir='ltr'><strong>sic</strong></span> <span class='ocrx_word' id='word_1_109' title='bbox 616 1236 868 1278; x_wconf 86' lang='lat' dir='ltr'><strong>Alexander</strong></span> <span class='ocrx_word' id='word_1_110' title='bbox 890 1237 951 1280; x_wconf 84' lang='lat'><strong>50</strong></span> <span class='ocrx_word' id='word_1_111' title='bbox 964 1236 992 1278; x_wconf 90' lang='lat' dir='ltr'><strong>b</strong></span> <span class='ocrx_word' id='word_1_112' title='bbox 1005 1236 1066 1279; x_wconf 87' lang='lat'><strong>33</strong></span> <span class='ocrx_word' id='word_1_113' title='bbox 1089 1236 1253 1278; x_wconf 88' lang='lat' dir='ltr'><strong>omittit</strong></span> <span class='ocrx_word' id='word_1_114' title='bbox 1272 1233 1348 1291; x_wconf 74' lang='grc' dir='ltr'><strong>μὲν</strong></span> <span class='ocrx_word' id='word_1_115' title='bbox 1367 1241 1411 1277; x_wconf 88' lang='lat' dir='ltr'><strong>et</strong></span> <span class='ocrx_word' id='word_1_116' title='bbox 1429 1235 1505 1295; x_wconf 75' lang='grc' dir='ltr'><strong>τῷ,</strong></span> <span class='ocrx_word' id='word_1_117' title='bbox 1530 1236 1588 1279; x_wconf 88' lang='lat'><strong>51.</strong></span> <span class='ocrx_word' id='word_1_118' title='bbox 1607 1250 1633 1276; x_wconf 84' lang='lat' dir='ltr'><strong>a</strong></span> <span class='ocrx_word' id='word_1_119' title='bbox 1648 1236 1670 1278; x_wconf 91' lang='lat'>1</span> 
     </span>
     <span class='ocr_line' id='line_1_15' title="bbox 190 1307 1673 1369; baseline -0.001 -15"><span class='ocrx_word' id='word_1_120' title='bbox 190 1312 356 1354; x_wconf 90' lang='lat' dir='ltr'><strong>omittit</strong></span> <span class='ocrx_word' id='word_1_121' title='bbox 385 1327 540 1355; x_wconf 89' lang='lat' dir='ltr'><strong>vocem</strong></span> <span class='ocrx_word' id='word_1_122' title='bbox 571 1313 889 1369; x_wconf 73' lang='grc' dir='ltr'><em>συλλογισμῶν,</em></span> <span class='ocrx_word' id='word_1_123' title='bbox 921 1314 1060 1356; x_wconf 86' lang='grc'>5132</span> <span class='ocrx_word' id='word_1_124' title='bbox 1087 1312 1268 1355; x_wconf 85' lang='lat' dir='ltr'><strong>exhibet</strong></span> <span class='ocrx_word' id='word_1_125' title='bbox 1289 1307 1499 1369; x_wconf 78' lang='grc' dir='ltr'><em>α’νάγεται,</em></span> <span class='ocrx_word' id='word_1_126' title='bbox 1534 1311 1673 1354; x_wconf 90' lang='lat' dir='ltr'><strong>schol.</strong></span> 
     </span>
     <span class='ocr_line' id='line_1_16' title="bbox 193 1376 1675 1448; baseline -0.001 -15"><span class='ocrx_word' id='word_1_127' title='bbox 193 1390 285 1434; x_wconf 86' lang='grc'>182</span> <span class='ocrx_word' id='word_1_128' title='bbox 299 1388 397 1434; x_wconf 87' lang='grc'>342</span> <span class='ocrx_word' id='word_1_129' title='bbox 416 1403 571 1431; x_wconf 87' lang='lat' dir='ltr'><strong>vocem</strong></span> <span class='ocrx_word' id='word_1_130' title='bbox 593 1386 708 1432; x_wconf 75' lang='grc' dir='ltr'><em>ἐστίν</em></span> <span class='ocrx_word' id='word_1_131' title='bbox 728 1376 1040 1448; x_wconf 72' lang='lat' dir='ltr'><strong>transpositam</strong></span> <span class='ocrx_word' id='word_1_132' title='bbox 1064 1404 1160 1432; x_wconf 91' lang='lat' dir='ltr'><strong>esse</strong></span> <span class='ocrx_word' id='word_1_133' title='bbox 1188 1395 1392 1447; x_wconf 85' lang='lat' dir='ltr'><strong>apparet,</strong></span> <span class='ocrx_word' id='word_1_134' title='bbox 1426 1388 1547 1445; x_wconf 88' lang='lat' dir='ltr'><strong>quod</strong></span> <span class='ocrx_word' id='word_1_135' title='bbox 1576 1403 1675 1431; x_wconf 83' lang='lat' dir='ltr'><strong>sae-</strong></span> 
     </span>
     <span class='ocr_line' id='line_1_17' title="bbox 189 1466 1674 1524; baseline 0 -16"><span class='ocrx_word' id='word_1_136' title='bbox 189 1466 291 1524; x_wconf 90' lang='lat' dir='ltr'><strong>pius</strong></span> <span class='ocrx_word' id='word_1_137' title='bbox 323 1466 505 1509; x_wconf 85' lang='lat' dir='ltr'><strong>accidit:</strong></span> <span class='ocrx_word' id='word_1_138' title='bbox 544 1481 687 1523; x_wconf 88' lang='lat' dir='ltr'><strong>neque</strong></span> <span class='ocrx_word' id='word_1_139' title='bbox 714 1466 802 1508; x_wconf 90' lang='lat' dir='ltr'><strong>hoc</strong></span> <span class='ocrx_word' id='word_1_140' title='bbox 828 1467 891 1508; x_wconf 83' lang='lat' dir='ltr'><strong>ita</strong></span> <span class='ocrx_word' id='word_1_141' title='bbox 922 1467 1087 1509; x_wconf 89' lang='lat' dir='ltr'><strong>factum</strong></span> <span class='ocrx_word' id='word_1_142' title='bbox 1113 1481 1210 1509; x_wconf 86' lang='lat' dir='ltr'><strong>esse</strong></span> <span class='ocrx_word' id='word_1_143' title='bbox 1232 1466 1388 1509; x_wconf 89' lang='lat' dir='ltr'><strong>mirum</strong></span> <span class='ocrx_word' id='word_1_144' title='bbox 1411 1471 1489 1520; x_wconf 87' lang='lat' dir='ltr'><strong>est,</strong></span> <span class='ocrx_word' id='word_1_145' title='bbox 1513 1466 1549 1508; x_wconf 88' lang='lat' dir='ltr'><strong>si</strong></span> <span class='ocrx_word' id='word_1_146' title='bbox 1574 1466 1674 1523; x_wconf 56' lang='lat' dir='ltr'><strong>qui÷</strong></span> 
     </span>
     <span class='ocr_line' id='line_1_18' title="bbox 190 1543 1675 1602; baseline 0 -17"><span class='ocrx_word' id='word_1_147' title='bbox 190 1543 294 1586; x_wconf 89' lang='lat' dir='ltr'><strong>dem</strong></span> <span class='ocrx_word' id='word_1_148' title='bbox 321 1544 586 1602; x_wconf 89' lang='lat' dir='ltr'><strong>interpretes</strong></span> <span class='ocrx_word' id='word_1_149' title='bbox 616 1558 708 1586; x_wconf 90' lang='lat' dir='ltr'><strong>non</strong></span> <span class='ocrx_word' id='word_1_150' title='bbox 737 1544 781 1586; x_wconf 90' lang='lat' dir='ltr'><strong>id</strong></span> <span class='ocrx_word' id='word_1_151' title='bbox 805 1544 1010 1602; x_wconf 84' lang='lat' dir='ltr'><strong>agebant,</strong></span> <span class='ocrx_word' id='word_1_152' title='bbox 1043 1549 1092 1586; x_wconf 87' lang='lat' dir='ltr'><strong>ut</strong></span> <span class='ocrx_word' id='word_1_153' title='bbox 1118 1543 1294 1602; x_wconf 87' lang='lat' dir='ltr'><strong>singula</strong></span> <span class='ocrx_word' id='word_1_154' title='bbox 1314 1543 1464 1597; x_wconf 89' lang='lat' dir='ltr'><strong>verba,</strong></span> <span class='ocrx_word' id='word_1_155' title='bbox 1493 1558 1607 1599; x_wconf 86' lang='lat' dir='ltr'><strong>quae</strong></span> <span class='ocrx_word' id='word_1_156' title='bbox 1631 1549 1675 1585; x_wconf 90' lang='lat' dir='ltr'><strong>et</strong></span> 
     </span>
     <span class='ocr_line' id='line_1_19' title="bbox 192 1620 1675 1678; baseline -0.001 -15"><span class='ocrx_word' id='word_1_157' title='bbox 192 1635 282 1678; x_wconf 91' lang='lat' dir='ltr'><strong>quo</strong></span> <span class='ocrx_word' id='word_1_158' title='bbox 314 1621 469 1664; x_wconf 88' lang='lat' dir='ltr'><strong>ordine</strong></span> <span class='ocrx_word' id='word_1_159' title='bbox 499 1621 556 1663; x_wconf 86' lang='lat' dir='ltr'><strong>ab</strong></span> <span class='ocrx_word' id='word_1_160' title='bbox 574 1621 815 1664; x_wconf 85' lang='lat' dir='ltr'><strong>Aristotele</strong></span> <span class='ocrx_word' id='word_1_161' title='bbox 838 1621 1003 1678; x_wconf 82' lang='lat' dir='ltr'><strong>scripta</strong></span> <span class='ocrx_word' id='word_1_162' title='bbox 1025 1626 1186 1675; x_wconf 89' lang='lat' dir='ltr'><strong>essent,</strong></span> <span class='ocrx_word' id='word_1_163' title='bbox 1209 1626 1500 1675; x_wconf 84' lang='lat' dir='ltr'><strong>servarentur,</strong></span> <span class='ocrx_word' id='word_1_164' title='bbox 1527 1620 1606 1663; x_wconf 92' lang='lat' dir='ltr'><strong>sed</strong></span> <span class='ocrx_word' id='word_1_165' title='bbox 1627 1635 1675 1662; x_wconf 89' lang='lat' dir='ltr'><strong>re</strong></span> 
     </span>
     <span class='ocr_line' id='line_1_20' title="bbox 192 1697 1677 1757; baseline -0.001 -16"><span class='ocrx_word' id='word_1_166' title='bbox 192 1699 292 1757; x_wconf 89' lang='lat' dir='ltr'><strong>ipsa</strong></span> <span class='ocrx_word' id='word_1_167' title='bbox 310 1699 537 1741; x_wconf 85' lang='lat' dir='ltr'><strong>intellecta</strong></span> <span class='ocrx_word' id='word_1_168' title='bbox 557 1703 601 1741; x_wconf 92' lang='lat' dir='ltr'><strong>et</strong></span> <span class='ocrx_word' id='word_1_169' title='bbox 621 1699 859 1756; x_wconf 85' lang='lat' dir='ltr'><strong>explanata</strong></span> <span class='ocrx_word' id='word_1_170' title='bbox 879 1698 1077 1740; x_wconf 87' lang='lat' dir='ltr'><strong>contenti</strong></span> <span class='ocrx_word' id='word_1_171' title='bbox 1101 1703 1245 1740; x_wconf 87' lang='lat' dir='ltr'><strong>erant:</strong></span> <span class='ocrx_word' id='word_1_172' title='bbox 1266 1712 1400 1754; x_wconf 88' lang='lat' dir='ltr'><strong>quare</strong></span> <span class='ocrx_word' id='word_1_173' title='bbox 1422 1697 1677 1740; x_wconf 81' lang='lat' dir='ltr'><strong>Alexander</strong></span> 
     </span>
     <span class='ocr_line' id='line_1_21' title="bbox 193 1774 1676 1834; baseline -0.001 -16"><span class='ocrx_word' id='word_1_174' title='bbox 193 1790 308 1832; x_wconf 90' lang='lat' dir='ltr'><strong>quae</strong></span> <span class='ocrx_word' id='word_1_175' title='bbox 338 1776 528 1834; x_wconf 88' lang='lat' dir='ltr'><strong>legimus</strong></span> <span class='ocrx_word' id='word_1_176' title='bbox 556 1776 726 1819; x_wconf 88' lang='grc'>17322</span> <span class='ocrx_word' id='word_1_177' title='bbox 754 1775 801 1817; x_wconf 89' lang='lat' dir='ltr'><strong>in</strong></span> <span class='ocrx_word' id='word_1_178' title='bbox 819 1789 978 1817; x_wconf 89' lang='lat' dir='ltr'><strong>comm.</strong></span> <span class='ocrx_word' id='word_1_179' title='bbox 1004 1775 1050 1817; x_wconf 92' lang='lat' dir='ltr'><strong>in</strong></span> <span class='ocrx_word' id='word_1_180' title='bbox 1071 1775 1201 1817; x_wconf 86' lang='lat' dir='ltr'><strong>Anal.</strong></span> <span class='ocrx_word' id='word_1_181' title='bbox 1224 1790 1292 1833; x_wconf 89' lang='lat' dir='ltr'><strong>pr.</strong></span> <span class='ocrx_word' id='word_1_182' title='bbox 1316 1774 1395 1817; x_wconf 84' lang='lat' dir='ltr'><strong>fol.</strong></span> <span class='ocrx_word' id='word_1_183' title='bbox 1420 1775 1493 1818; x_wconf 87' lang='lat' dir='ltr'><strong>5b</strong></span> <span class='ocrx_word' id='word_1_184' title='bbox 1513 1775 1575 1817; x_wconf 91' lang='lat' dir='ltr'><strong>sic</strong></span> <span class='ocrx_word' id='word_1_185' title='bbox 1597 1789 1676 1817; x_wconf 90' lang='lat' dir='ltr'><strong>ex-</strong></span> 
     </span>
     <span class='ocr_line' id='line_1_22' title="bbox 189 1841 1678 1911; baseline -0.001 -16"><span class='ocrx_word' id='word_1_186' title='bbox 189 1852 343 1896; x_wconf 85' lang='lat' dir='ltr'><strong>hibet:</strong></span> <span class='ocrx_word' id='word_1_187' title='bbox 379 1850 491 1896; x_wconf 75' lang='grc' dir='ltr'><em>ἕστιν</em></span> <span class='ocrx_word' id='word_1_188' title='bbox 523 1841 608 1896; x_wconf 71' lang='grc' dir='ltr'><strong>οὖν</strong></span> <span class='ocrx_word' id='word_1_189' title='bbox 638 1847 757 1911; x_wconf 75' lang='grc' dir='ltr'><strong>ἁπλῆ</strong></span> <span class='ocrx_word' id='word_1_190' title='bbox 789 1846 1044 1909; x_wconf 78' lang='grc' dir='ltr'><em>α’πόφανσις</em></span> <span class='ocrx_word' id='word_1_191' title='bbox 1066 1846 1195 1910; x_wconf 77' lang='grc' dir='ltr'><em>φωνὴ</em></span> <span class='ocrx_word' id='word_1_192' title='bbox 1217 1845 1456 1910; x_wconf 78' lang='grc' dir='ltr'><em>σημαντικὴ</em></span> <span class='ocrx_word' id='word_1_193' title='bbox 1477 1848 1573 1907; x_wconf 81' lang='grc' dir='ltr'><em>περὶ</em></span> <span class='ocrx_word' id='word_1_194' title='bbox 1595 1851 1678 1893; x_wconf 82' lang='grc' dir='ltr'><strong>τοῦ</strong></span> 
     </span>
     <span class='ocr_line' id='line_1_23' title="bbox 189 1923 1676 1989; baseline -0.002 -16"><span class='ocrx_word' id='word_1_195' title='bbox 189 1928 226 1972; x_wconf 81' lang='grc' dir='ltr'><strong>εἰ</strong></span> <span class='ocrx_word' id='word_1_196' title='bbox 254 1925 440 1987; x_wconf 78' lang='grc' dir='ltr'><em>ὑπάρχει</em></span> <span class='ocrx_word' id='word_1_197' title='bbox 466 1944 506 1972; x_wconf 79' lang='grc' dir='ltr'><strong>τι</strong></span> <span class='ocrx_word' id='word_1_198' title='bbox 536 1924 570 1989; x_wconf 74' lang='grc' dir='ltr'><em>ἢ</em></span> <span class='ocrx_word' id='word_1_199' title='bbox 590 1925 650 1988; x_wconf 86' lang='grc' dir='ltr'><strong>μὴ</strong></span> <span class='ocrx_word' id='word_1_200' title='bbox 668 1923 869 1986; x_wconf 73' lang='grc' dir='ltr'><em>ὑπάρχει.</em></span> <span class='ocrx_word' id='word_1_201' title='bbox 913 1929 1117 1984; x_wconf 90' lang='lat' dir='ltr'><strong>Denique</strong></span> <span class='ocrx_word' id='word_1_202' title='bbox 1135 1928 1388 1971; x_wconf 89' lang='lat' dir='ltr'><strong>Aristotelis</strong></span> <span class='ocrx_word' id='word_1_203' title='bbox 1408 1928 1542 1971; x_wconf 83' lang='lat' dir='ltr'><strong>verba</strong></span> <span class='ocrx_word' id='word_1_204' title='bbox 1563 1942 1676 1984; x_wconf 86' lang='lat' dir='ltr'><strong>quae</strong></span> 
     </span>
     <span class='ocr_line' id='line_1_24' title="bbox 190 2005 1675 2066; baseline -0.002 -17"><span class='ocrx_word' id='word_1_205' title='bbox 190 2007 236 2050; x_wconf 91' lang='lat' dir='ltr'><strong>in</strong></span> <span class='ocrx_word' id='word_1_206' title='bbox 275 2005 602 2050; x_wconf 79' lang='lat' dir='ltr'><strong>commentariis</strong></span> <span class='ocrx_word' id='word_1_207' title='bbox 634 2006 807 2066; x_wconf 86' lang='lat' dir='ltr'><strong>graecis</strong></span> <span class='ocrx_word' id='word_1_208' title='bbox 843 2006 1186 2063; x_wconf 86' lang='lat' dir='ltr'><strong>explicationem</strong></span> <span class='ocrx_word' id='word_1_209' title='bbox 1215 2005 1487 2063; x_wconf 88' lang='lat' dir='ltr'><strong>praecedere</strong></span> <span class='ocrx_word' id='word_1_210' title='bbox 1518 2005 1675 2059; x_wconf 90' lang='lat' dir='ltr'><strong>solent,</strong></span> 
     </span>
     <span class='ocr_line' id='line_1_25' title="bbox 191 2081 1677 2142; baseline -0.003 -15"><span class='ocrx_word' id='word_1_211' title='bbox 191 2084 282 2127; x_wconf 88' lang='lat' dir='ltr'><strong>sive</strong></span> <span class='ocrx_word' id='word_1_212' title='bbox 310 2084 366 2126; x_wconf 89' lang='lat' dir='ltr'><strong>ab</strong></span> <span class='ocrx_word' id='word_1_213' title='bbox 397 2084 506 2142; x_wconf 90' lang='lat' dir='ltr'><strong>ipsis</strong></span> <span class='ocrx_word' id='word_1_214' title='bbox 526 2084 841 2142; x_wconf 85' lang='lat' dir='ltr'><strong>interpretibus</strong></span> <span class='ocrx_word' id='word_1_215' title='bbox 870 2083 1173 2125; x_wconf 85' lang='lat' dir='ltr'><strong>inserebantur</strong></span> <span class='ocrx_word' id='word_1_216' title='bbox 1193 2083 1284 2125; x_wconf 87' lang='lat' dir='ltr'><strong>sive</strong></span> <span class='ocrx_word' id='word_1_217' title='bbox 1304 2083 1399 2126; x_wconf 88' lang='lat' dir='ltr'><strong>aliis</strong></span> <span class='ocrx_word' id='word_1_218' title='bbox 1421 2081 1677 2140; x_wconf 84' lang='lat' dir='ltr'><strong>supplenda</strong></span> 
     </span>
    </p>
   </div>
   <div class='ocr_carea' id='block_1_3' title="bbox 190 2158 1748 2219">
    <p class='ocr_par' dir='ltr' id='par_1_3' title="bbox 190 2158 1748 2219">
     <span class='ocr_line' id='line_1_26' title="bbox 190 2158 1748 2219; baseline -0.003 -15"><span class='ocrx_word' id='word_1_219' title='bbox 190 2162 563 2218; x_wconf 85' lang='lat' dir='ltr'><strong>relinquebantur,</strong></span> <span class='ocrx_word' id='word_1_220' title='bbox 586 2161 844 2219; x_wconf 86' lang='lat' dir='ltr'><strong>saepissime</strong></span> <span class='ocrx_word' id='word_1_221' title='bbox 869 2160 1114 2218; x_wconf 85' lang='lat' dir='ltr'><strong>depravata</strong></span> <span class='ocrx_word' id='word_1_222' title='bbox 1134 2165 1234 2202; x_wconf 91' lang='lat' dir='ltr'><strong>sunt</strong></span> <span class='ocrx_word' id='word_1_223' title='bbox 1256 2160 1312 2202; x_wconf 89' lang='lat' dir='ltr'><strong>ab</strong></span> <span class='ocrx_word' id='word_1_224' title='bbox 1330 2160 1381 2202; x_wconf 85' lang='lat' dir='ltr'><strong>iis</strong></span> <span class='ocrx_word' id='word_1_225' title='bbox 1406 2159 1481 2216; x_wconf 92' lang='lat' dir='ltr'><strong>qui</strong></span> <span class='ocrx_word' id='word_1_226' title='bbox 1502 2158 1676 2201; x_wconf 88' lang='lat' dir='ltr'><strong>codices</strong></span> <span class='ocrx_word' id='word_1_227' title='bbox 1747 2183 1748 2186; x_wconf 65' lang='lat'><em>=</em></span> 
     </span>
    </p>
   </div>
   <div class='ocr_carea' id='block_1_4' title="bbox 189 2236 1678 2839">
    <p class='ocr_par' dir='ltr' id='par_1_4' title="bbox 189 2236 1678 2839">
     <span class='ocr_line' id='line_1_27' title="bbox 192 2236 1677 2297; baseline -0.003 -15"><span class='ocrx_word' id='word_1_228' title='bbox 192 2238 536 2297; x_wconf 85' lang='lat' dir='ltr'><strong>descripserunt,</strong></span> <span class='ocrx_word' id='word_1_229' title='bbox 568 2246 617 2281; x_wconf 91' lang='lat' dir='ltr'><strong>ut</strong></span> <span class='ocrx_word' id='word_1_230' title='bbox 648 2239 781 2281; x_wconf 87' lang='lat' dir='ltr'><strong>etiam</strong></span> <span class='ocrx_word' id='word_1_231' title='bbox 804 2242 994 2296; x_wconf 86' lang='lat' dir='ltr'><strong>propter</strong></span> <span class='ocrx_word' id='word_1_232' title='bbox 1015 2237 1276 2280; x_wconf 90' lang='lat' dir='ltr'><strong>mendorum</strong></span> <span class='ocrx_word' id='word_1_233' title='bbox 1297 2236 1591 2293; x_wconf 86' lang='lat' dir='ltr'><strong>frequentiam</strong></span> <span class='ocrx_word' id='word_1_234' title='bbox 1609 2236 1677 2278; x_wconf 89' lang='lat' dir='ltr'><strong>le—</strong></span> 
     </span>
     <span class='ocr_line' id='line_1_28' title="bbox 191 2306 1675 2374; baseline -0.004 -15"><span class='ocrx_word' id='word_1_235' title='bbox 191 2317 360 2360; x_wconf 89' lang='lat' dir='ltr'><strong>ctiones</strong></span> <span class='ocrx_word' id='word_1_236' title='bbox 382 2332 488 2373; x_wconf 86' lang='lat' dir='ltr'><strong>quas</strong></span> <span class='ocrx_word' id='word_1_237' title='bbox 505 2317 750 2374; x_wconf 87' lang='lat' dir='ltr'><strong>praebeant</strong></span> <span class='ocrx_word' id='word_1_238' title='bbox 768 2316 909 2358; x_wconf 91' lang='lat' dir='ltr'><strong>minus</strong></span> <span class='ocrx_word' id='word_1_239' title='bbox 930 2321 1078 2358; x_wconf 86' lang='lat' dir='ltr'><strong>certae</strong></span> <span class='ocrx_word' id='word_1_240' title='bbox 1099 2315 1205 2358; x_wconf 88' lang='lat' dir='ltr'><strong>sint:</strong></span> <span class='ocrx_word' id='word_1_241' title='bbox 1223 2329 1262 2356; x_wconf 88' lang='lat' dir='ltr'><strong>v.</strong></span> <span class='ocrx_word' id='word_1_242' title='bbox 1283 2329 1318 2356; x_wconf 90' lang='lat' dir='ltr'><strong>c.</strong></span> <span class='ocrx_word' id='word_1_243' title='bbox 1337 2311 1469 2357; x_wconf 82' lang='lat' dir='ltr'><strong>184b</strong></span> <span class='ocrx_word' id='word_1_244' title='bbox 1485 2313 1507 2356; x_wconf 92' lang='lat'>1</span> <span class='ocrx_word' id='word_1_245' title='bbox 1531 2310 1604 2354; x_wconf 82' lang='grc' dir='ltr'><strong>καὶ</strong></span> <span class='ocrx_word' id='word_1_246' title='bbox 1622 2306 1675 2354; x_wconf 78' lang='grc' dir='ltr'><strong>τὸ</strong></span> 
     </span>
     <span class='ocr_line' id='line_1_29' title="bbox 189 2387 1674 2455; baseline -0.004 -18"><span class='ocrx_word' id='word_1_247' title='bbox 189 2409 274 2453; x_wconf 91' lang='lat' dir='ltr'><strong>pro</strong></span> <span class='ocrx_word' id='word_1_248' title='bbox 292 2392 445 2455; x_wconf 77' lang='grc' dir='ltr'><em>καὶτῷ</em></span> <span class='ocrx_word' id='word_1_249' title='bbox 457 2394 667 2436; x_wconf 87' lang='lat' dir='ltr'><strong>mendum</strong></span> <span class='ocrx_word' id='word_1_250' title='bbox 687 2399 766 2447; x_wconf 87' lang='lat' dir='ltr'><strong>est,</strong></span> <span class='ocrx_word' id='word_1_251' title='bbox 787 2393 845 2436; x_wconf 90' lang='lat' dir='ltr'><strong>ib.</strong></span> <span class='ocrx_word' id='word_1_252' title='bbox 857 2408 916 2435; x_wconf 87' lang='lat' dir='ltr'><strong>vs.</strong></span> <span class='ocrx_word' id='word_1_253' title='bbox 933 2394 991 2437; x_wconf 88' lang='lat'><strong>18</strong></span> <span class='ocrx_word' id='word_1_254' title='bbox 1012 2390 1088 2450; x_wconf 86' lang='grc' dir='ltr'><strong>μία</strong></span> <span class='ocrx_word' id='word_1_255' title='bbox 1107 2387 1289 2447; x_wconf 84' lang='grc' dir='ltr'><em>δύναμις</em></span> <span class='ocrx_word' id='word_1_256' title='bbox 1300 2390 1504 2444; x_wconf 88' lang='lat' dir='ltr'><strong>habetur,</strong></span> <span class='ocrx_word' id='word_1_257' title='bbox 1516 2404 1674 2446; x_wconf 85' lang='lat' dir='ltr'><strong>quam-</strong></span> 
     </span>
     <span class='ocr_line' id='line_1_30' title="bbox 191 2466 1677 2529; baseline -0.003 -14"><span class='ocrx_word' id='word_1_258' title='bbox 191 2485 325 2529; x_wconf 88' lang='lat' dir='ltr'><strong>quam</strong></span> <span class='ocrx_word' id='word_1_259' title='bbox 350 2471 649 2515; x_wconf 87' lang='lat' dir='ltr'><strong>Alexandrum</strong></span> <span class='ocrx_word' id='word_1_260' title='bbox 683 2471 847 2529; x_wconf 85' lang='lat' dir='ltr'><strong>legisse</strong></span> <span class='ocrx_word' id='word_1_261' title='bbox 867 2470 988 2512; x_wconf 78' lang='grc' dir='ltr'><strong>πᾶσα</strong></span> <span class='ocrx_word' id='word_1_262' title='bbox 1008 2466 1195 2526; x_wconf 80' lang='grc' dir='ltr'><em>δύναμις</em></span> <span class='ocrx_word' id='word_1_263' title='bbox 1217 2473 1407 2526; x_wconf 86' lang='lat' dir='ltr'><strong>apparet</strong></span> <span class='ocrx_word' id='word_1_264' title='bbox 1423 2468 1481 2510; x_wconf 92' lang='lat' dir='ltr'><strong>ib.</strong></span> <span class='ocrx_word' id='word_1_265' title='bbox 1506 2482 1566 2510; x_wconf 87' lang='lat' dir='ltr'><strong>vs.</strong></span> <span class='ocrx_word' id='word_1_266' title='bbox 1591 2468 1677 2518; x_wconf 80' lang='lat'><strong>203</strong></span> 
     </span>
     <span class='ocr_line' id='line_1_31' title="bbox 190 2542 1677 2607; baseline -0.004 -16"><span class='ocrx_word' id='word_1_267' title='bbox 190 2549 249 2591; x_wconf 89' lang='lat' dir='ltr'><strong>ib.</strong></span> <span class='ocrx_word' id='word_1_268' title='bbox 267 2564 329 2591; x_wconf 88' lang='lat' dir='ltr'><strong>vs.</strong></span> <span class='ocrx_word' id='word_1_269' title='bbox 361 2550 424 2593; x_wconf 87' lang='grc'><strong>22</strong></span> <span class='ocrx_word' id='word_1_270' title='bbox 458 2542 538 2591; x_wconf 78' lang='grc' dir='ltr'><strong>τὸν</strong></span> <span class='ocrx_word' id='word_1_271' title='bbox 565 2544 700 2605; x_wconf 77' lang='grc' dir='ltr'><em>λόγον</em></span> <span class='ocrx_word' id='word_1_272' title='bbox 730 2548 1036 2605; x_wconf 87' lang='lat' dir='ltr'><strong>explicationis</strong></span> <span class='ocrx_word' id='word_1_273' title='bbox 1070 2547 1211 2607; x_wconf 82' lang='lat' dir='ltr'><strong>gratia</strong></span> <span class='ocrx_word' id='word_1_274' title='bbox 1250 2544 1501 2588; x_wconf 85' lang='lat' dir='ltr'><strong>Aristotelis</strong></span> <span class='ocrx_word' id='word_1_275' title='bbox 1533 2544 1677 2587; x_wconf 88' lang='lat' dir='ltr'><strong>verbis</strong></span> 
     </span>
     <span class='ocr_line' id='line_1_32' title="bbox 193 2621 1677 2684; baseline -0.003 -16"><span class='ocrx_word' id='word_1_276' title='bbox 193 2626 412 2669; x_wconf 86' lang='lat' dir='ltr'><strong>adiectum</strong></span> <span class='ocrx_word' id='word_1_277' title='bbox 446 2641 541 2669; x_wconf 89' lang='lat' dir='ltr'><strong>esse</strong></span> <span class='ocrx_word' id='word_1_278' title='bbox 567 2631 723 2684; x_wconf 89' lang='lat' dir='ltr'><strong>.patet;</strong></span> <span class='ocrx_word' id='word_1_279' title='bbox 766 2625 971 2670; x_wconf 86' lang='grc'>185322</span> <span class='ocrx_word' id='word_1_280' title='bbox 1002 2621 1165 2681; x_wconf 77' lang='grc' dir='ltr'><em>δέχεται</em></span> <span class='ocrx_word' id='word_1_281' title='bbox 1196 2623 1405 2666; x_wconf 89' lang='lat' dir='ltr'><strong>omissum</strong></span> <span class='ocrx_word' id='word_1_282' title='bbox 1425 2626 1491 2664; x_wconf 89' lang='lat' dir='ltr'><strong>est</strong></span> <span class='ocrx_word' id='word_1_283' title='bbox 1510 2621 1557 2663; x_wconf 90' lang='lat' dir='ltr'><strong>in</strong></span> <span class='ocrx_word' id='word_1_284' title='bbox 1575 2621 1677 2664; x_wconf 83' lang='lat' dir='ltr'><strong>Ari-</strong></span> 
     </span>
     <span class='ocr_line' id='line_1_33' title="bbox 193 2694 1678 2761; baseline -0.004 -15"><span class='ocrx_word' id='word_1_285' title='bbox 193 2703 363 2747; x_wconf 89' lang='lat' dir='ltr'><strong>stotelis</strong></span> <span class='ocrx_word' id='word_1_286' title='bbox 384 2703 541 2758; x_wconf 82' lang='lat' dir='ltr'><strong>verbis,</strong></span> <span class='ocrx_word' id='word_1_287' title='bbox 563 2694 830 2761; x_wconf 78' lang='lat' dir='ltr'><strong>quamquam</strong></span> <span class='ocrx_word' id='word_1_288' title='bbox 848 2717 910 2745; x_wconf 88' lang='lat' dir='ltr'><strong>vs.</strong></span> <span class='ocrx_word' id='word_1_289' title='bbox 936 2703 999 2746; x_wconf 89' lang='grc'>26</span> <span class='ocrx_word' id='word_1_290' title='bbox 1022 2702 1181 2744; x_wconf 82' lang='lat' dir='ltr'><strong>iisdem</strong></span> <span class='ocrx_word' id='word_1_291' title='bbox 1198 2699 1343 2743; x_wconf 87' lang='lat' dir='ltr'><strong>verbis</strong></span> <span class='ocrx_word' id='word_1_292' title='bbox 1364 2699 1586 2742; x_wconf 80' lang='lat' dir='ltr'><strong>adiectum</strong></span> <span class='ocrx_word' id='word_1_293' title='bbox 1612 2703 1678 2741; x_wconf 91' lang='lat' dir='ltr'><strong>est</strong></span> 
     </span>
     <span class='ocr_line' id='line_1_34' title="bbox 195 2775 1677 2839; baseline -0.005 -14"><span class='ocrx_word' id='word_1_294' title='bbox 195 2777 448 2839; x_wconf 73' lang='grc' dir='ltr'><em>ἐπιδέχεταις</em></span> <span class='ocrx_word' id='word_1_295' title='bbox 476 2781 534 2824; x_wconf 90' lang='lat' dir='ltr'><strong>ib.</strong></span> <span class='ocrx_word' id='word_1_296' title='bbox 560 2796 621 2825; x_wconf 90' lang='lat' dir='ltr'><strong>vs.</strong></span> <span class='ocrx_word' id='word_1_297' title='bbox 646 2781 710 2826; x_wconf 88' lang='grc'><strong>40</strong></span> <span class='ocrx_word' id='word_1_298' title='bbox 746 2777 833 2824; x_wconf 76' lang='grc' dir='ltr'><strong>ἐπεὶ</strong></span> <span class='ocrx_word' id='word_1_299' title='bbox 863 2780 907 2824; x_wconf 91' lang='lat' dir='ltr'><strong>in</strong></span> <span class='ocrx_word' id='word_1_300' title='bbox 937 2785 1188 2824; x_wconf 86' lang='lat' dir='ltr'><strong>contextum</strong></span> <span class='ocrx_word' id='word_1_301' title='bbox 1211 2777 1439 2837; x_wconf 88' lang='lat' dir='ltr'><strong>irrepsisse</strong></span> <span class='ocrx_word' id='word_1_302' title='bbox 1459 2775 1633 2820; x_wconf 78' lang='lat' dir='ltr'><strong>videtur</strong></span> <span class='ocrx_word' id='word_1_303' title='bbox 1652 2790 1677 2818; x_wconf 90' lang='lat' dir='ltr'><strong>e</strong></span> 
     </span>
    </p>
   </div>
  </div>
 </body>
</html>
