1794 3086
608 209 862 256 Analytica
885 207 1057 253 priora.
1507 203 1594 243 459

129 312 266 365 ἄλλην
284 306 527 364 μεταβολὴν
549 306 778 362 συμβαίνει
797 303 965 360 γένεσιν
989 299 1100 346 εἶναι
1125 299 1199 346 καὶ
1224 301 1423 356 φθοράνε
1450 302 1590 342 ultima

128 377 250 416 verba
277 377 374 416 satis
402 374 622 414 ostendunt
648 374 708 412 de'
729 372 937 411 elementis
965 370 1029 422 agi
1057 374 1100 409 et
1126 369 1178 408 de
1205 367 1395 416 materia,
1433 377 1511 406 non
1539 367 1591 406 de

129 441 326 494 principio
354 443 559 489 movente,
587 438 642 478 cf.
670 436 845 476 18'9a30
869 432 951 488 τὴν
978 433 1018 475 δ’
1046 431 1183 486 ἀρχὴν
1209 430 1264 473 οὐ
1286 431 1392 472 καθ’
1419 427 1591 470 &xenea-

130 502 266 559 μένου
303 503 370 550 δεῖ
400 501 598 555 λέγεσθαί
629 514 758 548 τινος.
814 496 930 539 ἔσται
964 497 1048 551 γὰρ
1088 496 1196 551 α’ρχὴ
1233 499 1309 551 τῆς
1345 491 1479 549 ἀρχῆς
1517 495 1591 541 (cf.

131 571 245 609 1001»
260 572 354 617 16)·
381 566 433 609 τὸ
460 565 544 620 γὰρ
575 564 861 617 ’ὑποκείμενον
888 561 997 616 ἁρχὴ
1025 561 1099 603 καὶ
1123 561 1339 614 πρότερον
1366 559 1490 601 δοκεῖ
1511 561 1592 600 τοῦ

125 630 513 686 κατηγορουμένου
541 625 663 671 εἶναι.
690 630 875 668 'loooal
903 625 1011 680 ἁρχὴ
1038 626 1121 679 γὰρ
1149 627 1198 668 τὸ
1227 626 1538 677 συναναιροῦν.

78 698 230 737 46817
258 686 504 748 Scripsimus
528 693 638 735 -ἵδιαι
667 706 741 746 pro
770 690 879 745 ἰδίᾳ,
910 693 1017 743 quod
1046 697 1087 730 et
1116 705 1212 730 usus
1241 691 1430 742 loquendi
1455 693 1594 742 postu-

130 761 188 801 lat
214 766 256 800 et
270 759 540 800 Alexandrum
568 758 760 798 habuisse
788 761 944 795 constat
972 768 1022 794 ex
1050 755 1236 794 scholiis:
1267 755 1460 794 Boethius
1493 766 1594 805 quo-

133 838 212 877 que
239 827 280 863 et
306 827 384 862 vet.
413 823 512 874 intp.
541 823 632 861 cod.
663 820 837 860 Gothan.
865 821 962 872 legit
989 818 1111 859 ἴδιαι.
1158 818 1293 857 Etiam
1320 831 1461 857 vocem
1489 815 1596 857 εἰσὶν

135 892 226 941 post
254 884 435 940 ἑκάστην
472 887 679 925 omisimus
707 884 974 924 Alexandrum
1004 883 1156 930 secuti,
1194 894 1245 921 ex
1280 883 1393 921 cuius
1421 882 1597 933 explica-

133 953 244 993 tione
279 965 355 992 vox
391 948 499 992 εἰσὶν
535 951 574 991 in
616 954 847 989 contextum
874 948 1034 987 videtur
1060 947 1291 998 irrepsisse.
1345 946 1594 985 Particulam

99 1031 101 1033 ·
135 1014 183 1058 δὲ
207 1018 247 1056 ἰη
273 1014 357 1068 γὰρ
385 1021 541 1056 mutare
569 1014 788 1058 noluimus,
818 1012 909 1064 quia
937 1024 1039 1063 quae
1066 1011 1234 1062 legimus
1263 1011 1391 1050 schol.
1422 1011 1534 1057 1791)
1546 1012 1596 1049 31

135 1082 282 1120 docent
308 1081 495 1119 mendum
524 1091 644 1126 esse,
679 1076 785 1129 quod
814 1088 872 1115 vs.
901 1074 1168 1128 praecedente
1197 1075 1391 1126 scriptum
1419 1075 1475 1115 sit
1499 1073 1597 1127 γάρ.

81 1145 228 1185 46819
254 1143 531 1195 Negligentius
559 1143 637 1182 hoc
665 1141 853 1192 scripsit:
893 1139 1154 1191 exspectabas
1182 1139 1304 1188 enim,
1335 1143 1380 1178 ut
1406 1143 1598 1191 pergeret

134 1209 217 1249 sic:
256 1206 363 1263 λέγῳ
402 1206 440 1247 δ’
481 1200 578 1247 οἷον
613 1207 689 1260 τῆς
726 1203 1034 1257 ἀστρολογικῆς
1069 1200 1289 1254 ἐμπειρίας
1325 1198 1433 1251 (ἐστὶ
1458 1215 1597 1255 παρα-

135 1271 312 1320 δοῦναι)
339 1271 415 1320 τὰς
440 1273 518 1326 τῆς
544 1270 852 1323 ἀστρολογικῆς
881 1267 1124 1321 ἐπιστήμης.
1173 1268 1291 1318 Quod
1320 1268 1423 1307 dixit
1451 1269 1511 1307 sic
1537 1269 1598 1308 in-

134 1337 394 1388 telligendum
423 1338 606 1376 videtur:
647 1333 755 1388 λέγω
784 1333 823 1374 δ’
853 1327 951 1374 οἷον
975 1331 1056 1386 τὴν
1083 1330 1394 1385 ἀστρολογικὴν
1420 1328 1501 1384 μὲν
1526 1329 1598 1385 ἐμ-

135 1401 304 1453 πειρίαν
341 1399 641 1452 (παραδοῦναι
666 1398 742 1447 τὰς
769 1396 920 1451 ἀρχὰς)
950 1398 1025 1452 τῆς
1052 1396 1171 1449 οἶστρ.
1201 1394 1334 1440 ἐπιστ.
1389 1396 1599 1437 Sententia

136 1467 246 1506 clara
274 1470 352 1506 est.
401 1466 541 1504 Omnis
568 1478 632 1504 ars
655 1469 696 1504 et
724 1464 852 1503 omnis
882 1463 1054 1501 scientia
1079 1463 1130 1501 ab
1158 1463 1406 1514 experientia
1433 1462 1599 1515 incipit:

136 1543 228 1570 nam
266 1535 310 1569 ut
345 1534 478 1568 certae
515 1529 623 1580 leges
660 1527 934 1575 inveniantur,
970 1527 1113 1578 quibus
1152 1539 1255 1577 quae
1283 1526 1383 1564 fiant
1408 1526 1603 1565 adstricta

137 1595 242 1644 sint,
279 1597 373 1633 ante
410 1594 540 1632 omnia
578 1606 624 1632 ea
650 1592 738 1644 ipsa
768 1604 869 1643 quae
896 1590 998 1629 fiunt
1026 1590 1140 1629 nobis
1170 1594 1355 1629 constare
1382 1590 1532 1630 debent
1560 1595 1603 1630 et

138 1662 344 1710 comperta
382 1670 493 1696 esse:
531 1661 746 1708 postquam
783 1658 916 1695 autem
954 1667 1022 1693 res
1060 1654 1175 1705 ipsae
1211 1667 1313 1705 quae
1347 1656 1422 1694 sub
1459 1667 1603 1694 sensus

139 1722 284 1760 cadunt
297 1721 351 1759 ita
372 1722 607 1759 observatae
631 1723 738 1768 sunt,
767 1723 813 1757 ut
841 1729 918 1756 non
947 1717 1075 1756 solum
1105 1718 1204 1756 nihil
1231 1719 1378 1756 incerti
1403 1719 1604 1770 reliquum

142 1785 209 1835 sit,
236 1784 308 1823 sed
335 1783 456 1822 etiam
484 1783 580 1821 nihil
606 1794 686 1821 nou
715 1783 769 1821 sit
797 1780 1116 1820 animadversum
1144 1781 1251 1832 quod
1280 1782 1483 1821 observari
1508 1795 1605 1834 pos-

141 1848 218 1897 sit,
257 1847 388 1886 omnia
422 1846 536 1886 nobis
573 1850 711 1897 parata
749 1850 841 1884 sunt
879 1845 1024 1896 quibus
1051 1845 1211 1882 firmum
1240 1845 1435 1884 scientiae
1461 1846 1605 1885 funda-

141 1915 321 1951 mentum
361 1911 514 1950 exstrui
550 1911 693 1962 possit.
731 1930 786 1937 —-
834 1908 895 1947 De
932 1905 1119 1960 ἱστορίᾳ,
1165 1920 1283 1958 quam
1319 1916 1606 1950 commemorat

138 1988 198 2015 vs.
226 1976 304 2023 24,
331 1986 368 2014 v.
394 1973 559 2023 Trdlbg.
598 1974 651 2013 de
678 1974 796 2013 anim.
823 1986 863 2024 p.
893 1973 984 2013 187.
1022 1973 1198 2010 491812
1234 1969 1348 2011 οὕτω
1385 1971 1468 2025 γὰρ
1496 1972 1606 2015 κατὰ

139 2039 278 2094 φύσιν
315 2035 402 2079 ἐστὶ
440 2039 661 2077 ποιεῖσθαι
685 2035 766 2090 τὴν
793 2033 986 2088 μέθοδον
1012 2033 1288 2089 ὑπαρχούσης
1315 2038 1390 2091 τῆς
1417 2036 1607 2090 ἱστορίας

141 2107 218 2159 τῆς
254 2101 353 2155 περὶ
388 2100 582 2143 ἕκαστον.
620 2104 825 2142 13591132
851 2103 988 2142 ταῦτα
1015 2098 1055 2141 δ’
1085 2100 1139 2141 οὐ
1167 2100 1305 2152 μόνον
1332 2099 1379 2142 ἐκ
1406 2105 1482 2156 τῆς
1507 2103 1606 2155 περὶ

141 2167 195 2210 τὰ
221 2167 312 2208 ἴδια
331 2165 549 2218 ἐμπειρίας
569 2163 781 2219 ἐνδέχεται
801 2169 1009 2218 συνορᾶν,
1037 2160 1122 2206 ἀλλ’
1153 2165 1394 2218 ἀναγκαῖον
1420 2165 1493 2207 καὶ
1518 2169 1607 2210 τῶν

142 2230 260 2283 παρὰ
286 2233 378 2279 τοῖς
404 2232 546 2278 ἄλλοις
575 2228 824 2283 εὑρημένων
851 2227 1068 2283 ἱστορικὸν
1095 2226 1219 2272 εἶναι.
1249 2234 1426 2271 ’1571535
1455 2231 1603 2287 διόπερ

64 2302 67 2304 ’
145 2296 241 2339 οὐδ’
271 2295 495 2347 ἱστορικῶς
523 2294 624 2336 οὐδὲ
650 2295 783 2350 ταύτῃ
811 2296 1043 2348 φαίνονται
1076 2293 1272 2348 λέγοντες
1300 2295 1343 2336 οἱ
1369 2296 1607 2348 φάσκοντες

144 2356 249 2410 τοὺς
276 2360 403 2414 ἰχθῦς
429 2360 592 2408 πάντας
619 2356 731 2402 εἶναι
757 2361 921 2414 θήλεις,
950 2362 1019 2402 ubi
1047 2364 1194 2400 ‘158213
1221 2359 1250 2414 ἦ
1278 2360 1449 2414 α’πειρία
1476 2378 1604 2418 oppo—

146 2428 252 2469 nitur
277 2430 332 2479 τῇ
360 2425 535 2479 ἱστορίᾳ.
566 2426 626 2465 De
650 2427 750 2465 coel.
773 2428 925 2466 298b2
951 2423 1030 2478 τὴν
1048 2423 1249 2478 πλείστην
1276 2427 1504 2480 συμβαίνει
1529 2431 1606 2483 τῆς

146 2489 243 2545 περὶ
270 2490 442 2545 φύσεως
470 2488 658 2543 ἱστορίας
684 2488 783 2543 περὶ
809 2490 1022 2545 σωμάτων
1049 2485 1172 2530 εἶναι.

204 2620 305 2675 Cap.
332 2620 399 2662 31.
455 2620 524 2659 De
558 2619 809 2660 divisionum
844 2633 923 2661 usu
959 2626 1000 2660 et
1042 2620 1173 2660 abusu
1210 2621 1254 2660 in
1283 2622 1604 2664 ratiocinando.-

99 2685 254 2725 etenim
267 2686 450 2738 suerunt
480 2685 551 2739 qui
579 2684 680 2738 quid
706 2685 762 2724 sit
789 2698 1067 2740 unaquaeque
1096 2691 1164 2725 'res
1182 2685 1455 2728 divisionibus
1469 2689 1607 2741 sactis

99 2747 376 2790 demonstrari
397 2763 521 2804 posse
548 2750 837 2804 opinarentur.
915 2774 919 2777 -
