1838 3086
655 224 1035 261 nermonoutica.
1527 218 1610 259 m

147 330 238 383 prio
266 327 396 380 accipi
423 326 587 366 debebit
610 326 662 366 de
685 326 878 366 facultate
906 324 1049 375 aliqua,
1077 320 1150 362 sed
1176 319 1274 360 nihil
1301 322 1367 359 est
1393 318 1472 358 nisi
1499 318 1607 371 quod

149 393 368 446 simplicius
397 392 544 431 dicitur
573 389 804 431 δύνασθαι.

95 460 216 498 2385
245 454 350 497 α’λλὰ
376 459 509 497 τοῦτο
538 453 627 506 μέν.
669 454 785 504 Quod
814 452 971 490 22b38
1000 451 1136 490 dicere
1160 448 1370 488 videbatur
1396 446 1449 486 de
1477 446 1610 485 omni-—

151 523 224 562 bus
254 522 509 561 facultatibus
539 533 640 571 quae
667 517 833 557 rationis
861 522 1050 568 expertes
1080 519 1195 559 sunt,
1224 513 1263 552 id
1293 525 1370 552 non
1397 512 1451 551 de
1477 511 1611 550 omni-

149 588 223 626 bns
252 586 551 638 intelligendum
581 588 667 630 est,
706 582 778 620 sed
817 594 894 620 non
931 580 1079 618 dictum
1109 582 1174 617 est
1203 578 1279 616 nisi
1307 582 1352 615 ut
1379 575 1609 628 exemplum

150 656 455 702 proponeretur,
485 647 549 688 ὅτι
578 647 631 687 οὐ
657 650 774 686 πᾶσα
802 644 985 695 δύναμις
1012 643 1100 683 τῶν
1126 639 1451 692 ἀντικειμένων,
1480 652 1611 718 neque

149 714 253 753 enim
283 714 334 752 de
358 714 407 751 iis
430 713 612 751 omnibus
642 704 918 762 accipiendum
949 714 1013 747 est
1041 721 1145 758 quae
1173 713 1264 746 sunt
1290 704 1399 746 κατὰ
1425 704 1475 746 τὸ
1503 698 1610 744 αὐτὸ

149 772 274 824 εἶδος.
331 777 436 826 Quid
467 777 543 815 hoc
572 777 623 815 sit
651 782 762 827 patet
792 787 843 814 ex
868 775 917 811 iis
947 785 1050 822 quae
1079 776 1321 823 sequuntur:
1357 773 1614 822 opponuntur

148 843 253 882 enim
282 855 384 892 quae
413 839 655 891 ὁμωνύμως
683 841 866 879 dicuntur
895 836 1114 886 δυνάμεις,
1146 835 1185 873 h.
1216 847 1250 874 e.
1281 848 1383 885 quae
1411 847 1487 875 non
1517 847 1611 886 pro-

149 907 238 958 prie
265 906 452 944 dicuntur
482 906 717 952 sacultates3
745 917 836 943 nam
865 903 899 941 si
929 903 1021 953 quid
1050 901 1198 939 factum
1229 904 1313 947 est,
1342 899 1382 938 id
1412 911 1491 938 non
1517 910 1615 949 pro-

150 970 239 1023 prie
268 970 414 1009 dicitur
434 968 646 1010 δυνατόν;
675 982 799 1020 quare
827 964 935 1007 κατὰ
962 962 1011 1006 τὸ
1042 958 1148 1004 αὐτὸ
1178 958 1293 1011 εἶδος
1320 964 1508 1003 dicuntur
1536 961 1612 1003 δυ-

149 1034 258 1074 νατοί
293 1047 395 1084 quae
431 1048 566 1073 veram
604 1038 646 1072 et
674 1033 874 1085 propriam
903 1034 983 1072 τοῦ
1012 1030 1205 1071 δυνατοῦ
1235 1029 1412 1080 speciem
1439 1028 1614 1068 nondum

152 1103 348 1137 exuerunt
377 1109 409 1137 s,
439 1112 541 1149 quae
570 1099 745 1137 nondum
775 1103 1043 1148 pervenerunt
1071 1097 1120 1135 ad
1153 1090 1382 1145 ἐνέργειαν.

95 1163 242 1202 23:111
270 1159 344 1201 καὶ
371 1160 479 1213 αὕτη
506 1193 517 1204 .
539 1192 549 1202 .
570 1192 580 1203 .
612 1162 729 1211 Quod
769 1162 931 1213 proprie
970 1162 1115 1200 dicitur
1152 1157 1364 1204 δυνατόν,
1403 1157 1442 1196 id
1480 1157 1615 1197 locum

150 1239 228 1265 non
267 1226 392 1265 habet
429 1227 506 1265 nisi
541 1223 588 1266 ἐν
626 1226 716 1271 τοῖς
751 1226 989 1275 φθαρτοῖς-ε
1026 1224 1132 1275 quod
1161 1224 1311 1262 dicitur
1338 1217 1531 1262 δυνατὸν
1558 1219 1617 1270 ὡς

149 1288 360 1342 ἐνεργοῦν
388 1292 507 1330 etiam
540 1291 579 1328 in
609 1291 658 1328 iis
688 1303 790 1341 quae
818 1290 1047 1329 necessario
1076 1289 1264 1327 eveniunt
1291 1283 1360 1333 (ἐν
1387 1289 1479 1334 τοῖς
1506 1285 1616 1327 ἀϊδί-

152 1368 229 1404 οις,
258 1355 439 1393 2031130
475 1351 723 1406 ἐνδέχεσθαι
758 1352 841 1406 γὰρ
876 1353 904 1407 ἢ
934 1349 1045 1394 εἶναι
1074 1351 1204 1393 οὐδὲν
1232 1350 1425 1404 διαφέρει
1453 1350 1501 1392 ἐν
1526 1354 1617 1401 τοῖς

150 1418 350 1467 afflinem:
393 1432 516 1470 quare
553 1415 602 1459 τὸ
643 1416 834 1460 δυνατὸν
864 1421 980 1458 latius
1009 1422 1122 1471 patet
1150 1432 1268 1471 quam
1297 1414 1345 1458 τό
1375 1416 1618 1470 ἀναγκαῖον

149 1489 191 1523 et
228 1488 292 1523 est
331 1485 417 1522 eius
456 1497 731 1535 consequens,
772 1486 843 1524 sed
881 1486 1065 1535 quoniam
1107 1485 1227 1522 etiam
1258 1497 1304 1522 ea
1334 1483 1617 1536 complectitur

149 1561 250 1599 quae
272 1560 347 1586 non
376 1550 612 1599 perveniunt
640 1551 688 1588 ad
719 1545 951 1599 ἐνέργειαν,
980 1562 1057 1587 non
1084 1549 1315 1586 universum
1346 1549 1616 1599 consequitur.

151 1614 303 1651 32a20
330 1605 378 1651 τὸ
409 1609 491 1663 γὰρ
519 1611 761 1665 ἀναγκαῖον
788 1612 1030 1664 ὁμωνύμως
1059 1610 1306 1664 ἐνδέχεσθαι
1332 1611 1526 1665 λέγομεν.

96 1678 244 1716 23813
275 1678 506 1715 Ammonius
538 1679 683 1724 (schol.
707 1680 817 1717 1:341)
834 1681 903 1722 12)
929 1683 972 1716 et
999 1675 1057 1730 μὴ
1087 1676 1308 1718 ἀδύνατον
1335 1679 1375 1717 in
1404 1678 1521 1718 codd.
1549 1691 1616 1717 re-

149 1742 258 1793 perit
286 1746 327 1779 et
356 1739 559 1781 δυνατόν.
590 1743 817 1793 Utrumque
846 1743 987 1781 eodem
1016 1743 1106 1781 fere
1133 1743 1264 1782 redit:
1303 1748 1464 1782 nostros
1491 1743 1617 1795 igitur

149 1806 274 1843 libros
304 1806 431 1844 secuti
460 1819 612 1845 sumus.
650 1806 807 1845 Psellus
838 1807 928 1853 (fol.
954 1808 1005 1845 17
1026 1812 1128 1846 extr.
1158 1807 1251 1846 Ald.
1280 1809 1407 1853 1503)
1436 1811 1615 1847 nostram

151 1868 366 1907 lectionem
397 1869 515 1908 alteri
544 1871 744 1920 praetulit.

96 1935 245 1973 231118
274 1932 431 1971 Delibat
459 1935 651 1983 quaedam
681 1935 733 1973 de
760 1935 888 1987 prima
915 1935 1194 1988 philosophia,
1222 1935 1330 1975 unde
1355 1935 1511 1974 factum
1538 1939 1616 1985 est,

151 2001 198 2036 ut
225 1996 338 2047 quasi
368 1997 551 2035 dubitans
579 1998 772 2037 adiecerit
798 1998 916 2046 ἴσως.

94 2062 248 2101 23ο24
273 2059 448 2113 πρώτην
486 2060 640 2101 οὐσίαν
679 2075 757 2101 non
797 2077 883 2102 eam
923 2063 1110 2114 intelligit
1147 2077 1267 2115 quam
1305 2064 1346 2102 in
1376 2063 1614 2115 Categoriis,

150 2125 222 2164 sed
266 2138 385 2175 quam
414 2126 456 2164 in
485 2126 716 2178 Metnphys.
746 2129 973 2177 1037a28,
1003 2129 1141 2168 1032b
1153 2130 1202 2178 2,
1243 2141 1364 2179 quem
1392 2129 1470 2167 loc.
1499 2141 1536 2167 v.
1564 2128 1615 2167 ud

149 2190 286 2237 2a11,
316 2187 372 2228 cf.
401 2189 528 2229 schol.
556 2193 707 2229 3:3a36
731 2205 817 2243 sqq.

210 2293 389 2347 Gap.14.
425 2293 667 2335 Contrarias
684 2299 996 2338 enuntiationes
1011 2312 1082 2338 eas
1103 2311 1190 2338 esse
1212 2297 1347 2348 docet,
1377 2311 1487 2352 quae
1505 2297 1616 2338 idem

101 2357 154 2398 de
185 2357 330 2397 eodem
360 2359 573 2412 affirment
604 2366 645 2399 et
665 2367 832 2413 negent.

204 2445 265 2485 Ad
296 2459 343 2483 ea
371 2459 472 2496 quae
500 2446 577 2484 hoc
607 2446 737 2497 capite
766 2450 952 2499 exposuit
979 2449 1186 2500 respicere
1213 2449 1372 2488 videtur
1406 2450 1447 2489 in
1475 2449 1612 2490 Meta-

98 2508 216 2560 phys.
249 2510 466 2557 1005b28,
491 2511 555 2548 ubi
584 2523 657 2561 pro
687 2525 880 2552 concesso
909 2516 1032 2553 sumit
1061 2515 1165 2565 quod
1196 2510 1369 2554 ἐναντία
1397 2512 1484 2554 ἐστὶ
1510 2514 1614 2565 δόξα

98 2571 200 2625 δόξῃ
233 2572 262 2626 ἦ
305 2575 382 2627 τῆς
415 2573 683 2623 ἀντιφάσεως
721 2582 763 2615 et
790 2578 828 2616 in
861 2578 965 2629 Top.
999 2580 1173 2616 104a33
1205 2576 1251 2618 ἐν
1278 2581 1368 2626 τοῖς
1394 2578 1500 2631 ὑπὲρ
1527 2581 1616 2621 τῶν

100 2635 310 2678 ἐναντίων
336 2637 584 2692 λεγομένοις
611 2638 863 2692 ρηθήσεταιι
905 2655 1036 2693 neque
1063 2648 1195 2681 tamen
1225 2644 1318 2683 inde
1346 2646 1536 2697 colligere
1562 2647 1616 2686 li-

100 2702 232 2752 cebit,
272 2705 377 2756 quod
417 2718 489 2743 suo
528 2705 617 2743 loco
655 2706 848 2744 collocata
885 2707 964 2745 sint
1002 2719 1104 2756 quae
1140 2708 1180 2745 in
1210 2708 1286 2747 hoc
1313 2711 1446 2761 cupite
1473 2711 1613 2762 dispu-

100 2769 174 2807 tat.
232 2767 386 2809 Iustam
422 2782 584 2809 causam
624 2781 697 2809 cur
731 2770 1028 2810 assentiendum
1067 2771 1119 2811 sit
1150 2771 1436 2826 interpretibus
1463 2776 1614 2824 (schol.
