1806 3094
688 213 1038 249 PRAEFATIO.
1562 214 1626 249 vll

116 334 204 377 que
220 317 382 374 habet,
418 324 468 362 ut
495 318 611 363 furia
634 319 703 373 sit,
739 319 776 362 si
806 324 952 378 petas,
989 323 1038 362 ut
1057 332 1194 362 unum
1219 316 1339 361 diem
1358 317 1524 361 festum
1543 317 1623 361 lit-

113 404 308 441 terarum
338 397 495 442 studiis
527 398 759 442 concedat.
804 423 871 431 -—-
940 396 1135 441 Codices
1171 411 1371 457 graecos,
1418 403 1624 456 praeter-

112 477 253 520 missis
286 477 338 520 iis
372 476 429 520 de
460 477 618 535 quibus
648 491 738 520 non
769 476 1079 521 habuissemus
1108 475 1231 535 quod
1257 475 1505 519 diceremus
1539 476 1623 519 nisi

112 571 227 613 quae
260 556 470 616 leguntur
502 556 548 598 in
575 550 832 599 Aristotelis
864 555 934 599 ed.
958 555 1163 615 Bipont.,
1198 571 1315 613 quae
1345 555 1390 598 in
1421 555 1622 598 omnium

110 634 314 678 manibus
338 642 419 688 est,
457 634 709 678 describere
727 635 950 678 voluimus
974 649 1129 678 omnes
1160 635 1236 692 qui
1268 634 1325 678 ad
1355 634 1506 693 ipsum
1529 632 1623 678 Or-

108 728 261 773 ganon
298 714 591 772 pertinerent,
647 714 921 769 Marcianos,
969 713 1305 767 Ambrosianus,
1352 712 1622 756 Laurentia-

108 807 204 847 nos,
241 793 576 847 Riccardianos,
612 793 926 847 Querinianos,
964 792 1131 835 deinde
1154 807 1180 835 a
1201 808 1248 851 p.
1279 792 1336 837 11
1365 806 1522 835 omnes
1543 791 1622 849 qui

108 873 450 915 commentarios
479 872 700 916 haberent
738 872 939 916 nondum
974 871 1138 926 editos,
1182 870 1458 926 Marcianos,
1503 870 1620 914 Am-

107 950 363 1005 brosianos,
406 951 757 1003 Laurentianus,
802 950 1151 1004 Riccardianos,
1202 949 1477 993 Parisienses
1522 949 1621 993 Re-

107 1029 221 1088 gios,
259 1027 574 1083 Coislinianos,
616 1029 890 1091 Chigianos3
936 1044 1210 1088 quamquam
1248 1043 1340 1072 non
1371 1029 1477 1072 satis
1509 1028 1620 1071 certi

107 1123 257 1151 sumus
280 1123 385 1151 num
410 1108 663 1152 Mediolani
696 1116 740 1152 et
761 1109 1024 1152 Florentiae
1054 1108 1204 1151 omnia
1235 1108 1477 1151 viderimus
1504 1122 1620 1165 quae

106 1186 165 1229 ad
185 1187 443 1230 Aristotelis
464 1187 683 1247 Organon
707 1187 980 1247 pertineant,
1016 1187 1108 1229 imo
1127 1187 1172 1230 in
1193 1186 1474 1229 bibliotheca
1491 1187 1618 1229 Lau—

104 1267 307 1309 rentiana
340 1267 473 1326 plura
499 1267 640 1310 millia
672 1264 736 1325 (si
767 1281 921 1310 verum
945 1272 1012 1309 est
1033 1265 1156 1324 quod
1180 1265 1412 1308 auditione
1433 1264 1618 1323 accepi-

103 1343 227 1402 mus)
265 1345 479 1389 librorum
509 1361 612 1389 mss.
642 1346 867 1399 asservari,
903 1345 980 1404 qui
1006 1345 1276 1404 Napoleone
1299 1344 1456 1387 ltaliae
1489 1343 1617 1404 leges

105 1423 326 1465 scribente
348 1439 372 1465 e
394 1425 677 1466 monasteriis
702 1424 857 1466 vicinis
879 1424 923 1464 in
945 1439 1045 1465 eam
1070 1424 1184 1464 illati
1206 1423 1446 1465 custodum
1466 1423 1618 1483 negli-

103 1501 260 1561 gentia
292 1502 338 1544 in
375 1501 548 1545 indices
587 1501 788 1544 nondum
826 1501 957 1544 relati
989 1508 1103 1554 sunt,
1150 1509 1432 1560 compertum
1470 1501 1618 1546 habe-

106 1595 225 1624 mus:
274 1595 410 1639 quare
438 1580 587 1623 sinon
611 1595 767 1623 omnes
796 1580 1002 1634 codices,
1040 1586 1263 1638 quotquot
1298 1587 1496 1635 exstant,
1534 1580 1617 1624 de—

105 1660 390 1718 scripsimus,
439 1659 627 1702 aliorum
668 1659 758 1702 hoc
801 1659 1108 1719 negligentiae
1150 1660 1223 1703 vel
1268 1660 1616 1703 malevolentiae

106 1738 304 1782 dandum
336 1739 433 1793 erit,
470 1753 560 1781 non
587 1739 784 1782 incuriae
818 1745 1010 1781 nostrae.
1082 1739 1151 1782 De
1180 1738 1409 1782 codicibus
1441 1740 1616 1783 Roma-

103 1817 170 1860 nis
212 1833 290 1860 cur
325 1817 440 1860 nihil
474 1817 740 1869 dixerimus,
784 1817 1078 1860 indicavimus
1108 1833 1155 1876 p.
1181 1818 1210 1862 6
1234 1818 1354 1872 init,
1399 1817 1456 1861 de
1483 1818 1615 1861 Pari-

103 1896 319 1939 siensibus
352 1902 501 1939 autem
537 1896 652 1939 nihil
685 1896 889 1949 diximus,
937 1895 1022 1938 nisi
1061 1911 1151 1954 quo
1182 1911 1300 1953 quae
1332 1896 1544 1956 legantur
1567 1896 1616 1940 in

102 1975 313 2034 catalogo
336 1974 457 2017 Bibl.
477 1975 597 2035 Reg.
622 1981 666 2018 et
686 1973 823 2018 Coisl.
846 1975 921 2017 vel
941 1975 1241 2033 suppleantur
1262 1975 1337 2018 vel
1363 1975 1614 2019 emenden-

102 2059 193 2096 tur:
241 2068 434 2110 namque
474 2053 521 2096 in
554 2054 784 2097 codicibus
818 2053 1139 2109 describendis,
1184 2068 1244 2097 ne
1271 2054 1374 2097 libri
1401 2054 1615 2098 volumen

102 2133 263 2176 frustra
288 2138 540 2192 augeretur,
576 2132 639 2174 ita
662 2147 842 2190 semper
862 2133 1027 2174 versati
1058 2147 1223 2186 sumus,
1255 2138 1306 2175 ut
1335 2132 1449 2175 nihil
1474 2148 1612 2192 repe-

100 2217 293 2254 teremus
329 2210 451 2268 quod
484 2226 538 2254 ex
567 2211 664 2254 aliis
702 2210 851 2263 libris,
896 2211 973 2267 qui
1009 2210 1064 2253 ab
1093 2211 1299 2253 omnibus
1322 2210 1612 2271 facilinego-

98 2289 164 2333 tio
193 2290 355 2348 inspici
388 2296 575 2348 possent
605 2287 866 2350 (catalogos
897 2289 1086 2333 dicimus
1107 2289 1228 2332 Bibl.
1248 2290 1387 2332 Paris.
1408 2290 1528 2350 Reg.
1567 2297 1612 2334 et

101 2366 255 2423 Coisl.,
276 2368 394 2411 Bibl.
418 2368 472 2412 D.
495 2368 639 2411 Marc.
666 2368 791 2430 Ven„
823 2369 944 2411 Bibl.
969 2365 1225 2427 Laurent.),
1261 2375 1420 2426 petere
1440 2369 1607 2412 liceret.

100 2447 161 2491 Iis
191 2463 306 2505 quae
332 2448 390 2490 de
422 2447 652 2490 codicibus
678 2448 787 2506 ipsis
822 2447 1147 2507 disputavimus
1179 2447 1444 2490 inseruimus
1473 2448 1609 2491 etiam

101 2542 154 2570 ea
184 2542 314 2585 quae,
351 2542 487 2584 quum
518 2541 607 2569 non
638 2526 694 2568 ad
724 2527 925 2586 singulos
957 2526 1179 2584 quosdam
1208 2526 1331 2568 locos
1352 2525 1606 2574 Aristotelis

103 2605 342 2649 commode
374 2606 657 2659 referrentur,
692 2606 808 2648 inter
832 2605 1006 2648 scholia
1038 2621 1063 2647 a
1094 2603 1220 2647 nobis
1250 2603 1443 2647 collecta
1464 2606 1608 2664 recipi

99 2699 191 2728 non
220 2698 354 2742 posse
384 2684 663 2727 viderentur:
701 2684 909 2728 dedimus
932 2685 1069 2743 igitur
1094 2698 1140 2741 p.
1165 2683 1194 2727 7
1217 2697 1313 2740 sqq.
1348 2698 1483 2740 quem
1505 2684 1606 2727 cod.

97 2763 311 2806 Laurent.
335 2764 413 2817 31,
436 2765 500 2808 37
520 2763 704 2807 exhibet
723 2764 1006 2823 'l‘opicorum
1029 2762 1190 2804 librum
1213 2776 1395 2817 nonum,
1424 2778 1472 2821 p.
1494 2763 1523 2808 9
1539 2779 1603 2820 sq.

102 2842 417 2901 exscripsimus
454 2859 570 2900 quae
597 2843 646 2886 in
676 2843 838 2887 eodem
867 2842 983 2885 libro
1019 2840 1076 2885 de
1108 2840 1421 2900 hypotheticis
1458 2842 1604 2902 syllo-

1284 2912 1337 2936 ἐμ)
