1884 3100
521 220 669 254 ΠΕΡΙ
695 218 1076 253 ΕΡΜΗΝΕΙΑΣ.
1445 217 1526 258 125

70 325 124 382 τῇ
144 320 192 368 δὲ
220 321 418 383 διαφορᾷ
454 315 596 378 ὄνομα
633 315 695 364 οὕ
721 322 879 364 κεῖται·
915 315 1012 364 ἀλλ’
1028 317 1136 364 ἔστω
1154 312 1367 375 ἀόριστον
1385 315 1521 380 ῥῆμα,

70 386 138 436 ὅτι
169 386 332 448 ὁμοίως
363 383 431 447 ἐφ’
464 384 664 432 ὁτουοῦν
689 382 890 444 ὑπάρχει,
921 386 996 431 καὶ
1026 383 1154 442 ὄντος
1181 385 1256 430 καὶ
1283 382 1345 448 μὴ
1375 383 1517 442 ὄντος.
1538 396 1573 424 15

71 454 235 517 ὁμοίως
279 455 326 501 δὲ
369 454 444 500 καὶ
486 451 537 500 τὰ
577 451 756 514 ὑγιάνεν
798 448 831 514 ἢ
863 450 916 498 τὸ
953 450 1127 515 υγιανεῖ
1157 449 1217 499 οὐ
1252 451 1373 515 ῥῆμα
1409 450 1522 499 ἀλλὰ

70 528 236 580 πτῶσις
264 521 480 584 ρηιιατος·
516 522 714 581 διαφέρει
736 519 783 566 δὲ
803 522 889 566 τοῦ
908 519 1116 582 ῥήματος,
1152 516 1219 566 ὅτι
1251 519 1305 567 τὸ
1336 521 1416 582 μὲν
1441 517 1524 568 cdv

73 590 276 652 παρόντα
297 589 618 668 προσσημαίνει
648 585 826 647 χρόνον,
849 584 904 632 τὰ
927 590 975 634 ὁὲ
994 586 1076 635 τὸν
1100 586 1236 670 πέριξ.

203 654 327 703 Αὐτοὶ
353 656 432 715 μὲν
462 647 548 701 οὖν
568 653 674 700 καθ’
705 651 840 700 {avuta
877 655 1086 716 λεγόμενα
1119 653 1173 701 τὰ
1207 654 1381 717 ῥήματα
1415 651 1523 701 ὀνό-

69 722 182 786 ματά
221 724 311 770 ἐστι
347 723 420 768 καὶ
433 722 670 805 σημαίνει
699 739 740 767 τι
771 722 943 784 (ἵστησι
970 721 1055 782 γιέρ
1090 719 1115 767 ὁ
1148 723 1287 783 λέγων
1314 720 1398 785 τήν
1425 721 1574 769 διά-ω

68 809 208 848 νοιαν,
243 791 318 836 καὶ
353 788 379 836 ὁ
416 787 533 836 ἆκου
523 789 620 847 ’σας
642 787 896 852 ἠρέμησεν),
918 788 1014 835 ἀλλ’
1036 790 1119 837 εἰ”
1094 803 1210 836 εστιν
1237 788 1267 853 ἢ
1286 789 1417 852 μή,ο
1392 788 1523 849 οὔπω

69 859 292 923 σηιιαίνει·
327 855 434 904 ουδὲ
461 855 546 917 γὰρ
579 854 633 903 τὸ
665 862 775 903 εἰναι
802 854 831 920 ἢ
858 855 919 921 μὴ
952 853 1062 904 εἶναι
1097 857 1285 920 σηιιεῖόν
1316 858 1404 904 ἐστι
1438 861 1524 904 τοῦ

69 926 339 988 πράγιιατος,
373 923 472 972 ov6’
502 943 558 970 αν
589 922 641 970 τὸ
678 943 732 971 ον
760 926 886 985 εἴπῃς
918 923 1031 972 αὐτὸ
1071 923 1178 971 καθ’
1205 923 1340 972 ἑαυτὸ
1370 925 1520 979 ψιλόν.

71 993 185 1042 αὐτὸ
205 994 284 1054 μὲν
303 991 388 1054 γὰρ
409 990 544 1039 ουδὲν
566 992 671 1048 ἐστι,
695 994 1014 1055 προσσημαίνει
1030 994 1078 1040 δὲ
1101 992 1319 1040 σύνθεσίν
1331 1011 1442 1050 τινα,
1462 990 1523 1056 ὴν

71 1060 180 1110 ἄνευ
196 1064 288 1107 τῶν
307 1060 604 1122 συγκειμένων
626 1078 712 1106 ουκ
732 1060 820 1106 ἔστι
839 1065 1011 1122 νοῆσαι.
1536 1074 1572 1104 25

202 1126 353 1190 Λόγος
404 1127 454 1173 δέ
505 1127 595 1174 ἐστι
642 1125 772 1190 φωνὴ
814 1126 1112 1211 σημαντική,ε
1139 1120 1197 1191 ἦς
1241 1130 1330 1173 τῶν
1377 1128 1572 1187 pem-5214

68 1214 110 1242 τι
175 1193 444 1279 σημαντικόν
500 1194 589 1241 ἐστι
653 1197 973 1255 κεχωρισμένον
994 1230 1007 1252 ,
1077 1212 1141 1251 ως
1193 1195 1354 1255 φάσις,
1425 1192 1523 1240 αλλ’

69 1261 156 1325 οὔχ
211 1282 274 1321 ως
328 1261 588 1323 κατάφασις.
639 1262 751 1323 λέγω
794 1263 857 1319 δέ,
907 1260 1005 1309 οἷον
1040 1259 1281 1322 ἄνθρωπος
1320 1262 1523 1323 σηιιαίνει

69 1331 150 1392 μέν
187 1349 244 1387 τι,
280 1328 374 1376 ἄλλ’
419 1328 504 1391 οὐχ
543 1327 611 1376 ὅτι
640 1330 756 1376 ἔστιν
785 1326 819 1393 ἢ
849 1327 938 1377 οὐκ
969 1331 1113 1377 ἔστιν·
1162 1326 1258 1375 ἄλλ’
1285 1329 1404 1375 ἔσται
1438 1347 1520 1375 κα-

68 1397 265 1459 τάφασις
286 1395 317 1461 ἢ
346 1395 588 1458 ἀπόφασις,
623 1396 700 1443 ἐάν
720 1416 761 1444 τι
783 1401 1028 1458 προστεθῇ.
1063 1394 1160 1443 ἄλλ’
1182 1396 1284 1457 ουχὶ
1320 1400 1407 1442 τοῦ
1441 1395 1572 1444 οἰων-

69 1465 266 1527 θρώπου
280 1463 482 1528 συλλαβὴ
498 1466 588 1525 μία.
624 1463 734 1511 οὐδὲ
751 1463 836 1526 γὰρ
857 1465 975 1531 ἐντῷ
991 1469 1081 1526 μῦς
1099 1461 1151 1511 τὸ
1161 1468 1219 1522 ῦς
1235 1463 1520 1527 σημαντικόν,

71 1530 181 1580 αλλὰ
209 1532 338 1596 φωνή
363 1533 450 1579 ἐστι
471 1536 558 1579 νῦν
576 1532 730 1593 μόνον.
765 1533 812 1579 ἐν
830 1534 877 1579 δὲ
895 1539 989 1590 τοῖς
1009 1536 1184 1590 διπλοῖς
1204 1533 1407 1595 σημαίνει
1426 1532 1520 1593 μέν,

71 1599 167 1647 ἄλλ’
185 1598 245 1647 οὐ
261 1598 366 1646 καθ’
389 1597 518 1651 αὑτό,
541 1597 604 1657 ὥς
624 1600 894 1684 προείρηται.

191 1665 320 1714 ’Ἐστι
349 1668 397 1713 δὲ
423 1666 561 1729 λόγος
586 1663 703 1725 ἅπας
728 1669 808 1727 μὲν
829 1666 1109 1730 σημαντικός,
1133 1664 1221 1727 οὐχ
1242 1686 1306 1724 ως
1326 1664 1520 1728 ὄργανον
1536 1681 1628 1723 p.1·1

69 1733 132 1793 δέ,
170 1732 266 1782 ἄλλ’
295 1732 445 1794 ὥσπερ
477 1736 658 1817 εἴρηται,
691 1732 803 1780 κατὰ
835 1734 1088 1797 συνθήκην.
1135 1732 1440 1795 αποφαντικὸς
1471 1736 1520 1782 δὲ

71 1800 131 1849 οὐ
152 1806 255 1859 πᾶς,
275 1800 370 1848 αλλ’
399 1801 443 1848 ἐν
460 1802 496 1866 ῴ
522 1799 574 1848 τὸ
597 1799 890 1886 ἄληθεύειν”“
859 1821 889 1885 η
912 1801 1164 1855 ψεύδεσθαι
1184 1801 1407 1862 υπαρχει.
1432 1800 1520 1848 οὐκ

71 1869 118 1916 ἐν
140 1867 283 1916 απασι
306 1870 354 1915 δὲ
385 1848 597 1928 ὑπαρχει,
641 1887 738 1914 οιον
770 1867 811 1951 ἡ
831 1887 940 1932 ευχη
973 1869 1110 1929 λόγος
1141 1868 1245 1928 μέν,
1289 1867 1385 1915 ἀλλ’
1415 1867 1519 1916 οὔτε

70 1934 250 1999 ἀληθὴς
261 1934 364 1983 οὔτε
375 1935 560 1998 ψευδής.
597 1936 640 1982 οἳ
659 1936 740 1996 μὲν
752 1929 837 1982 οὖν
855 1935 985 1982 ἄλλοι
1003 1934 1318 1996 αφείσθωσαν·
1339 1935 1553 1999 hypogn-⁵

69 2007 155 2067 κῆς
171 2001 254 2065 γὰρ
275 2000 309 2066 ἢ
341 2007 574 2066 ποιητικῆς
607 2003 848 2065 οἰκειοτέρα
882 2023 912 2067 η
947 2004 1128 2061 σκέψις·
1165 2001 1191 2049 ὁ
1226 2004 1273 2050 δὲ
1308 2019 1519 2065 αποφοιν-

70 2068 192 2129 τικός
210 2074 289 2133 τῆς
308 2074 394 2117 νῦν
410 2072 614 2129 θεωρίας.

193 2136 321 2184 Ἔστι
360 2138 408 2184 δὲ
448 2143 510 2195 εἱς
546 2140 721 2197 πρῶτος
752 2135 890 2197 λόγος
919 2134 1227 2196 ἄποφαντικὸς
1255 2135 1569 2196 κατάφασις,5

71 2201 161 2252 εἶτα
187 2203 439 2267 ἀπόφασις·
474 2205 519 2251 οὶ
546 2203 585 2251 6'
623 2203 754 2250 αλλοι
784 2203 945 2262 πάντες
974 2204 1207 2288 συνδέσμῳ
1230 2201 1304 2261 εἷς.
1352 2203 1521 2267 α’νάγκη

164 2320 206 2353 14
223 2319 390 2376 διαφορᾷ
409 2317 448 2352 δε
466 2321 536 2362 ens
561 2337 606 2343 —
635 2313 719 2352 15”
697 2330 756 2352 οτι
772 2330 813 2361 pr
832 2331 887 2351 om
906 2319 938 2353 d
959 2338 1005 2346 —
1031 2317 1177 2365 ὁτῳοῦν
1193 2331 1222 2353 e.
1247 2320 1360 2352 -16
1385 2317 1426 2352 τὸ
1452 2331 1520 2363 ουχ

71 2363 219 2419 υγιανεῖ
239 2379 259 2407 η
278 2378 347 2408 ουχ
365 2362 517 2408 υγιάνεν
533 2376 561 2402 e
587 2362 630 2398 τὸ
651 2362 709 2418 ὐγι
700 2366 799 2398 ιανεῖ
813 2364 876 2398 καὶ
891 2362 933 2398 τὰ
954 2363 1106 2419 ὑγίανεν
1128 2366 1165 2398 C.
1186 2384 1228 2390 ·-
1247 2361 1291 2406 η]
1311 2364 1374 2398 καὶ
1394 2366 1461 2408 Eg.
1477 2383 1520 2391 -

72 2407 190 2466 ἀλλὰ]
198 2410 288 2455 λέγω
303 2409 395 2444 ἀλλὰ
415 2412 461 2453 cf.
480 2429 525 2436 —
550 2411 593 2444 17
609 2407 766 2446 πτώσεις
784 2410 842 2452 (d)
861 2410 962 2445 εἰσὶ
948 2410 1112 2457 ρὴματος
1132 2412 1174 2444 G.
1193 2429 1237 2434 -
1267 2411 1306 2442 18
1325 2408 1365 2442 τὸ
1393 2411 1453 2443 Ee.
1477 2429 1519 2436 --

70 2454 160 2495 τούς
181 2457 223 2490 Ε.
248 2474 293 2482 -
321 2457 361 2490 19
380 2454 475 2490 αὐτὰ
492 2458 566 2511 efn.
590 2474 635 2481 —
659 2453 704 2488 τὰ
725 2453 872 2499 ῥήματα
891 2469 932 2499 pr
951 2469 1006 2489 om
1026 2468 1063 2501 g.
1085 2475 1126 2480 —-
1157 2457 1201 2488 20
1220 2453 1289 2497 τὴν
1308 2453 1520 2489 διάνοιαν
1500 2468 1519 2490 ο

71 2501 185 2546 λέγων
209 2502 246 2535 C.
275 2521 316 2527 —
341 2503 382 2535 21
411 2501 462 2543 εἰ]
485 2514 507 2541 η
530 2502 571 2534 G.
583 2502 680 2533 -22
697 2500 770 2555 γὰρ
791 2512 846 2533 om
869 2503 904 2535 C.
935 2520 977 2527 —
1003 2503 1046 2534 225
1073 2499 1189 2534 ἐὲνᾶ.
1199 2518 1243 2524 -·
1262 2497 1356 2534 αὐτὸ
1377 2512 1432 2532 om
1453 2511 1513 2556 gn

71 2566 118 2575 —
139 2542 229 2580 καθ’
248 2545 340 2581 αυτό
358 2558 427 2591 gn,
459 2559 515 2579 om
533 2558 560 2579 e.
593 2564 640 2571 -—
663 2546 707 2579 25
725 2544 793 2580 ov’n
813 2545 903 2590 ἔστι]
926 2545 1118 2580 ἀδύνατον
1134 2557 1172 2590 g
1201 2564 1242 2570 -
1273 2547 1318 2577 26
1339 2539 1398 2589 ἧς]
1420 2544 1519 2580 κατὰ

73 2594 278 2634 συνθήκην,
303 2587 346 2636 ἧς
367 2593 429 2627 Ad.
455 2610 500 2618 ——
524 2588 614 2625 28³¹
592 2605 613 2634 η
632 2588 824 2631 ἀπόφασις
839 2593 908 2624 add
927 2594 983 2635 As
995 2599 1074 2635 post
1095 2589 1316 2633 κατάφασις
1333 2609 1380 2616 —-
1395 2592 1440 2623 29
1451 2591 1519 2635 μὲν

74 2651 129 2671 orn
145 2639 338 2694 ABGdfg-r·
289 2650 351 2682 gn.
375 2656 421 2664 -—
454 2633 551 2672 ἀλλ’.
564 2637 797 2690 ..προστεθῇ
816 2649 872 2669 om
887 2649 919 2670 e.
944 2657 989 2663 —
1020 2639 1065 2671 30
1083 2635 1150 2680 οὐχ
1170 2634 1192 2680 ἡ
1212 2637 1294 2680 dsg,
1320 2648 1400 2669 corr
1419 2605 1477 2670 A?
1471 2655 1518 2663 —

74 2684 116 2717 31
137 2677 180 2723 ὗς
195 2695 224 2716 e.
250 2704 291 2710 -—
317 2685 360 2717 33
378 2682 488 2718 εαντό
508 2684 544 2717 C.
568 2702 615 2709 —
637 2679 760 2737 ω’σπερ
778 2683 921 2725 εἴρηται
944 2683 1033 2715 GEe,

164 2726 295 2762 nal‘'
269 2741 371 2768 απας
385 2728 492 2784 λόγος
507 2731 542 2772 s.
568 2747 608 2753 -
633 2739 700 2770 μεν
719 2735 798 2760 aute
815 2726 915 2767 ἅπας
933 2728 976 2768 Ε,
1001 2734 1080 2760 ante
1094 2723 1206 2770 ουχῙ.
1219 2745 1266 2753 -
1289 2724 1372 2766 2ως
1388 2727 1517 2772 προεί-

74 2775 239 2828 ρηταιΑ.
255 2793 299 2801 -
323 2776 344 2808 3
365 2773 456 2810 ουίι.
467 2772 661 2820 ..υπάρχει
677 2775 820 2816 omfet
839 2785 881 2818 pr
900 2773 933 2807 d.
954 2791 994 2798 -
1020 2773 1042 2806 4
1062 2771 1197 2807 name.
1220 2791 1262 2798 --
1288 2768 1313 2816 ἤ
1331 2783 1387 2805 om
1405 2783 1444 2817 g.
1472 2792 1514 2798 —

75 2819 96 2853 9
114 2816 251 2860 πάντες
270 2831 326 2853 om
343 2831 378 2855 n.
