1794 3086
660 165 910 212 Anulytloa
933 163 1105 210 priora.
1551 160 1635 200 509

239 266 338 322 Gap.
371 264 437 307 15.
500 265 568 305 De
602 265 932 319 propositionum
968 263 1238 319 oppositione.
1266 294 1269 297 .
1314 263 1366 301 :31
1411 260 1465 300 In
1496 262 1636 315 prima

118 333 270 387 figura
295 344 379 371 non
407 329 670 371 concluditur
699 343 753 369 ex
780 330 980 383 oppositis
1011 326 1376 383 propositionibus,
1412 328 1467 366 40
1492 327 1539 366 in
1564 340 1636 367 se-

132 395 269 436 cunda
308 395 572 436 concluditur
610 407 664 434 ex
692 396 889 448 oppositis
918 396 1104 442 (64a20)
1135 398 1177 432 et
1203 393 1250 432 in
1276 392 1420 432 tertia.
1474 393 1527 431 33
1555 391 1635 432 Al-

130 466 225 500 tera
260 461 492 514 propositio
531 458 704 499 aliunde
734 459 911 513 probari
935 459 1054 498 solet.
1123 460 1175 497 38
1203 455 1356 496 Series
1384 457 1636 510 copulantur

127 526 432 579 propositiones
469 524 698 578 oppositae.
761 526 813 562 67
862 522 972 563 Vera
1009 523 1216 562 conclusio
1253 535 1307 562 ea·
1344 523 1396 562 iis
1420 523 1528 576 fieri
1551 534 1636 562 non

125 595 282 643 potest.
348 591 398 627 13
438 588 484 627 E
517 588 847 640 repugnantibus
882 588 1095 640 colligitur
1131 587 1240 641 quod
1266 587 1483 641 hypothesi
1509 599 1637 640 repu-

129 659 247 706 gnat.
303 654 355 692 1⁷
400 651 456 691 Ut
482 653 768 704 repugnantia
802 652 1106 705 praedicentur
1141 651 1196 692 de
1224 652 1368 692 eodem
1394 653 1441 692 in
1469 652 1636 692 conclu-

129 718 259 766 sione,
302 722 376 756 aut
409 716 603 770 pluribus
641 717 888 770 syllogismis
926 730 1027 771 opus
1056 721 1117 756 est
1146 722 1221 757 aut
1248 718 1295 757 in
1320 717 1424 771 ipsis
1445 714 1636 771 prbposi-

131 781 313 822 tionibus
339 782 477 820 inesse
505 780 628 820 debet
654 782 951 835 repugnantia.

131 847 284 886 63b24
311 842 618 897 ἀντικειμένας,
644 858 679 884 v.
707 860 809 898 quae
836 847 1008 886 diximus
1037 846 1086 885 ad
1116 846 1264 885 llblo
1291 850 1392 887 extr.

131 912 283 951 63b33
310 910 600 962 καταφατικὸς
626 908 706 962 μὲν
733 940 743 950 .
767 939 778 950 .
799 938 811 950 .
873 911 1134 963 Negationem
1161 910 1335 950 additam
1364 909 1641 963 exspectabas.

185 975 327 1014 Simile
355 980 418 1015 est
445 975 553 1027 quod
581 975 774 1015 habemus
802 976 981 1014 746629
1006 976 1100 1022 ταῖς
1126 972 1206 1027 μὲν
1233 974 1286 1016 οὐ
1313 973 1476 1027 γίνεται
1510 986 1639 1015 κατα-

185 1038 330 1093 μήνια,
358 1041 448 1088 τοῖς
475 1037 522 1080 δὲ
548 1038 672 1092 γονή,
712 1040 766 1080 cf.
788 1040 1006 1087 1010b27,
1045 1053 1162 1091 quem
1191 1040 1323 1080 locum
1349 1040 1639 1092 adscripsimus

185 1106 235 1144 ad
261 1106 428 1153 641126,
459 1108 502 1144 et
529 1106 715 1153 1219b1,
742 1117 862 1154 quem
891 1105 1102 1144 habuimus
1130 1105 1180 1144 ad
1203 1106 1342 1145 3b13.

132 1170 284 1210 63b35
321 1166 387 1209 ὅτι
423 1167 470 1209 αἱ
494 1165 572 1221 μὲν
598 1197 609 1208 .
631 1196 642 1207 .
665 1197 677 1208 .
738 1168 802 1208 Ex
838 1168 1176 1221 propositionibus
1212 1169 1524 1221 repugnantibus
1563 1180 1643 1208 non

185 1233 233 1273 fit
261 1233 465 1273 conclusio
501 1246 649 1286 negans
687 1232 728 1272 in
765 1234 894 1285 prima
920 1234 1061 1285 figura,
1104 1234 1196 1285 quia
1223 1246 1345 1272 unum
1373 1234 1564 1285 idemque
1591 1232 1644 1273 de

186 1298 330 1338 eodem
357 1297 485 1337 altero
511 1301 553 1336 et
579 1298 838 1350 praedicatur
863 1301 906 1337 et
932 1302 1115 1351 negatur,
1144 1298 1250 1350 quod
1278 1297 1357 1350 ipsi
1376 1298 1539 1347 rationi,
1566 1311 1644 1350 qua

184 1361 482 1415 propositiones
528 1362 569 1401 in
617 1362 746 1414 prima
782 1362 913 1415 figura
956 1362 1139 1414 coniungi
1176 1362 1366 1412 dehent‚·
1394 1362 1643 1403 adversatur.

186 1427 365 1479 Apparet
400 1429 534 1465 autem
571 1426 651 1465 hoc
686 1426 791 1465 idem
828 1431 1104 1478 argumentum
1142 1431 1186 1466 ut
1221 1427 1262 1466 in
1299 1428 1548 1480 negantibus,
1585 1427 1642 1467 itu

188 1492 308 1530 etiam
334 1491 375 1530 in
404 1489 697 1529 affirmantibus
725 1490 967 1542 syllogismis
997 1492 1140 1530 valere.

101 1569 109 1574 ·
132 1556 284 1595 63b40
329 1554 364 1593 E
402 1554 716 1606 repugnantibus
755 1555 1090 1606 propositionibus
1126 1554 1377 1594 concluditur
1422 1555 1462 1595 in
1499 1554 1644 1608 primis

186 1619 342 1659 (luobus
375 1617 521 1663 modis,
560 1617 600 1655 in
638 1617 819 1668 reliquis,
858 1631 959 1669 quos
997 1620 1191 1672 exemplis
1227 1632 1305 1659 non
1343 1619 1529 1671 illustrat,
1570 1619 1644 1661 sed

186 1682 315 1734 tangit
340 1684 495 1720 tantum
523 1682 686 1730 64:112,
714 1693 764 1720 ex
794 1684 1018 1732 contrariis,
1047 1684 1081 1722 si
1109 1684 1279 1722 sumitur
1300 1683 1417 1723 B=
1434 1685 1482 1724 Γ.

134 1748 255 1787 6431
294 1743 330 1785 εἰ
357 1743 411 1798 δὴ
438 1747 582 1785 πᾶσαν
610 1773 620 1784 .
644 1773 655 1783 .
680 1773 692 1785 .
755 1744 1045 1796 Explicationis
1071 1747 1199 1799 gratia
1234 1747 1337 1787 haec
1364 1748 1500 1788 addita
1528 1754 1645 1790 sunt:

187 1824 277 1851 nam
305 1810 501 1849 terminus
528 1810 584 1860 A,
621 1808 670 1850 τὸ
697 1807 883 1861 ἀγαθόν,
921 1823 1167 1863 consequens
1196 1815 1259 1852 est
1286 1811 1372 1852 eius
1398 1814 1508 1864 quod
1534 1826 1645 1854 sum-

187 1881 275 1916 tum
304 1878 380 1921 est,
407 1875 489 1915 τοῦ
517 1873 774 1915 σπουδαίου.

134 1942 256 1982 6484
283 1937 442 1991 ὁμοίως
471 1937 518 1980 δὲ
545 1968 556 1978 .
576 1969 587 1979 .
607 1968 618 1980 .
682 1940 782 1980 Item
811 1938 846 1979 si
873 1939 1066 1979 sumimus
1094 1940 1287 1980 terminos
1315 1942 1358 1981 A
1384 1937 1433 1982 τὸ
1460 1939 1644 1995 α’γαθόν,

192 2006 230 2046 Β
254 2001 334 2057 τὴν
360 1999 606 2058 ἐπιστήμην,
634 2004 678 2046 Γ
698 2002 778 2058 τὴν
806 2001 1000 2058 ἰατρικήν
1027 2002 1126 2057 (τὴν
1143 2003 1239 2045 τινὰ
1260 2003 1496 2060 ἐπιστήμην
1516 2021 1575 2051 vs.
1585 2011 1645 2057 6).

135 2073 286 2112 64:110
312 2068 506 2121 διαφέρει
525 2068 571 2111 δὲ
600 2097 612 2108 .
633 2101 645 2112 .
668 2100 679 2110 .
717 2070 939 2110 Discrimen
967 2070 1117 2110 indicat
1137 2071 1256 2123 primi
1273 2072 1381 2110 modi
1399 2075 1443 2111 et
1465 2073 1645 2116 secundi.

136 2137 286 2176 64a17
321 2131 349 2187 ἢ
388 2132 493 2175 ὅλον
529 2134 637 2187 πρὸς
661 2132 813 2188 μέροςε
851 2147 942 2174 nam
970 2134 1076 2186 quod
1104 2135 1156 2174 de
1185 2141 1269 2175 toto
1298 2136 1566 2187 praedicatur,
1601 2137 1645 2178 id

190 2201 244 2240 de
279 2203 393 2251 parte
432 2201 567 2252 negari
605 2200 741 2252 nequit
778 2203 818 2238 et
855 2198 961 2251 quod
989 2199 1041 2238 de
1075 2203 1191 2252 parte
1217 2200 1482 2252 praedicatur,
1520 2200 1562 2240 id
1590 2202 1644 2242 de

189 2269 276 2304 toto
311 2263 447 2317 negari
483 2264 643 2316 nequit:
683 2262 790 2316 quod
824 2263 1016 2316 patefecit
1054 2277 1127 2316 per
1153 2264 1379 2316 exemplum
1407 2261 1639 2321 ἐπιστήμης
1708 2300 1717 2305 .

191 2333 234 2370 et
260 2327 462 2382 ἰατρικῆς.

137 2395 286 2434 64821
315 2391 385 2434 διὰ
410 2390 492 2446 τὴν
518 2389 745 2445 εἰρημένην
771 2390 925 2442 αἰτίαν,
953 2405 991 2435 ν.
1011 2392 1097 2432 631)
1110 2395 1174 2432 33.

137 2460 286 2498 64:124
325 2459 367 2498 A
393 2457 608 2498 terminum
636 2458 826 2507 medium,
849 2458 902 2499 -Β
929 2459 1120 2498 minorem
1149 2456 1363 2509 significat,
1399 2457 1506 2510 quod
1533 2461 1647 2511 putet

193 2536 244 2562 ex
271 2524 551 2575 sequentibus:
591 2535 713 2574 quare
739 2535 796 2563 vs.
813 2525 879 2574 28,
906 2523 975 2563 ubi
1003 2523 1055 2562 de
1081 2527 1196 2561 sexto
1225 2523 1343 2561 modo
1369 2522 1511 2562 tertiae
1539 2523 1645 2577 figu-

193 2601 262 2632 rae
289 2588 478 2639 loquitur,
507 2587 770 2639 praeferenda
797 2588 875 2627 erit
901 2588 1023 2628 lectio
1052 2587 1143 2636 BA,
1170 2600 1288 2639 quam
1315 2587 1457 2638 optimi
1485 2587 1645 2629 codices

193 2664 284 2691 eum
312 2656 390 2692 vet.
419 2652 517 2705 intp.
552 2651 641 2693 cod.
675 2651 797 2691 Goth.
827 2653 1035 2704 praebent.
1109 2652 1246 2702 Quinti
1283 2651 1391 2691 modi
1431 2664 1511 2692 non
1547 2650 1647 2693 fecit

191 2716 447 2757 mentionem.
502 2717 615 2767 Quae
642 2721 774 2756 autem
801 2717 956 2757 addidit
980 2729 1059 2757 vss.
1081 2718 1240 2756 30—32
1267 2729 1316 2756 ea
1339 2715 1451 2757 etde
1467 2716 1645 2758 secunda

193 2784 236 2821 et
259 2780 313 2821 de
336 2782 455 2823 tertia
484 2782 614 2836 figura
642 2780 747 2821 dicta
774 2785 880 2822 sunt.
