1780 3100
190 207 269 247 352
750 209 1122 244 Hermeneutica.

190 305 276 344 201)
289 306 337 343 15
364 302 470 357 λέγω
487 302 531 344 δὲ
550 302 598 344 ἓν
620 334 631 345 .
651 334 662 345 .
685 334 696 345 .
715 307 847 344 10063
860 307 910 344 32
940 303 1046 356 λέγω
1075 303 1120 345 δὲ
1140 302 1187 345 τὸ
1205 305 1254 345 ἓν
1275 305 1494 358 σημαίνειν
1521 310 1668 349 τοῦτο·

244 366 281 408 εἰ
316 370 431 408 τοῦτ’
460 367 571 407 ἔστιν
597 368 848 416 ἄνθρωπος,
876 366 930 407 ἂν
955 365 983 420 ἦ
1010 382 1050 408 τι
1076 370 1315 420 ἄνθρωπος,
1342 371 1455 410 τοῦτ’
1484 369 1596 410 ἔσται
1622 371 1669 411 τὸ

243 430 458 483 ἀνθρώπῳ
495 426 612 469 εἶναι.
661 429 846 483 διαφέρει
883 431 920 471 δ’
960 430 1091 472 οὐθὲν
1127 432 1219 472 οὐδ’
1256 433 1290 472 εἰ
1323 433 1448 473 πλείω
1475 447 1537 481 τις
1564 433 1669 486 φαίη

244 493 461 546 σημαίνειν
497 493 631 543 μόνον
667 493 712 534 δὲ
749 492 979 545 ὡρισμένα·
1021 495 1159 547 τεθείη
1198 495 1279 547 γὰρ
1318 496 1371 536 ἂν
1409 495 1475 548 ἐφ’
1514 494 1671 551 ἑκάστῳ

243 561 300 608 τῷ
327 557 437 610 λόγῳ
466 555 610 606 ἕτερον
637 558 786 608 ὄνομα.
825 558 930 610 λέγω
959 558 997 598 δ’
1028 554 1120 598 οἷον
1148 559 1183 598 εἰ
1209 558 1266 611 μὴ
1294 559 1397 612 φαίη
1426 560 1473 600 τὸ
1501 561 1671 612 ἄνθρω-

242 632 322 667 πος
347 619 395 659 ἓν
423 620 651 672 σημαίνειν,
678 620 812 661 πολλὰ
841 620 898 670 δέ,
925 613 985 661 ὧν
1012 620 1103 669 ἑνὸς
1131 620 1208 672 μὲν
1236 617 1292 669 εἷς
1320 623 1457 675 λόγος,
1486 624 1533 664 τὸ
1562 624 1671 679 ζῷον

243 682 410 723 δίπουν.
467 682 544 723 εἰσὶ
580 682 625 723 δὲ
660 683 730 724 καὶ
766 683 898 736 ἕτεροι
924 684 1115 732 πλείους,
1153 684 1378 737 ὡρισμένοι
1406 686 1450 726 δὲ
1477 685 1551 726 τὸν
1579 687 1671 738 029⁶-

243 746 378 798 θμόν·
418 746 556 798 τεθείη
585 745 666 798 γὰρ
693 746 746 787 ἂν
772 747 885 788 ἰ’διον
912 750 1050 800 ὄνομα
1076 747 1176 788 καθ’
1203 746 1379 789 ἕκαστον
1406 751 1491 789 τῶν
1518 749 1669 801 λόγων.

242 809 277 849 εἰ
314 809 359 850 δὲ
396 806 452 862 μὴ
489 810 651 861 τεθείη,
686 811 773 850 ἀλλ’
813 813 963 860 ἄπειρα
997 811 1216 862 σημαίνειν
1242 812 1361 864 φαίη
1391 814 1579 864 φανερὸν
1607 809 1671 853 ὅτι

196 906 198 915 ,
241 872 320 913 οὐκ
348 872 402 914 ἂν
429 873 490 926 εἴη
518 874 664 923 λόγος
702 881 743 913 et
781 888 879 925 qnae
908 888 991 924 seq.
1048 876 1162 922 Quod
1189 880 1324 913 nostro
1353 877 1439 914 loco
1468 877 1565 915 dicit
1591 875 1670 916 οὐκ

204 953 207 957 “
240 933 345 977 ἐὰν.
402 938 510 977 ,hoc
539 941 611 976 est.
667 932 770 992 Pion
783 938 872 975 dico
896 950 1030 975 unum
1038 949 1177 985 esse,
1192 939 1246 975 si
1266 951 1343 983 uno
1379 940 1533 977 nomine
1560 952 1669 993 com-

212 1001 478 1050 *plectamur
484 1004 619 1048 Alme
621 990 711 1036 ιιῖιιι
753 1011 867 1036 unam
901 1011 1005 1048 rem,
1046 1000 1115 1037 sed
1151 985 1300 1050 plures
1303 996 1546 1052 significent
1569 1014 1670 1052 quae

210 1083 213 1086 -
241 1063 347 1100 nullo
385 1062 462 1099 alio
495 1062 649 1099 vinculo
684 1062 785 1100 inter
822 1074 865 1099 se
894 1062 1124 1100 coniunctae
1153 1063 1230 1102 sint
1255 1063 1329 1102 nisi
1356 1065 1459 1114 quod
1486 1077 1563 1103 uno
1591 1077 1669 1103 no-

242 1125 351 1163 mine
371 1124 634 1174 appellentur.
737 1159 740 1161 ,

187 1188 336 1226 201ι22
363 1202 389 1239 η
417 1184 614 1238 ἐρωτησις
639 1185 668 1239 ἦ
697 1148 995 1240 διαλεκτικη..
1019 1190 1172 1228 7.2ιι9
1201 1187 1433 1241 διαλεκτικὴ
1461 1186 1538 1239 μὲν
1563 1187 1667 1240 πρό-

238 1258 356 1298 τασις
381 1249 409 1302 ἦ
436 1249 592 1301 ὁμοίως
618 1250 895 1302 λαμβάνουσα
924 1250 1232 1301 ὁποτερονοῦν,
1269 1254 1371 1302 quod
1400 1255 1544 1290 ‘natm
1571 1253 1670 1291 dicit

240 1311 432 1365 ἐρώτημα
454 1313 771 1365 συλλογιστικὸν
797 1313 868 1355 καὶ
894 1314 1095 1364 πρότασις
1121 1313 1392 1365 άντιφάσεως,
1422 1314 1472 1354 cf.
1502 1316 1669 1354 24a25:

242 1391 362 1428 quare
383 1383 516 1416 nostro
546 1379 632 1416 loco
661 1379 756 1416 dicit
783 1376 809 1430 ἢ
838 1380 911 1431 τῆς
938 1378 1177 1429 προτάσεως
1204 1376 1230 1429 ’ἢ
1253 1408 1263 1419 .
1289 1408 1299 1419 .
1324 1408 1333 1418 .
1355 1379 1436 1416 sive
1456 1378 1603 1428 petitur
1625 1381 1668 1415 ut

243 1441 463 1491 propositio
481 1441 632 1491 prolata
653 1442 738 1491 ipsa
752 1443 1003 1489 concedatur,
1021 1443 1102 1480 sive
1122 1447 1165 1480 ut
1183 1442 1300 1480 detur
1314 1441 1433 1479 altera
1449 1445 1533 1478 utra
1547 1452 1669 1478 enun-

241 1503 446 1541 tiationum
467 1505 734 1553 oppositarum
756 1526 808 1533 -—
828 1516 993 1554 namque
1013 1505 1089 1542 hoc
1113 1505 1321 1556 discrimegl
1350 1508 1412 1541 est
1438 1504 1540 1541 inter
1565 1500 1669 1552 πρό-

238 1573 360 1605 τασιν
397 1570 438 1603 et
477 1564 726 1617 πρόβλημα,
759 1578 794 1604 v.
827 1568 1000 1606 101b29
1035 1578 1118 1616 sqq.
1155 1588 1207 1594 —-
1234 1566 1328 1604 nihil
1365 1566 1466 1603 enim
1502 1566 1670 1604 interest

236 1634 369 1668 utrum
398 1629 526 1667 locum
554 1630 720 1676 habeat,
757 1630 937 1678 quoniam
977 1642 999 1666 e
1025 1629 1288 1675 respondente
1317 1628 1463 1674 pendet
1490 1627 1579 1675 quid
1608 1627 1669 1664 af-

238 1692 396 1729 firmare
417 1692 524 1736 velit,
544 1692 636 1740 quid
666 1703 820 1740 negare.
851 1690 996 1726 104a8
1023 1684 1109 1726 ἔστι
1137 1685 1182 1726 δὲ
1207 1686 1409 1736 πρότασις
1434 1685 1666 1740 διαλεκτικὴ

238 1752 434 1805 ἐρώτησις
456 1751 638 1800 ἔνδοξος.
665 1752 721 1791 lb.
747 1753 794 1788 12
818 1748 895 1789 εἰσὶ
922 1748 968 1790 δὲ
993 1749 1214 1802 προτάσεις
1241 1747 1493 1789 διαλεκτικαὶ
1519 1748 1590 1789 καὶ
1616 1749 1668 1790 τὰ

235 1818 325 1863 τοῖς
347 1813 532 1864 ἐνδόξοις
553 1814 679 1865 ὅμοια
704 1811 775 1854 καὶ
799 1813 1001 1853 τάναντία
1027 1815 1117 1854 κατ’
1145 1812 1370 1863 ἀντίφασιν
1397 1814 1485 1860 τοῖς
1511 1812 1668 1854 δοκοῦ-

240 1888 309 1919 σιν
327 1879 523 1927 ἐνδόξοις
541 1874 649 1918 εἶναι
675 1877 988 1928 προτεινόμενα.
1019 1879 1191 1916 158314
1215 1876 1268 1916 οὐ
1294 1875 1412 1916 δοκεῖ
1436 1874 1482 1916 δὲ
1508 1880 1593 1916 πᾶν
1618 1876 1667 1917 τὸ

236 1942 429 1984 καθόλου
457 1940 690 1993 διαλεκτικὴ
717 1940 917 1990 πρότασις
945 1935 1072 1990 εἶναι,
1101 1934 1194 1979 οἷον
1220 1939 1260 1979 τί
1285 1938 1397 1979 ἐστιν
1423 1941 1667 1989 ἄνθρωπος,

237 2005 265 2059 ἢ
292 2006 486 2057 ποσαχῶς
522 2004 682 2056 λέγεται
717 2003 930 2054 τάγαθόνς
964 2002 1048 2043 ἔστι
1080 2001 1162 2054 γὰρ
1199 2002 1398 2052 πρότασις
1433 2002 1667 2057 διαλεκτικὴ

237 2069 345 2120 πρὸς
371 2069 425 2121 ἣν
454 2068 565 2109 ἔστιν
591 2066 903 2117 ἀποκρίνασθαι
929 2065 1000 2106 ναί
1024 2064 1051 2118 ἢ
1080 2067 1142 2106 οὔ.
1178 2066 1285 2105 Idem
1315 2067 1505 2117 significat
1532 2072 1667 2106 nostro

236 2134 325 2172 loco
352 2145 409 2173 vs.
438 2135 500 2171 27.
524 2153 578 2160 --
603 2131 647 2170 Id
674 2136 802 2170 autem
832 2131 910 2178 (sic
937 2130 1068 2181 pergit
1095 2143 1149 2168 vs.
1174 2131 1245 2175 24)
1274 2130 1377 2179 quod
1406 2131 1669 2180 respondetur

237 2197 286 2235 ad
327 2197 593 2247 quaestionem
631 2194 872 2232 dialecticam
910 2205 984 2232 non
1013 2206 1088 2231 una
1116 2193 1191 2231 erit
1218 2192 1453 2239 enuntiatio,
1481 2193 1571 2242 quia
1599 2206 1669 2232 ne-

239 2273 316 2311 que
343 2259 448 2309 quod
478 2257 699 2309 quaesitum
728 2261 788 2295 est
815 2270 930 2295 unum
961 2259 1069 2305 erat,
1110 2268 1340 2305 quamquam
1369 2255 1476 2304 quod
1502 2267 1666 2306 respon-

237 2323 355 2362 detur
382 2334 458 2360 uno
485 2321 606 2359 verbo
634 2319 1071 2370 saepiusexprimitur,
1114 2319 1164 2357 de
1191 2331 1268 2369 quo
1295 2318 1371 2354 iam
1399 2329 1454 2355 vs.
1482 2319 1534 2356 20
1561 2318 1667 2367 cogi-

238 2387 380 2424 tavisse
408 2384 586 2432 videtur,
614 2384 682 2421 ubi
710 2383 805 2421 dicit
842 2378 965 2433 φωνὴ
993 2380 1071 2430 μὲν
1098 2379 1182 2431 μία.
1213 2380 1279 2419 ΙιιΙ.
1307 2379 1445 2417 Pacius
1462 2377 1513 2418 'et
1539 2380 1668 2419 Buhle

237 2449 287 2488 ad
314 2461 370 2486 vs.
392 2449 444 2486 26
472 2445 643 2485 conferri
670 2445 806 2484 volunt
831 2444 931 2495 'lop.
955 2443 1059 2494 vul,
1080 2448 1117 2493 ’1,
1145 2443 1247 2494 quod
1275 2443 1436 2480 minime
1465 2443 1665 2481 convenit:

236 2511 399 2562 respicit
427 2510 531 2547 enim
559 2509 606 2547 ad
637 2509 761 2560 prima
790 2509 917 2560 capita
944 2508 1183 2559 'lopicorum
1205 2505 1294 2545 libri
1312 2503 1537 2542 V111.nam
1563 2504 1668 2554 quod

237 2574 335 2612 dicit
361 2586 419 2613 vs.
440 2575 492 2611 26
510 2570 604 2622 περὶ
633 2570 774 2611 αὐτῶν
802 2583 875 2609 non
905 2575 968 2610 est
993 2568 1088 2621 περὶ
1113 2571 1191 2609 τοῦ
1218 2565 1275 2619 μὴ
1301 2565 1403 2616 μίαν
1429 2561 1538 2606 εἶναι
1564 2566 1666 2619 μήτε

238 2632 315 2687 τὴν
363 2633 564 2688 ἐρώτησιν
600 2633 678 2687 τὴν
717 2632 979 2686 διαλεκτικὴν
1014 2633 1115 2686 μήτε
1149 2629 1227 2684 την
1260 2629 1503 2680 ἀπόκρισιν,
1550 2643 1667 2680 quem

238 2710 397 2738 sensum
437 2701 503 2751 qui
538 2700 578 2738 in
618 2698 705 2737 istis
733 2699 862 2737 verbis
890 2696 1188 2749 deprehendere
1215 2694 1288 2733 sibi
1314 2694 1496 2748 videatur
1523 2694 1573 2731 ad
1600 2705 1665 2731 so-

235 2760 428 2813 phisticos
456 2762 644 2803 elenchos
673 2762 804 2808 (1671)
820 2762 871 2800 38
898 2761 986 2800 coll.
1013 2759 1176 2806 16926)
1204 2758 1336 2808 potius
1360 2756 1553 2808 quam'ad
1580 2754 1662 2795 To-
