1884 3100
727 210 1026 258 categoriae.
1548 206 1631 247 ΞΒ

172 311 281 366 λέγω
310 310 350 354 δ’
378 308 531 359 οὐσίας
556 311 635 363 μὲν
659 309 713 352 τοί
747 323 792 351 τε
818 307 932 351 ἆπλᾶ
970 308 1167 362 σώματα,
1205 300 1304 350 οἷον
1329 307 1420 358 πῦρ
1447 304 1521 348 καὶ
1545 307 1631 361 γῆν

172 375 246 420 καὶ
266 375 320 418 τὰ
341 375 543 429 σύστοιχα
566 376 736 425 τούτοις
759 373 834 417 καὶ
859 372 942 415 ὅσα
969 371 1015 415 ἐκ
1041 373 1225 421 τούτων,
1252 366 1351 414 οἷον
1365 371 1444 413 τόν
1466 384 1510 412 τε
1527 370 1630 412 σύν-

173 443 279 484 ολον
305 440 499 494 οὐρανὸν
525 440 598 483 καὶ
622 440 675 482 τὰ
702 440 833 494 μόρια
861 439 998 481 αὐτοῦ
1025 437 1099 480 καὶ
1125 438 1256 480 πάλιν
1282 437 1336 478 τοί
1361 450 1406 478 τε
1441 437 1528 492 ζῷα
1558 433 1632 477 καὶ

173 506 226 549 τὰ
254 505 372 561 φυτὰ
398 504 471 548 καὶ
497 505 549 548 τὰ
576 506 711 559 μόρια
731 505 913 546 τούτων.
954 505 1086 544 Etiam
1115 518 1217 555 quae
1245 504 1429 555 leguntur
1454 503 1568 542 3181)
1578 504 1630 541 33

174 570 255 625 τὴν
281 570 391 624 ὕλην
418 570 639 624 διαφέρειν
665 569 693 624 ἢ
719 571 779 626 τῷ
809 568 963 610 οὐσίαν
992 564 1103 609 εἶναι
1129 567 1156 621 ἢ
1183 572 1243 621 τῷ
1270 566 1329 620 μή
1363 567 1487 606 sacsse
1513 566 1631 605 intel-

171 637 345 689 ligentur
364 638 519 676 collatis
542 637 591 675 iis
617 649 718 687 qnae
740 639 1071 687 praecesserunt,
1099 634 1264 685 μᾶλλον
1290 631 1388 673 τόδε
1414 644 1456 671 τι
1481 627 1556 671 καὶ
1573 623 1632 670 εἷ-

171 698 249 747 δος
273 701 410 740 ταῦτα
440 702 630 749 (πνεῦμα
656 697 729 740 καὶ
756 697 859 751 αὴρ)
887 700 964 753 τῆς
989 700 1083 752 γῆς.
1111 721 1161 728 -
1193 699 1340 750 Geor-g.
1361 697 1634 748 pachymeres

170 765 290 816 (epit.
310 765 387 816 log.
417 764 544 804 Oxon.
561 766 678 803 1666.
699 778 739 816 p.
759 766 844 809 22.)
868 765 920 803 de
942 770 1079 803 nostro
1096 763 1183 801 loco
1201 764 1302 801 haec
1321 762 1468 801 habet:
1495 761 1634 800 ταῦτα

171 825 219 869 δέ
259 837 367 880 φησι
406 827 478 869 διὰ
507 828 721 869 Πλάτωνα
747 830 909 881 μᾶλλον
937 825 1092 868 οὐσίαν
1117 824 1190 867 καὶ
1216 825 1391 878 πρώτην
1416 822 1492 872 τὰς
1519 822 1636 872 ἰδέας

171 891 365 946 λέγοντα,
385 892 413 933 ἄ
434 891 522 934 έστι
548 892 600 934 τὰ
627 893 730 946 γένη
758 890 832 934 καὶ
856 891 908 933 τὰ
937 891 1043 944 ε’ίδη.
1065 914 1115 921 -
1144 891 1203 930 De
1227 891 1398 938 ratione,
1427 902 1532 942 quae
1561 889 1634 928 ob-

172 959 275 998 tinet
301 958 406 997 inter
443 957 618 1006 οὐσίαν,
647 957 804 1010 φύσιν,
840 955 1021 1010 γένεσιν,
1051 970 1086 997 v,
1116 955 1285 1008 Trdlbg.
1307 956 1360 994 de
1383 967 1444 993 an.
1474 968 1517 1006 p.
1541 955 1634 995 188.

173 1022 342 1062 Ατίείοῐ.
363 1024 538 1062 641326
572 1025 648 1077 τῆς
682 1022 854 1075 φύσεως
890 1021 1019 1075 διχῶς
1044 1018 1275 1073 λεγομένης
1300 1016 1374 1059 καὶ
1403 1019 1535 1070 οὔσης
1558 1018 1636 1071 τῆς

171 1083 251 1137 μὲν
286 1085 345 1133 ὠς
377 1084 483 1140 ὕλης
508 1089 586 1140 τῆς
612 1087 650 1128 δ’
679 1086 738 1135 ὠς
763 1085 914 1134 οὐσίας
937 1116 947 1126 .
974 1115 984 1125 .
1008 1117 1020 1128 .
1049 1086 1247 1125 1015314
1274 1082 1303 1136 ἦ
1328 1082 1475 1135 πρώτη
1504 1081 1635 1134 φύσις

170 1149 243 1191 καὶ
269 1150 432 1202 κυρίως
457 1151 664 1205 λεγομένη
692 1149 807 1192 ἐστὶν
833 1150 863 1206 ἦ
890 1149 1018 1191 οὐσία
1044 1148 1073 1202 ἦ
1099 1149 1188 1189 τῶν
1207 1145 1393 1201 ἐχόντων
1413 1145 1552 1200 ἀρχὴν
1570 1161 1635 1188 κι-

171 1215 335 1269 νήσεως
362 1213 410 1256 ἐν
437 1216 585 1264 αὐτοῖς
610 1210 640 1268 ᾗ
667 1216 799 1257 αὐτοί·
835 1215 865 1269 ἦ
891 1214 974 1268 γὰρ
1001 1213 1083 1266 ὕλη
1111 1217 1171 1266 τῷ
1197 1212 1356 1265 ταύτης
1382 1210 1550 1265 δεκτικὴ
1575 1207 1634 1253 εἷ-

171 1294 246 1321 ναι
282 1278 446 1333 λέγεται
483 1281 614 1332 φύσις
649 1278 723 1322 καὶ
760 1280 807 1321 αἱ
838 1279 1023 1333 γενέσεις
1057 1276 1131 1319 καὶ
1166 1277 1215 1319 τὸ
1243 1277 1520 1330 φύεσθαι-τῷ
1547 1275 1634 1318 ἀπὸ

171 1344 330 1397 ταύτης
357 1340 469 1386 εἶναι
495 1346 693 1400 κινήσεις.
750 1348 923 1385 640318
951 1343 978 1398 ἦ
1003 1341 1087 1397 γὰρ
1114 1341 1278 1395 γένεσις
1305 1340 1429 1385 ἕνεκα
1455 1346 1532 1397 τῆς
1559 1342 1636 1384 οὐ·

175 1409 269 1458 σίας
296 1407 433 1462 ἐστίν,
462 1410 553 1451 ἀλλ’
583 1411 662 1464 οὐχ
688 1409 719 1463 ἦ
745 1409 872 1451 οὐσία
899 1407 1023 1451 ἕνεκα
1049 1410 1125 1462 τῆς
1152 1405 1369 1460 γενέσεως,
1400 1410 1454 1449 cf.
1474 1410 1638 1448 wem.

176 1476 314 1514 10173
329 1478 378 1514 19
414 1472 463 1516 τὸ
498 1475 582 1528 γὰρ
619 1473 761 1523 ἀτελὲς
796 1474 981 1528 μέγεθος
1006 1471 1169 1527 γενέσει
1195 1471 1274 1526 μὲν
1300 1473 1512 1527 πρότερόν
1537 1470 1639 1525 ἐστι,

175 1542 229 1591 τῇ
258 1537 385 1592 οὐσίᾳ
413 1539 451 1581 δ’
479 1539 674 1591 ὕστερον.
715 1543 884 1579 646325
912 1536 1117 1586 ἐναντίως
1146 1536 1213 1579 ἐπὶ
1240 1541 1316 1593 τῆς
1335 1537 1540 1592 γενέσεως
1558 1536 1640 1592 ἔχει

176 1601 251 1644 καὶ
277 1605 352 1658 τῆς
379 1605 550 1654 οὐσίας·
579 1604 631 1646 τὰ
658 1603 741 1658 γὰρ
769 1602 927 1655 ὕστερα
946 1608 999 1657 τῇ
1019 1601 1179 1657 γενέσει
1198 1603 1387 1655 πρότερα
1406 1603 1488 1658 τὴν
1505 1605 1641 1657 φύσιν

177 1665 306 1709 ἐστίν.
363 1672 499 1710 13433
517 1674 565 1710 13
594 1663 648 1711 οὗ
676 1668 723 1711 δὲ
750 1668 875 1710 ἕνεκα
902 1667 1086 1710 ἕκαστον
1112 1666 1198 1710 ἔστι
1223 1667 1298 1710 καὶ
1324 1668 1489 1722 γέγονε,
1516 1668 1590 1710 καὶ
1611 1668 1640 1723 ἦ

176 1732 303 1773 οὐσία
330 1735 531 1787 τυγχάνει
558 1734 666 1786 αὕτη
696 1729 818 1774 οὖσα.
875 1734 1045 1773 Ponitur
1072 1736 1193 1774 etiam
1230 1748 1308 1773 vox
1341 1734 1468 1775 οὐσία
1495 1737 1566 1785 ita,
1592 1739 1640 1775 ut

175 1798 277 1837 nihil
316 1800 514 1851 significet
552 1801 627 1839 nisi
653 1801 783 1852 ipsam
821 1811 931 1846 rem,
961 1799 1075 1838 cuius
1104 1804 1167 1838 est
1195 1797 1348 1839 οὐσίας
1374 1803 1455 1839 693
1467 1802 1525 1838 bfi
1551 1800 1641 1839 τῶν

176 1860 260 1915 γὰρ
298 1859 487 1914 ἐναίμων
521 1863 551 1918 ἦ
577 1866 657 1905 τοῦ
683 1864 863 1915 ὄρνυθος
890 1860 1031 1903 οὐσία
1087 1862 1155 1901 Sic
1184 1865 1303 1903 etiam
1331 1861 1457 1916 γένος
1486 1870 1526 1903 et
1552 1863 1639 1915 φύ-

177 1935 244 1975 σις
270 1933 493 1981 ponuntur,
533 1935 576 1968 ut
614 1929 762 1968 nufllam
801 1928 889 1967 fere
924 1928 1000 1966 vim
1030 1927 1226 1967 habeant:
1254 1932 1428 1967 716315
1456 1927 1538 1982 τὴν
1561 1930 1640 1983 τῆς

175 1994 255 2046 γῆς
283 1991 419 2044 φύσιν
446 1990 504 2041 ὥς
532 1995 648 2047 θῆλυ
676 1989 749 2033 καὶ
776 1988 938 2043 μητέρα
965 1989 1228 2043 νομίζουσιν.
1266 1995 1345 2032 6⁴18
1356 1996 1440 2033 328
1470 1992 1542 2039 (τὰ
1560 2008 1640 2046 μα-

174 2057 300 2098 λάκια
328 2055 401 2098 καὶ
427 2058 777 2109 μαλακόστρακα)
816 2054 897 2108 τὴν
931 2056 1021 2096 τῶν
1058 2056 1313 2109 σπλάγχνων
1350 2056 1524 2099 ἅπασαν
1559 2058 1641 2100 οὐκ

177 2118 257 2174 ἔχει
284 2122 429 2173 φύσιν.
480 2123 537 2163 ΙΙ).
567 2126 614 2162 31
658 2121 700 2172 ἐξ
738 2114 791 2163 οὗ
818 2120 902 2174 γὰρ
930 2120 1190 2173 συνέστηκεν
1215 2122 1244 2176 ἦ
1271 2124 1359 2163 τῶν
1386 2124 1641 2177 σπλάγχνων
1694 2135 1696 2137 ’

179 2186 333 2238 φύσις,
362 2187 413 2226 cf.
442 2189 552 2226 7831)
565 2190 615 2226 35
643 2185 721 2240 τὴν
747 2187 835 2227 τῶν
861 2186 1019 2239 τριχῶν
1047 2187 1194 2239 φύσιν.
1232 2192 1312 2227 690
1325 2190 1383 2228 bs
1411 2189 1459 2228 τὸ
1489 2186 1535 2229 δὲ
1553 2189 1641 2229 τῶν

179 2249 350 2303 ὀνύχων
376 2248 501 2302 γένος
528 2248 599 2291 διὰ
625 2251 704 2304 τὴν
731 2249 867 2304 αὐτὴν
895 2250 1035 2292 αἰτίαν
1062 2251 1136 2292 καὶ
1153 2250 1222 2292 ἐπὶ
1240 2253 1328 2292 τῶν
1346 2253 1502 2305 χειρῶν
1521 2251 1640 2306 ἔχου-

180 2322 262 2355 σιν.
306 2318 478 2355 516326
507 2311 553 2354 έν
581 2313 626 2356 δὲ
654 2318 746 2364 ταῖς
773 2316 971 2369 σιαγόσιν
999 2316 1133 2358 ἔνεστι
1159 2317 1208 2358 τὸ
1237 2318 1325 2357 τῶν
1351 2316 1545 2358 ὀδόντων
1571 2316 1640 2371 γε’-

179 2392 267 2427 νος.
324 2379 434 2419 Idem
466 2386 530 2419 est
556 2383 733 2420 359b13
771 2380 1034 2435 στυπτηρίας
1065 2380 1148 2433 γὰρ
1179 2380 1249 2422 καὶ
1276 2382 1427 2431 κονίας
1453 2381 1526 2424 καὶ
1551 2384 1640 2424 τῶν

181 2445 324 2485 ἄλλων
345 2444 432 2484 τῶν
447 2444 659 2486 τοιούτων
676 2443 836 2497 γίνεται
853 2447 1019 2500 πλήρης
1040 2447 1104 2487 δυ
1118 2446 1354 2499 νάμεων,
1384 2448 1435 2486 cf.
1457 2451 1639 2499 776330,

179 2510 232 2550 de
254 2510 354 2550 coel.
378 2511 491 2548 2911)
509 2513 555 2550 15
586 2510 778 2561 φανερὸν
806 2509 871 2552 ὅτι
898 2510 1178 2565 σφαιροειδὴς
1203 2512 1232 2566 ἦ
1259 2509 1480 2564 γένεσις
1508 2513 1640 2568 αὐτῆς

180 2575 275 2627 (τῆς
290 2575 401 2627 γῆς).
417 2596 466 2603 -
496 2575 580 2614 Cur
607 2574 636 2628 ἡ
664 2575 790 2616 οὐσία
816 2578 946 2630 prima
975 2579 1026 2616 sit
1049 2580 1353 2630 categoriarum,
1379 2579 1557 2629 pluribus
1581 2580 1638 2618 Ιο-

183 2639 241 2677 cis
270 2639 453 2690 exponit3
482 2653 515 2677 v.
545 2653 661 2691 quem
692 2644 812 2694 suin-a
841 2642 1051 2680 habuimus
1082 2644 1269 2688 185331,
1299 2643 1447 2682 deinde
1468 2645 1639 2682 190334

184 2700 255 2742 καὶ
280 2700 363 2755 γὰρ
390 2703 527 2744 ποσὸν
563 2703 635 2745 καὶ
661 2704 790 2746 ποιὸν
815 2704 888 2746 καὶ
915 2705 1023 2757 πρὸς
1050 2703 1197 2758 ἕτερον
1225 2705 1298 2748 καὶ
1322 2706 1425 2748 ποτὲ
1451 2705 1524 2748 καὶ
1549 2709 1637 2748 ποῦ
1702 2746 1703 2749 ,

184 2763 344 2818 γίνεται
369 2766 657 2822 ὑποκειμένου
684 2767 801 2818 τινὸς
827 2769 898 2811 διὰ
923 2771 973 2811 τὸ
1000 2770 1142 2825 μόνην
1167 2768 1247 2825 τὴν
1273 2771 1427 2813 οὐσίαν
1449 2771 1641 2826 μηθενὸς

187 2830 278 2870 κατ’
305 2832 438 2875 ἄλλον
465 2833 666 2888 λέγεσθαι
691 2834 991 2888 ὑποκειμένου,
1017 2834 1070 2877 τὰ
1097 2835 1137 2878 δ’
1156 2837 1262 2878 ἄλλα
1279 2837 1420 2879 πάντα
1439 2836 1549 2880 κατὰ
1566 2838 1641 2891 τῆς
