1826 3112
315 198 395 238 262
618 197 1026 234 ΑΝΛΛΤΤΙΚΩΝ
1053 197 1447 233 ΠΡΟΤΕΡΩΝΒ.

320 294 530 358 ανδρείας.
564 295 650 342 ἔστι
680 292 736 356 δὴ
763 293 813 340 τὸ
831 298 1204 355 φυσιογνωμονεῖν
1224 298 1285 359 τῷ
1302 295 1347 341 ἐν
1369 297 1430 358 τῷ
1449 292 1606 358 πρώτῳ
1623 293 1734 356 σχή-

318 379 418 422 ματι
435 360 486 408 τὸ
509 362 641 421 μέσον
662 364 723 425 τῶ
745 379 821 420 μεν
833 359 987 440 πρώτῳ
1009 377 1129 424 ακρῳ
1149 341 1455 420 ἀναστρέφειν,
1474 363 1558 404 τοῦ
1573 359 1620 404 δὲ
1641 360 1734 420 τρί-

319 445 402 474 του
430 426 691 487 ὑπερτείνειν
720 427 794 472 καὶ
815 424 874 488 μή
901 425 1206 494 ἀναστρέφειν,
1230 423 1323 473 οἷον
1346 425 1519 492 ἀνδρεία
1541 422 1591 470 τὸ
1614 429 1664 480 Α,
1682 422 1735 470 τὰ

272 491 568 555 δὸοἷκρωτήρια
597 491 759 553 μεγάλα
791 490 857 551 ἐφ’
883 493 941 538 οὐ
973 489 1116 547 Β,τό
1146 494 1190 538 δε
1223 495 1267 537 Γ
1292 493 1412 538 λέων.
1447 492 1481 555 ᾠ
1510 488 1566 551 δὴ
1601 488 1652 535 vd
1684 493 1736 545 Γ,

319 557 369 605 τὸ
405 562 443 604 Β
489 559 638 613 παντί,
692 556 802 602 ἀλλὰ
837 558 910 602 και
946 555 1105 612 ἄλλοις.
1152 551 1189 621 ῴ
1217 559 1263 603 δε
1296 556 1346 603 τὸ
1375 554 1518 613 Β,τὸ
1548 559 1584 601 Α
1613 557 1738 601 παντὶ

320 625 393 669 καὶ
422 621 480 669 οὐ
513 624 724 681 πλείοσιν,
757 621 851 668 ἀλλ’
885 620 1175 683 ἀντιστρέφει·
1206 623 1243 669 εἰ
1271 624 1318 669 δε
1347 621 1420 685 μή,
1453 620 1539 668 οὐκ
1561 621 1674 667 ἔσται
1691 621 1740 667 ὲν

321 687 417 745 ἑνὸς
434 694 624 751 σημεῖον.

412 834 456 866 32
482 831 521 867 δὲ
541 844 585 866 m.
609 850 654 857 -
688 832 753 885 τῷ]
769 830 809 866 τᾶ
837 831 905 874 Cn,
939 842 1070 872 corre,
1109 830 1167 873 qni
1185 842 1226 873 pr
1246 829 1294 885 τῷ
1309 829 1440 869 habuit,
1463 840 1537 862 των
1556 829 1669 869 ABuf
1695 846 1740 852 —

321 878 366 911 33
381 877 432 923 τῷ
449 889 526 910 corr
539 889 573 910 π.
603 896 638 902 -
669 888 816 922 πρωτον
833 876 883 930 τῷ
895 856 1003 919 ἄκρῳ
1020 887 1054 909 τι.
1078 892 1124 900 -
1155 875 1198 907 36
1216 873 1258 908 τὸ
1278 886 1357 906 corr
1376 874 1417 906 Β.
1441 889 1486 897 -
1518 870 1652 915 ἄλλοις]
1679 868 1741 906 ἆλ-

321 923 384 962 zm,-
404 911 446 955 A.
472 940 513 946 —
537 920 578 956 δε
599 933 723 954 corrn.
749 939 793 945 —-
814 917 856 954 τὸ
861 909 912 962 α]
933 920 984 953 τῶ
1004 932 1028 953 α
1043 931 1120 952 corr
1141 930 1176 951 n.
