1838 3086
666 187 1043 224 nermeneuticn.
1521 187 1605 228 880

88 292 233 332 181111
263 288 429 344 ἀληθὴς
447 286 475 342 ἢ
494 286 659 342 ψευδὴς
685 285 915 340 ἀντίφασις
940 286 1102 328 brevius
1130 285 1228 333 dicit
1255 284 1328 332 (cf.
1348 296 1408 327 vs.
1426 286 1500 334 27)
1529 299 1605 338 pro

140 354 371 407 ἀντίφασις
396 351 476 407 τὴν
504 352 583 406 μὲν
612 350 677 393 ἀεὶ
704 349 863 405 ἔχουσα
889 350 1033 406 ἀληθῆ
1059 347 1139 405 τὴν
1166 346 1214 392 δὲ
1242 347 1410 404 ψευδῆ(
1437 351 1606 403 respicit

141 422 246 460 enim
276 421 324 459 ud
354 433 402 459 ea
430 432 533 471 quae
560 419 661 458 dixit
689 418 982 456 1¹1b26—30.

198 525 299 580 Gap.
328 526 366 565 8.
402 523 496 564 Una
523 528 583 563 est
610 527 652 562 et
681 522 914 575 affirmatio
943 526 985 560 et
1014 522 1199 575 negatio,
1229 522 1275 561 in
1301 522 1448 576 quibus
1473 536 1604 564 unum

89 591 142 631 de
167 603 252 630 uno
271 589 574 643 pronuntiatur
599 593 641 626 et
669 600 779 641 quae
805 600 947 626 vocem
976 587 1245 639 aequivocam
1272 600 1355 627 non
1381 588 1547 630 habent.

87 677 235 715 18a14
262 672 289 727 ἢ
310 672 507 714 καθόλου
532 703 542 713 .
561 702 571 713 .
591 702 601 712 .
621 673 687 712 vel
715 673 766 712 de
794 673 979 713 universa
1006 672 1167 711 notione
1194 672 1408 713 universali
1434 674 1498 714 vel
1525 687 1604 716 non

137 740 191 779 de
219 740 403 778 universa
431 744 475 777 ut
503 739 543 777 in
565 737 741 777 secundo
767 737 950 788 exemplo
979 735 1086 787 quod
1116 737 1310 786 sequitur.

86 805 235 843 18:119
263 804 365 842 Ante
403 796 500 843 οἷον
535 803 627 841 addi
664 801 797 840 solent
834 801 957 840 verba
994 797 1098 840 οὐδὲ
1136 798 1357 852 ἀπόφασις
1383 800 1475 854 μία,
1502 815 1605 854 quae

138 868 369 908 omisimus:
411 868 546 906 addita
582 866 687 905 enim
714 866 901 905 videntur
927 866 979 904 ob
1007 877 1056 904 ea
1084 877 1187 915 quae
1222 865 1412 918 leguntur
1448 879 1506 906 vs.
1538 867 1604 906 21.

138 932 228 971 Erit
252 932 427 970 fortasse
451 932 516 983 qui
535 930 790 969 scribendum
819 933 937 982 putet
963 927 1061 982 θείη
1087 928 1150 979 τό,
1179 943 1300 980 quum
1328 930 1450 970 etiam
1478 930 1605 969 schol.

140 996 322 1035 1261130
348 995 544 1034 habeatur
563 993 660 1046 θείη
680 991 729 1034 τὸ
758 991 928 1044 ἱμάτιον
955 994 1110 1046 ὄνομα,
1141 995 1214 1033 sed
1242 995 1376 1034 simile
1404 999 1469 1034 est
1496 995 1606 1045 quod

138 1060 315 1098 occurrit
352 1060 530 1098 649a16
568 1052 665 1098 οἷον
702 1057 743 1098 εἴ
777 1071 839 1106 τις
875 1058 996 1098 θεῖτο
1034 1058 1174 1109 ὄνομα
1210 1055 1340 1098 ὕδατι
1375 1056 1403 1110 ἢ
1442 1056 1606 1112 σιδήρῳ

137 1122 298 1178 θερμῷ.
329 1124 432 1161 1031
446 1124 541 1162 1129,
562 1121 603 1162 εἴ
624 1136 689 1171 τις
716 1119 879 1178 ἑκάστῳ
898 1123 1039 1174 ὄνομα
1065 1124 1186 1162 θεῖτο
1213 1122 1303 1163 τῶν
1328 1120 1370 1162 τί
1396 1116 1453 1176 ἦν
1480 1118 1606 1164 εἶναι.

195 1227 294 1282 Gap.
319 1230 360 1268 9.
391 1228 534 1268 Aliter
572 1234 701 1283 atque
737 1230 784 1269 in
818 1229 939 1268 rebus
968 1228 1264 1282 praesentibus
1290 1233 1333 1268 et
1355 1230 1608 1282 praeteritis

85 1306 154 1332 res
188 1306 233 1331 se
270 1293 393 1333 habet
423 1294 662 1346 insularis.
705 1295 758 1332 34
787 1292 840 1332 Si
866 1293 977 1332 enim
1006 1292 1243 1344 defuturis
1271 1297 1347 1332 ant
1376 1294 1608 1347 affirmatio

85 1370 189 1397 vera
227 1363 288 1397 est
324 1363 399 1397 aut
427 1359 623 1411 negatio,
664 1371 785 1397 casus
823 1360 989 1397 omnino
1025 1357 1214 1406 tollitur,
1243 1357 1332 1396 1117
1361 1371 1496 1412 neque
1523 1370 1608 1397 non

87 1421 252 1460 tollitur
281 1435 421 1468 casus,
461 1423 500 1460 si
535 1426 730 1461 neutram
766 1435 908 1461 veram
938 1434 1027 1460 esse
1054 1420 1183 1460 dicas.
1215 1422 1268 1460 26
1298 1421 1410 1471 Quid
1437 1421 1611 1462 absurdi

86 1491 288 1538 sequatur
317 1499 418 1524 casu
446 1486 612 1525 sublato
641 1485 888 1525 ostenditur.
930 1488 1048 1524 19a'1
1081 1484 1223 1524 Multa
1250 1491 1348 1524 sunt
1385 1498 1496 1539 quae
1523 1499 1608 1525 non

75 1550 196 1602 fiant
224 1551 487 1596 necessario,
516 1550 593 1589 sed
622 1563 676 1589 ex
705 1563 805 1589 casu
829 1549 1032 1603 pendent.
1076 1551 1128 1588 23
1157 1549 1294 1589 Solvit
1322 1552 1611 1603 quaestionem

89 1625 164 1658 eo,
202 1613 312 1666 quod
346 1613 400 1653 de
440 1614 564 1654 rebus
590 1615 758 1666 suturis
787 1620 828 1653 et
857 1615 1030 1653 incertis
1061 1615 1315 1654 alterutrum
1342 1613 1510 1667 quidem
1536 1627 1608 1654 ve-

88 1690 181 1715 rum
220 1690 308 1715 esse
345 1677 496 1716 debeat
525 1681 622 1722 (aut
652 1679 882 1731 affirmatio
911 1683 987 1718 aut
1015 1680 1224 1731 negatio),
1255 1679 1438 1718 alterum
1467 1691 1610 1718 verum

92 1753 181 1779 esse
207 1753 290 1779 non
318 1754 485 1780 necesse
512 1741 579 1780 sit.

91 1827 238 1865 18a34
267 1826 309 1866 Si
338 1827 464 1865 omnis
491 1826 703 1865 affirmatio
725 1847 774 1855 —
803 1826 843 1865 11.
869 1839 905 1864 e.
935 1839 1013 1865 non
1043 1826 1171 1865 solum
1201 1839 1249 1865 ea
1276 1839 1379 1877 quae
1406 1827 1459 1867 de
1488 1830 1610 1868 rebus

143 1891 419 1942 praesentibus
447 1894 489 1929 et
517 1890 745 1942 praeteritis
773 1890 1004 1943 profertur,
1034 1891 1106 1929 sed
1135 1892 1258 1929 etiam
1287 1904 1389 1942 quae
1417 1893 1470 1931 de
1497 1892 1610 1932 futu-

141 1954 198 1993 ris
229 1977 276 1983 —
310 1960 379 1994 aut
406 1967 499 1993 vera
528 1959 590 1993 est
617 1955 847 1993 necessario
877 1959 947 1993 aut
974 1954 1104 2003 falsa,
1133 1954 1231 1994 item
1260 1967 1429 1994 necesse
1458 1956 1537 1995 erit
1563 1961 1610 1996 ut

142 2030 207 2057 res
244 2018 357 2070 ipsae
394 2018 496 2057 tales
535 2018 722 2056 eveniant
748 2019 886 2069 quales
916 2023 1128 2057 eventuras
1158 2031 1250 2058 esse
1280 2019 1476 2059 diximus:
1507 2025 1549 2059 et
1575 2021 1611 2059 si

142 2083 231 2134 quis
269 2086 382 2121 recte
420 2083 567 2121 dixerit
606 2095 691 2120 rem
721 2082 894 2133 aliquam
924 2086 1156 2121 eventuram
1185 2095 1300 2132 esse,
1330 2083 1411 2123 iam
1438 2097 1609 2124 necesse

142 2147 222 2186 erit
249 2151 293 2184 ut
321 2151 489 2185 eventus
518 2147 727 2185 veritatem
757 2146 1008 2197 comprobet.
1051 2147 1152 2186 Bkk.
1180 2147 1221 2186 in
1249 2147 1314 2187 his
1342 2161 1465 2188 unum
1496 2148 1608 2187 codi-

143 2222 230 2249 cem
260 2210 304 2248 A
331 2215 494 2248 secutu-
523 2214 604 2258 est,
641 2223 878 2260 quamquam
907 2213 951 2250 et
979 2210 1070 2251 edd.
1100 2224 1240 2250 omnes
1268 2217 1310 2251 et
1337 2225 1435 2254 mSS.
1466 2212 1612 2263 reliqui

147 2273 200 2313 de
227 2278 367 2312 nostra
395 2273 570 2313 lectione
603 2286 697 2313 cum
724 2274 898 2314 Boethio
926 2280 967 2314 et
994 2275 1160 2314 scholiis
1189 2277 1465 2316 consentiunt:
1493 2289 1612 2328 prse-

143 2341 256 2378 terea
276 2338 338 2376 b4
359 2337 450 2377 tulit
466 2335 493 2390 ἢ
522 2337 628 2389 quod
657 2342 794 2378 nostro
822 2338 910 2378 loco
938 2351 1017 2379 non
1039 2339 1251 2379 ferendum
1277 2341 1457 2380 censuit:
1487 2353 1612 2392 quare

144 2402 391 2441 restituimus
429 2403 638 2454 pristinam
676 2402 904 2445 lectionem.
950 2402 1021 2444 Vs.
1051 2406 1102 2441 35
1130 2403 1308 2444 Thomas
1336 2405 1410 2456 Aq.
1442 2405 1550 2453 (Lib.
1581 2404 1611 2446 1.·

142 2465 259 2504 Lect.
291 2467 355 2515 13,
386 2465 439 2512 C)
479 2467 694 2505 lectionem
731 2466 876 2506 habuit
909 2467 1095 2506 codicum
1126 2469 1178 2520 es.
1233 2467 1306 2509 Vs.
1336 2471 1387 2507 3¹¹
1415 2474 1508 2520 post
1535 2482 1613 2510 κα-

142 2528 328 2582 τάφασις
354 2531 561 2569 omisimus
599 2532 719 2570 verba
755 2528 828 2571 καὶ
863 2529 1095 2583 ἀπόφασις,
1134 2539 1178 2571 et
1213 2534 1305 2584 quia
1333 2533 1451 2572 facile
1478 2537 1612 2574 mente

144 2600 384 2646 repetuntur
424 2608 471 2634 ex
508 2595 555 2633 iis
592 2607 694 2645 quae
732 2600 1040 2647 praecesserunt
1080 2600 1122 2634 et
1160 2597 1252 2647 quia
1279 2598 1367 2649 ipsa
1394 2598 1612 2638 lectionum

145 2659 353 2697 diversitas
388 2660 428 2698 in
446 2672 543 2698 voce
562 2656 635 2698 καὶ
657 2660 925 2711 suspicionem
953 2665 1088 2699 movet
1107 2661 1326 2700 mendum
1314 2674 1354 2701 m
1377 2662 1476 2701 his·
1462 2674 1611 2703 messe.
1678 2702 1682 2706 ,

94 2722 217 2760 18117
245 2722 430 2763 Pluribus
454 2723 583 2762 modis
605 2723 846 2763 Aristoteles
870 2724 1018 2775 repetit
1039 2729 1079 2763 et
1098 2723 1296 2774 inculcat,
1324 2726 1454 2790 quod,
1487 2727 1523 2765 si
1550 2730 1619 2765 aut
1677 2731 1682 2765 ;ἰ

146 2786 361 2827 affirmatio
393 2792 461 2828 aut
491 2788 651 2840 negatio
674 2788 906 2828 necessario
930 2788 983 2828 sit
1002 2800 1095 2828 vera
1119 2788 1172 2829 de
1196 2789 1318 2886 rebgzs
1337 2775 1502 2841 futuris,
1520 2791 1618 2831 item
1669 2798 1686 2874 Ξ

701 2865 711 2869 -,
1326 2854 1348 2876 *ἓ
