1838 3086
644 170 897 218 Analytica
929 170 1101 216 priora.
1564 169 1646 210 387

181 271 351 322 figuram
380 270 618 323 syllogismi,
652 270 727 310 sed
756 271 951 311 rationem
989 281 1092 322 qnae
1128 267 1233 318 inter
1260 267 1555 319 propositiones
1582 268 1644 308 in·

181 336 375 383 tercedat,
414 336 500 374 sive
538 335 586 374 fit
623 335 877 387 syllogismus
916 334 1001 373 sive
1039 345 1118 373 non
1144 333 1202 372 fit.
1267 331 1453 372 Eundem
1482 345 1644 372 sensum

182 401 285 440 haec
312 412 386 439 vox
413 400 535 439 habet
562 402 706 448 39⁸3,
743 398 792 437 ad
822 411 941 449 quem
969 398 1099 437 locum
1130 398 1232 436 bene
1259 396 1508 437 Alexander:
1545 405 1645 449 σχη-

183 462 331 516 μάτων
359 462 526 517 εἴρηκεν
553 462 648 503 α’ντὶ
675 464 755 502 τοῦ
784 461 1002 513 συζυγιῶν
1027 458 1100 502 καὶ
1127 460 1402 515 σνμπλοκῶν.

129 530 279 568 261137
322 528 454 567 Maior
492 528 686 567 terminus
725 526 951 579 appellatur
987 527 1027 566 in
1056 527 1230 566 secunda
1257 526 1386 578 figura
1417 525 1484 575 qui
1509 524 1645 565 medio

181 592 359 644 propior,
397 592 527 630 minor
563 592 631 643 qui
664 590 858 630 remotior
886 594 948 629 est
976 592 1025 629 ab
1054 603 1116 632 eo.
1181 590 1270 629 Non
1298 593 1412 629 recte
1448 589 1556 628 hunc
1584 589 1643 628 lo-

182 668 272 695 cum
300 655 501 694 intellexit
530 654 678 705 Georg.
708 654 981 705 Pachymeres
1018 655 1085 705 qui
1123 655 1242 706 (epit.
1271 655 1350 706 log.
1379 653 1506 697 onn.
1540 654 1645 692 1666

181 733 222 772 p.
250 720 322 765 64)
352 719 453 758 haec
480 719 624 759 habet:
653 715 840 758 ἐλάττων
868 714 914 758 δὲ
942 715 966 757 ὁ
994 715 1267 769 ποῤῥώτερος
1292 719 1373 758 τοῦ
1401 713 1552 769 μέσου,
1591 715 1646 757 οὐ

181 782 241 838 τῷ
279 782 411 838 τόπῳ,
450 781 556 822 ἀλλὰ
592 786 645 835 τῇ
685 781 879 835 δυνάμει,
916 782 1115 833 παρόσον
1153 781 1283 829 αὐτὸς
1317 779 1383 821 ἀεὶ
1409 779 1645 832 ὑπόκειται,

182 845 256 888 καὶ
284 845 331 888 ἐν
357 851 410 901 τῇ
439 846 642 900 προτάσει
668 845 741 888 καὶ
778 845 824 888 ἐν
852 850 911 899 τῷ
948 846 1298 899 συμπεράσματιε
1336 851 1505 898 apparet
1541 846 1646 886 enim

184 925 234 951 ex
262 912 313 950 iis
343 926 444 964 quae
473 912 619 951 adiecit
647 926 737 951 eum
766 912 887 951 verba
915 909 1177 963 πόῤῥωτέρω
1205 913 1285 952 τοῦ
1323 907 1460 963 μέσου
1499 910 1556 949 ita
1584 910 1646 948 in-

185 976 406 1025 tellexisse,
447 976 559 1027 quasi
587 976 825 1016 Aristoteles
863 976 1019 1016 diceret
1053 974 1310 1028 πορῤωτέρω
1344 973 1372 1027 ἢ
1410 973 1459 1014 τὸ
1497 970 1646 1025 μέσον,

184 1040 344 1092 longius
379 1054 401 1079 a
437 1041 623 1080 sensibus
651 1047 848 1080 remotum
878 1054 996 1092 quum
1024 1042 1219 1080 terminus
1256 1039 1428 1079 medius.
1493 1038 1576 1078 Sed
1605 1042 1649 1077 et

182 1117 286 1155 quae
329 1108 638 1155 praecesserunt
673 1110 714 1142 et
751 1116 854 1154 quae
888 1110 1110 1154 sequuntur
1146 1104 1321 1156 πρῶτον
1355 1101 1400 1144 δὲ
1437 1105 1491 1155 τῇ
1527 1099 1648 1143 θέσει

183 1169 244 1216 (11.
274 1181 309 1208 e.
338 1168 493 1207 medius
522 1168 717 1207 terminus
746 1169 786 1208 in
814 1169 990 1207 secunda
1016 1169 1141 1219 figura
1169 1170 1341 1221 primum
1360 1168 1492 1207 locum
1523 1172 1647 1216 tenet,

183 1245 304 1284 quum
336 1232 575 1272 Aristoteles
614 1232 906 1284 propositiones
934 1233 1100 1283 incipiat
1137 1234 1186 1272 ab
1215 1245 1264 1272 eo
1304 1232 1411 1284 quod
1440 1232 1646 1284 praedica-

184 1301 266 1345 tur,
306 1309 382 1336 non
420 1298 468 1336 ab
507 1309 555 1335 eo
584 1296 635 1335 de
663 1309 742 1347 quo
772 1296 1046 1347 praedicatur)
1076 1298 1172 1336 satis
1212 1296 1429 1335 ostendunt
1456 1295 1508 1334 de
1535 1296 1646 1348 posi-

185 1361 294 1400 tione
321 1360 583 1399 terminorum
612 1361 868 1400 Aristotelem
897 1360 1018 1412 loqui,
1048 1373 1124 1400 non
1154 1361 1204 1400 de
1231 1361 1386 1400 ratione
1413 1373 1515 1411 quae
1542 1361 1646 1399 inter

184 1425 295 1476 ipsos
324 1425 514 1464 terminos
541 1425 742 1465 obtineat:
781 1437 869 1463 nam
908 1437 1010 1475 quae
1040 1425 1280 1476 colliguntur
1317 1425 1356 1464 in
1383 1424 1416 1462 11
1437 1417 1475 1463 α’
1504 1424 1646 1463 endem

184 1490 303 1528 etiam
325 1488 458 1539 colligi
484 1494 654 1540 possunt
682 1489 720 1528 in
750 1482 840 1540 1432
867 1490 900 1528 si
925 1490 991 1540 qui
1021 1490 1216 1528 terminus
1238 1489 1317 1527 suit
1340 1489 1480 1536 maior,
1511 1487 1550 1526 in
1571 1486 1647 1525 mi-

184 1552 295 1592 noris
324 1552 455 1590 locum
485 1552 741 1591 substituitur
769 1559 811 1592 et
840 1553 908 1605 qui
948 1552 1023 1592 fuit
1047 1554 1190 1602 minor,
1234 1553 1273 1592 in
1313 1552 1442 1590 locum
1473 1551 1648 1590 maioris.

182 1616 245 1656 Ne
273 1616 360 1667 quis
397 1617 518 1668 igitur
557 1617 821 1669 negligentius
855 1618 1006 1656 factum
1042 1622 1156 1669 putet
1193 1618 1241 1655 ab
1273 1616 1504 1666 Aristotele,
1542 1614 1649 1666 quod

183 1681 375 1720 maiorem
404 1695 426 1719 a
449 1681 599 1719 minore
627 1682 828 1732 positione
855 1686 1011 1719 tantum
1032 1680 1357 1732 distinguendum
1379 1680 1542 1729 dixerit,
1571 1679 1650 1718 hoc

185 1750 228 1784 et
254 1745 294 1783 in
322 1745 498 1782 secunda
525 1749 566 1782 et
592 1743 632 1782 in
660 1746 778 1782 tertia
807 1745 931 1795 figura
960 1745 1051 1783 fieri
1080 1744 1198 1782 aliter
1234 1756 1312 1782 non
1351 1756 1472 1795 posse
1511 1755 1652 1781 mone-

183 1821 288 1848 mus.
347 1807 477 1846 Causa
513 1808 551 1846 in
592 1820 640 1845 eo
679 1811 758 1854 est,
798 1807 903 1859 quod
934 1807 1032 1846 ordo
1070 1811 1113 1846 et
1139 1808 1288 1858 positio
1318 1807 1578 1848 terminorum
1607 1807 1649 1844 in

185 1885 261 1911 una
289 1872 419 1922 prima
447 1871 574 1924 figura
604 1875 768 1909 naturae
804 1872 1043 1910 conveniens
1072 1876 1148 1919 est,
1191 1872 1340 1923 quippe
1377 1870 1417 1908 in
1457 1882 1535 1921 qua
1563 1882 1647 1908 ma-

184 1936 248 1975 ior
273 1949 296 1974 a
324 1935 478 1974 minore
513 1947 592 1974 non
629 1935 827 1986 positione
867 1935 1008 1984 solum,
1048 1934 1119 1973 sed
1150 1947 1195 1973 re
1224 1935 1311 1987 ipsa
1341 1934 1501 1973 differt:
1544 1933 1651 1973 unde

184 2000 244 2048 fit,
286 2003 332 2038 ut
359 1998 579 2050 syllogismi
621 1999 822 2037 secundae
850 2003 890 2037 et
920 2000 1063 2037 tertiae
1091 1999 1244 2050 figurae
1284 1999 1323 2037 in
1352 1999 1521 2050 primam
1551 2010 1651 2037 con-

184 2064 287 2103 verti
315 2063 502 2108 debeant,
531 2063 564 2101 si
593 2062 683 2112 quis
710 2062 937 2112 intelligere
963 2062 1060 2101 velit
1088 2076 1190 2114 quae
1219 2062 1273 2101 sit
1296 2075 1390 2101 vera
1418 2062 1519 2101 ratio
1548 2074 1651 2113 quae

184 2127 290 2167 inter
317 2126 509 2165 terminos
538 2126 718 2165 obtineat
745 2130 786 2164 et
820 2127 1022 2178 quomodo
1052 2126 1257 2166 conclusio
1287 2138 1337 2165 ex
1365 2124 1650 2177 propositioni-

184 2192 261 2230 bus
290 2190 538 2229 conficiatur.

131 2256 284 2296 27210
312 2253 555 2304 Scripsimus
581 2254 640 2304 τῷ
669 2250 712 2298 Ξ
732 2250 782 2293 τὸ
810 2251 869 2301 Ν,
898 2253 1015 2304 vulgo
1042 2253 1092 2294 τὸ
1120 2252 1162 2300 Ξ
1184 2255 1243 2306 τῷ
1270 2252 1331 2300 Ν,
1361 2251 1482 2305 quod,
1510 2265 1651 2303 quam-

186 2331 305 2371 quam
341 2322 452 2357 recte
491 2317 624 2369 colligi
651 2318 830 2357 videmus
859 2330 916 2357 vs.
947 2320 1009 2366 12,
1053 2322 1187 2357 tamen
1226 2331 1304 2358 non
1332 2317 1545 2356 ferendum
1574 2329 1650 2368 pu-

184 2383 370 2429 tavimus,
414 2382 505 2432 quia
531 2394 624 2420 vera
652 2381 768 2420 huius
798 2381 1020 2433 syllogismi
1049 2383 1268 2429 conclusio,
1309 2394 1426 2432 quom
1454 2381 1532 2420 hoc
1561 2380 1651 2420 loco

185 2446 448 2488 Aristotelem
477 2457 703 2498 proponere
729 2446 986 2485 manifestum
1016 2450 1092 2495 est,
1131 2459 1210 2486 non
1248 2445 1478 2497 exprimere
1515 2445 1651 2492 debet,

186 2524 280 2552 num
319 2510 514 2550 terminus
552 2510 682 2549 minor
711 2508 754 2555 Ξ
789 2510 1046 2561 praedicetur
1081 2510 1134 2549 de
1171 2510 1324 2549 maiore
1353 2509 1413 2559 N,
1456 2510 1529 2548 sed
1558 2521 1652 2548 num

186 2575 312 2616 maior
354 2573 405 2612 de
442 2574 594 2613 minore
630 2574 911 2626 praedicetur:
955 2587 1045 2613 nam
1084 2577 1128 2614 ut
1165 2573 1423 2626 syllogismus
1464 2572 1653 2613 conficia—
1708 2609 1720 2619 ,

186 2646 264 2687 tur,
292 2639 379 2690 ipse
408 2639 528 2677 «locet
555 2638 851 2677 conclusionem
882 2635 985 2684 ΞΝ
1007 2638 1315 2677 convertendam
1358 2651 1450 2677 esse
1488 2637 1527 2676 in
1558 2635 1609 2677 N
1615 2632 1658 2681 Ξ

189 2706 267 2750 (vs.
292 2704 377 2748 13).
431 2702 524 2742 Non
553 2706 664 2741 recte
692 2702 844 2742 habere
869 2703 1072 2756 vulgarem
1092 2699 1304 2741 lectionem
1327 2701 1655 2742 Trendelenbur-

186 2767 274 2819 gius
300 2767 399 2806 vidit
426 2766 576 2814 (Elem.
609 2766 687 2819 log.
719 2779 760 2819 p.
783 2768 823 2808 8.
853 2766 942 2806 coll.
967 2780 1011 2819 p.
1029 2768 1083 2806 90
1102 2768 1224 2816 not.),
1264 2766 1345 2863 ‘¹2³5
1371 2765 1494 2807 scribi
1531 2764 1657 2805 voluit

126 2841 130 2843 .
1361 2830 1383 2853 ἢ(
