1780 3100
197 225 277 264 436
723 227 971 271 Analytlcn
1004 227 1166 271 priora.

249 323 340 376 cipii
365 324 595 374 petitionem
620 323 785 362 faceret.
848 323 964 372 Quod
998 335 1076 374 quo
1102 323 1224 373 magis
1253 322 1406 362 eluceat
1434 334 1532 374 quae
1557 323 1673 362 modo

248 386 377 426 verbis
403 386 686 425 enuntiavimus
714 385 836 438 signis
864 387 1137 438 exprimamus.
1203 385 1246 424 Si
1273 386 1360 436 quis
1388 389 1508 436 ponat
1534 385 1574 424 A
1583 382 1679 429 -l-I'

248 466 309 482 =
329 447 486 496 B÷A‚
515 449 677 488 F=A
697 453 737 487 et
756 446 966 492 A-l-F—
987 449 1387 498 F=B÷A—A,
1427 448 1545 487 sumit
1571 446 1676 498 quod

248 513 462 563 quaeritur.
503 512 659 550 Etenim
690 511 825 550 ultIma
849 512 1034 560 conditio,
1060 525 1174 561 quam
1204 512 1399 562 prioribus
1423 511 1572 549 duabus
1607 509 1676 548 ad-

250 575 460 623 iunximus,
479 574 574 611 nihil
593 574 694 612 aliud
717 574 890 625 postulat
911 587 1025 625 quam
1046 574 1151 626 quod
1170 574 1515 613 demonstrandum
1533 575 1606 611 est.
1635 571 1677 610 Si

249 649 344 676 vero
381 636 519 675 sumtis
554 637 751 686 prioribus
786 637 873 676 istis
911 637 1198 676 conditionibus
1234 638 1466 688 adiungatur
1492 649 1566 674 una
1593 634 1677 673 sola

250 699 468 751 propositio
503 699 732 738 universalis
769 700 985 750 „Aequana
1022 704 1173 738 restare
1202 699 1429 750 aequalibus
1458 698 1601 737 demtis
1628 698 1676 736 ab

251 761 525 813 aequalibus”‚
561 761 639 800 iam
674 774 751 800 nou
787 763 938 813 petitur
975 762 1078 812 quod
1114 762 1460 800 demonstrandum
1498 765 1579 810 est,
1606 760 1678 799 sed

250 825 463 877 probatur:
500 824 602 874 quod
640 828 684 864 ut
710 825 857 863 indicet
883 824 1116 863 Aristoteles
1142 825 1258 863 verba
1286 820 1360 863 ἐὰτ)
1386 821 1442 874 μὴ
1469 822 1578 874 λάβῃ
1599 852 1609 861 .
1632 851 1643 862 .
1663 849 1674 860 .

249 899 308 928 vs,
335 888 386 926 21
426 887 630 925 collocavit
665 891 757 938 post
789 888 907 925 verba
944 886 991 926 τὸ
1028 884 1070 934 ἐξ
1110 885 1237 939 ἀρχῆς
1273 885 1481 939 αἰτήσεται
1509 891 1549 925 et
1577 886 1679 924 hanc

250 950 428 988 ultimam
455 949 742 995 conditionem,
774 962 850 999 qua
876 950 961 989 sola
988 962 1087 1001 opus
1115 954 1190 999 est,
1218 955 1262 989 ut
1289 955 1398 989 recte
1424 949 1570 1000 aliquid
1597 947 1678 987 col-

248 1012 406 1063 ligatur,
428 1011 625 1062 expressit
643 1012 836 1061 particula
863 1009 950 1059 ἐοὲν,
973 1025 1048 1052 non
1075 1013 1283 1065 participio
1310 1020 1353 1053 ut
1379 1026 1435 1052 vs.
1462 1014 1511 1051 17
1539 1009 1679 1060 (ἀξιώ-

251 1077 347 1122 σας)
376 1077 416 1113 et
443 1075 493 1111 18
522 1073 827 1125 (προσλαβών).

200 1139 250 1176 41
262 1138 346 1176 b24
372 1134 444 1176 καὶ
470 1133 606 1184 οὕτως
630 1136 855 1187 κάκείνως,
894 1139 975 1177 sive
1011 1142 1176 1189 utraque
1201 1139 1419 1191 propositio
1445 1137 1675 1177 universalis

253 1204 328 1247 est,
355 1203 399 1239 ut
426 1200 466 1238 in
491 1202 607 1239 tertia
634 1201 773 1251 figura,
805 1201 887 1240 sive
913 1202 1034 1240 altera
1062 1202 1155 1241 sola.

201 1263 347 1302 411131
374 1260 449 1310 τὰς
475 1263 603 1310 ἄλλοις
627 1262 905 1316 κατηγορίας,
942 1265 983 1303 h.
1012 1278 1048 1305 e.
1085 1258 1186 1311 τοὺς
1215 1265 1370 1311 ἄλλους
1395 1263 1580 1316 τρόπους
1605 1263 1680 1316 τῆς

251 1325 525 1377 κατηγορίας,
565 1328 693 1367 varios
731 1328 871 1367 modos
908 1331 949 1366 et
976 1328 1148 1367 rationes
1184 1329 1324 1378 quibus
1355 1328 1519 1367 alterum
1546 1327 1596 1366 de
1624 1327 1681 1365 al-

253 1388 341 1430 tero
376 1390 595 1442 praedicari
630 1391 777 1442 possit:
815 1403 936 1442 quos,
974 1404 1093 1442 quum
1120 1391 1218 1430 nihil
1246 1391 1393 1442 proprii
1418 1387 1600 1439 habeant,
1627 1388 1682 1429 si-

253 1451 372 1491 lentio
400 1453 604 1504 praeterit.

202 1516 254 1553 41
270 1515 358 1554 1133
385 1513 568 1563 δυνατὸς
583 1517 659 1555 hoc
683 1517 771 1555 loco
798 1516 902 1555 idem
931 1519 993 1555 est
1020 1515 1123 1567 quod
1151 1514 1316 1568 ἄτελήςε
1345 1517 1552 1567 opponitur
1577 1515 1682 1555 enim

254 1578 313 1632 τῷ
339 1577 490 1631 τελείῳ.
554 1578 731 1629 Namque
767 1578 1019 1630 syllogismus
1057 1577 1240 1625 δυνατὸς
1274 1579 1417 1618 dicitur
1454 1579 1563 1617 cuius
1589 1590 1682 1617 con-

256 1641 380 1680 clusio
417 1654 464 1680 ex
491 1641 826 1693 propositionibus
846 1653 923 1680 non
947 1646 1057 1680 recta
1074 1642 1133 1680 via
1150 1642 1329 1693 provenit
1345 1645 1385 1679 et
1405 1642 1517 1691 quasi
1540 1644 1683 1693 sponte

256 1716 341 1751 sua,
370 1705 464 1743 utin
482 1703 609 1755 prima
634 1704 774 1755 figura,
801 1703 873 1742 sed
900 1704 955 1743 ila
982 1704 1134 1743 occulta
1161 1708 1236 1753 est,
1263 1707 1306 1742 ut
1325 1704 1494 1742 artificio
1515 1704 1684 1755 quodam

258 1767 350 1806 elici
375 1766 481 1808 velit.

314 1870 410 1924 Gap.
438 1870 502 1910 25.
543 1870 819 1924 Quodcunque
846 1870 1149 1909 demonstratur
1172 1883 1250 1922 per
1276 1874 1362 1909 tres
1391 1870 1586 1910 terminos
1613 1868 1684 1908 cle-

205 1938 458 1973 monstratur
488 1933 588 1983 (non
610 1946 688 1985 per
713 1932 893 1985 plures),
927 1934 980 1970 42
994 1935 1076 1972 a32
1102 1934 1173 1985 qui
1201 1933 1305 1971 binis
1329 1934 1472 1986 utique
1492 1933 1684 1986 proposi-

205 1996 384 2035 tionibus
412 1996 684 2034 continentur.
742 1996 801 2033 b5
828 1996 896 2033 De
921 2008 1090 2034 numero
1117 1997 1407 2043 terminorum,
1437 1997 1684 2048 propositio-

205 2069 304 2097 num
332 2063 373 2097 et
402 2058 702 2097 conclusionum
730 2059 774 2096 in
804 2058 1046 2110 syllogismis
1073 2059 1314 2110 compositis.

207 2142 354 2181 41b36
382 2141 518 2180 Omnis
546 2142 825 2181 demonstratio
852 2143 897 2180 fit
924 2156 995 2193 per
1022 2146 1103 2181 tres
1131 2143 1331 2191 terminos,
1359 2141 1590 2194 quamquam
1617 2155 1687 2182 ea-

261 2204 350 2244 dem
389 2206 588 2244 conclusio
621 2205 819 2256 interd-um
857 2205 989 2257 colligi
1021 2209 1153 2257 potest
1190 2210 1230 2244 et
1265 2218 1314 2244 ex
1354 2205 1687 2257 propositionibus

260 2268 328 2307 AB
367 2271 409 2306 et
445 2281 493 2306 ex
528 2267 860 2319 propositionibus
897 2268 986 2306 CD:
1015 2268 1209 2318 siquidem
1245 2281 1321 2307 non
1349 2270 1567 2318 quaeritur,
1594 2280 1688 2307 num

261 2331 366 2381 quod
409 2330 700 2369 demonstretur
737 2330 853 2369 etiam
892 2331 978 2369 aliis
1006 2332 1183 2370 terminis
1212 2332 1348 2370 sumtis
1377 2330 1505 2381 possit
1526 2332 1687 2370 demon-

261 2393 392 2439 strari,
421 2394 491 2432 sed
519 2406 626 2441 num,
655 2393 689 2432 si
716 2394 808 2444 quid
836 2393 1149 2443 demonstretur,
1187 2406 1235 2432 ex
1257 2388 1381 2432 fribus
1407 2394 1584 2432 terminis
1611 2393 1688 2432 uti-

262 2470 338 2509 que
362 2457 495 2508 colligi·
518 2456 683 2495 debeat:
718 2469 807 2495 nam
835 2461 949 2496 erunt
975 2457 1109 2508 plures
1138 2456 1372 2508 syllogismi,
1400 2468 1478 2495 non
1505 2468 1626 2505 unus,
1653 2457 1688 2495 si

261 2520 437 2571 pluribus
463 2520 589 2557 modis
618 2519 722 2557 idem
759 2519 1062 2560 demonstretur.

212 2583 296 2622 411>
308 2583 359 2620 39
386 2581 666 2620 Revocavimus
686 2582 897 2621 lectionem
920 2583 1132 2633 vulgarem,
1161 2594 1273 2634 quam
1302 2584 1342 2620 et
1367 2580 1592 2621 Alexander
1617 2582 1688 2621 ha-

266 2645 352 2684 buit
389 2649 431 2683 et
456 2644 695 2695 Philoponus
738 2645 869 2690 (cuius
896 2645 1075 2684 scholion
1102 2659 1125 2684 a
1151 2644 1355 2684 Brundisio
1382 2656 1458 2684 uon
1484 2648 1689 2696 receptum

265 2712 326 2747 est
351 2708 451 2746 inter
477 2707 628 2747 scholia
653 2707 842 2755 collecta)
863 2708 1019 2747 videtur
1044 2708 1244 2749 habuis-e.
1267 2706 1269 2708 ’
1301 2706 1487 2746 Codicem
1513 2707 1555 2746 B
1580 2708 1687 2759 prius

267 2769 449 2810 omisisse
485 2772 604 2812 verba
634 2768 705 2812 καὶ
730 2770 817 2811 ΑΓ
837 2771 941 2811 haud
968 2771 1098 2824 magni
1123 2769 1310 2811 momenti
1336 2773 1411 2820 est,
1440 2770 1530 2821 quia
1558 2770 1688 2822 sequi-
