1884 3100
609 207 946 243 ΠΡΟΤΕΡΩΝ
973 209 1013 242 Β
1465 204 1547 246 221

94 303 326 390 ὑπάρχειν,
351 303 403 352 τὸ
426 305 474 353 δὲ
504 309 542 352 Β
579 306 664 353 τινὶ
694 304 926 366 ὑπάρχειν,
954 304 1031 352 καὶ
1062 302 1114 352 τὸ
1132 307 1172 351 A
1187 319 1249 371 τω
1272 306 1312 351 Β
1334 301 1397 368 μὴ
1414 306 1546 352 παντὶ

93 370 322 435 ὑπάρχειν,
350 369 446 419 οἷον
472 371 525 420 τὸ
555 371 718 421 λευκὸν
746 374 830 420 τινὶ
855 372 953 438 ζῴῳ
977 370 1063 434 οὐχ
1082 351 1288 433 ὑπάρχει,
1312 369 1363 419 τὸ
1389 372 1437 419 δὲ
1460 391 1543 418 κα-
1617 416 1623 422 ,

93 438 179 487 λὸν
206 441 290 487 τινὶ
322 438 526 501 υπάρχει,
558 442 634 487 καὶ
665 438 718 488 τὸ
749 420 912 487 λευκὰν
939 438 999 486 ού
1028 440 1155 486 παντὶ
1189 443 1326 506 καλῷ.
1361 436 1592 487 03'615’6'vao

94 511 255 591 ληφθῇ
277 505 329 554 τὸ
349 509 428 568 μὲν
448 512 485 554 Α
512 509 665 570 μηδενὶ
693 511 757 572 τῷ
791 505 936 564 Γ,τὸ
966 508 1014 554 δὲ
1042 511 1080 553 Β
1108 508 1260 565 παντί,
1282 487 1544 570 ἀμφότεραι

93 576 172 635 μὲν
204 576 249 622 αἱ
280 575 514 635 προτάσεις
542 575 614 621 ἐπί
641 594 681 621 τι
707 577 914 631 ψευδεῖς,
947 572 1000 620 τὸ
1034 575 1081 620 δε
1110 575 1406 635 συμπέρασμα
1429 573 1539 638 άλη-

94 642 186 698 θές.
234 640 449 698 (ὁσαύτως
483 642 531 687 δὲ
564 642 639 687 καὶ
669 645 750 705 τῆς
778 659 856 702 μεν
888 639 996 704 ὅλης
1020 645 1223 727 ψευδοῦς
1253 645 1334 705 τῆς
1363 640 1403 688 6’
1433 639 1544 706 ὅλης

92 706 296 771 ἀληθοῦς
335 708 679 770 λαμβανομένης.
738 709 917 769 ἐγχωρεῖ
953 705 1037 769 γὰρ
1067 710 1142 754 καὶ
1171 707 1222 754 τὸ
1253 713 1292 755 A
1320 710 1395 756 καὶ
1423 707 1476 756 τό
1503 711 1544 755 Β

90 777 220 822 παντὶ
251 778 314 840 τῷ
346 778 392 821 Γ
415 775 623 831 ἕπεσθαι,
657 771 708 820 τὸ
737 775 883 835 μέντοι
910 778 948 820 Α
968 775 1051 820 τινὶ
1078 778 1141 840 τῷ
1165 777 1204 820 Β
1224 772 1286 838 μή
1311 773 1594 836 ὑπάρχειν,εε

93 840 189 889 οἶον
215 846 331 907 ζῷον
344 840 592 889 καὶλευκὸν
610 843 739 888 παντὶ
762 841 914 910 κύκνῳ
928 842 1084 898 ἕπεται,
1102 839 1154 888 τὸ
1177 841 1325 902 μέντοι
1343 845 1461 908 ζῷον
1484 840 1545 890 οὐ

91 911 221 956 παντὶ
232 889 583 992 ὑπάρχειλευκῷ.
596 909 812 957 τεθέντων
824 902 909 956 οὖν
918 906 1033 970 ὅρων
1044 907 1273 966 τοιούτων,
1298 889 1384 956 ἐὰν
1382 913 1545 973 ληφθῇ

89 975 141 1023 τὸ
175 995 253 1037 μεν
286 980 323 1023 Β
354 975 445 1022 ολω
474 981 534 1040 τῷ
559 980 605 1022 Γ
614 975 852 1037 υπαρχειν,
894 974 946 1023 τὸ
975 977 1022 1022 δε
1045 980 1083 1022 Α
1115 974 1206 1023 ὅλω
1229 975 1290 1041 μὴ
1311 974 1543 1038 ὑπάρχειν,

89 1042 120 1106 ἡ
152 1045 230 1103 μὲν
258 1047 346 1089 ΒΓ
368 1023 452 1106 ὅλη
486 1044 606 1090 ἔσται
637 1042 838 1107 αληθής,
877 1041 907 1107 ἢ
943 1044 990 1090 δὲ
1011 1047 1099 1089 ΑΓ
1120 1024 1203 1107 ὅλη
1231 1043 1429 1107 ψευδής,
1469 1045 1545 1090 καὶ

89 1108 141 1157 τὸ
171 1111 466 1171 συμπέρασμα
494 1109 674 1173 αληθές.
709 1109 874 1170 ὁμοίως
899 1112 946 1157 δὲ
967 1112 1039 1156 καὶ
1068 1112 1106 1157 εἰ
1128 1109 1180 1158 τὸ
1209 1129 1288 1172 μεν
1318 1114 1405 1157 ΒΓ
1426 1113 1594 1167 φεῦ-40

90 1180 183 1234 δος,
220 1176 272 1224 τὸ
305 1179 352 1224 δὲ
371 1181 459 1223 ΑΓ
471 1176 661 1240 ἀληθές·
694 1178 737 1223 οἱ
767 1196 852 1239 γαρ
888 1176 1017 1224 αὐτοὶ
1047 1175 1148 1238 ὅροι
1176 1176 1292 1238 πρὸς
1317 1176 1399 1242 τὴν
1428 1177 1544 1225 α’πό-

88 1243 221 1300 δειξιν
266 1242 898 1307 [μέλαν-κύκνος-ἄφυχον].
954 1242 1067 1290 ἄλλά
1104 1245 1179 1291 καὶ
1221 1246 1260 1291 εἰ
1297 1243 1543 1307 ἀμφότεραι
1560 1258 1652 1303 p.5·1

88 1310 382 1372 λαμβάνοιντο
427 1312 734 1373 καταφατικαί.
801 1310 938 1358 οὐδὲν
971 1309 1054 1372 γὰρ
1095 1310 1259 1359 κωλύει
1297 1310 1350 1359 τὸ
1386 1313 1464 1374 μεν
1505 1317 1545 1359 Β

88 1380 217 1425 παντὶ
247 1383 309 1424 τῶ
348 1382 393 1424 Γ
423 1379 632 1435 ἕπεσθαι,
669 1376 721 1425 τὸ
755 1379 802 1425 δε
834 1383 872 1425 Α
901 1375 1018 1436 ὅλως
1052 1376 1113 1441 μὴ
1134 1377 1364 1440 ὑπάρχειν,
1393 1380 1468 1426 καὶ
1488 1378 1542 1427 τὸ

89 1450 127 1492 Α
157 1446 238 1492 τινὶ
267 1465 328 1492 τω
364 1449 402 1491 Β
433 1444 669 1530 ὑπάρχειν,
700 1442 796 1492 οἷον
829 1444 980 1510 κύκνῳ
1009 1447 1137 1492 παντὶ
1179 1450 1310 1511 ζῷον,
1339 1447 1475 1507 μέλαν
1506 1445 1547 1494 δ’

92 1511 244 1559 οὐδενὶ
280 1511 459 1577 κύκνω,
505 1514 582 1558 καὶ
607 1510 659 1558 τὸ
688 1513 824 1572 μέλαν
856 1511 1046 1573 ὑπάρχει
1076 1514 1160 1559 τινὶ
1194 1512 1310 1579 ζώῳ.
1359 1511 1462 1561 ωστ’
1491 1532 1579 1561 ανε

87 1583 250 1643 ληφθῇ
275 1578 326 1626 τὸ
358 1584 394 1626 Α
430 1581 504 1626 καὶ
535 1577 586 1626 τὸ
618 1583 656 1626 Β
686 1580 815 1626 παντὶ
843 1584 906 1645 τῷ
939 1583 986 1625 Γ
1015 1577 1256 1666 υπάρχειν,
1297 1578 1326 1644 ἡ
1357 1600 1436 1642 μεν
1466 1585 1554 1628 ΒΓ

90 1644 173 1710 ὅλη
213 1645 411 1731 άληθης,
454 1645 483 1710 ἡ
521 1648 568 1693 δε
611 1651 698 1693 ΑΓ
717 1644 799 1711 ὅλη
837 1646 1031 1710 ψευδής,
1063 1648 1138 1693 καὶ
1164 1646 1215 1695 τὸ
1247 1643 1546 1710 συμπέρασμα

91 1713 271 1777 άληθές.
308 1713 470 1774 ὁμοίως
499 1716 545 1760 δε
578 1715 653 1760 καὶ
684 1718 763 1777 τῆς
794 1718 881 1760 ΑΓ
905 1716 1160 1777 ληφθείσης
1194 1714 1423 1778 αληθους·
1471 1714 1545 1763 διὰ

90 1779 173 1843 γάρ
192 1785 279 1828 τῶν
310 1780 455 1828 αὐτῶν
491 1779 607 1840 ὅρων
626 1779 653 1844 ἡ
678 1779 909 1838 απόδειξις.
954 1782 1089 1828 πάλιν
1109 1786 1187 1844 τῆς
1207 1801 1286 1842 μεν
1304 1780 1412 1866 ὅλης
1433 1779 1546 1846 αλη.

90 1852 212 1905 θους
238 1846 404 1911 οὔσης,
438 1865 520 1910 της
547 1847 586 1894 δ’
616 1849 687 1894 ἐπί
715 1865 756 1895 τι
776 1851 992 1905 ψευδοῦς.
1036 1848 1214 1933 ἐγχωρεῖ
1232 1847 1317 1911 γάρ
1338 1847 1388 1896 τὸ
1408 1868 1488 1910 μεν
1508 1853 1546 1897 Β
1563 1867 1598 1896 10

89 1916 221 1962 παντὶ
256 1919 322 1980 τῷ
351 1919 397 1961 Γ
414 1913 641 1976 ὑπάρχειν,
671 1913 722 1962 τὸ
754 1917 801 1962 δε
833 1919 871 1962 A
901 1916 1000 1971 τινί,
1030 1917 1106 1962 καὶ
1129 1914 1180 1962 τὸ
1217 1921 1256 1963 Α
1283 1918 1368 1964 τινὶ
1403 1936 1463 1963 τω
1497 1922 1546 1974 Β,

89 1980 188 2029 οἷον
217 1983 379 2029 δίπουν
410 1983 487 2042 μεν
519 1984 648 2029 παντὶ
674 1981 915 2048 ἀνθρώπω,
935 1981 1074 2030 καλὸν
1092 1982 1131 2029 δ’
1150 1981 1212 2030 ου’
1232 1985 1376 2041 παντί,
1400 1986 1475 2031 καὶ
1492 1983 1545 2032 τὸ

88 2047 226 2096 καλὸν
250 2051 335 2096 τινὶ
363 2050 511 2097 δίποδι
539 2047 740 2111 ὑπάρχει.
799 2049 876 2097 ἐὰν
905 2051 992 2097 οὐν
1023 2054 1187 2114 ληφθη
1214 2053 1289 2098 καὶ
1317 2049 1371 2098 τὸ
1405 2056 1440 2098 Α
1471 2053 1548 2099 καὶ

88 2115 140 2164 τὸ
174 2121 212 2164 Β
250 2114 341 2182 ὅλῳ
369 2121 430 2183 τῷ
461 2121 507 2163 Γ
532 2115 772 2179 ὑπάρχειν,
800 2116 830 2180 ἡ
867 2136 945 2179 μεν
978 2121 1066 2164 ΒΓ
1086 2115 1175 2182 ὅλη
1205 2117 1408 2205 ἀληθής,
1438 2117 1468 2183 ἡ
1499 2121 1547 2166 δε

89 2188 176 2230 ΑΓ
197 2185 266 2230 ἐπί
292 2202 334 2230 τι
355 2164 555 2246 ψευδής,
586 2183 638 2231 τὸ
669 2186 716 2231 δε
746 2186 1043 2246 συμπέρασμα
1076 2184 1257 2249 άληθές.
1304 2185 1468 2246 ὁμοίως
1497 2188 1545 2233 δὲ
1563 2206 1598 2235 15

89 2252 162 2297 καὶ
195 2254 277 2312 τῆς
306 2268 384 2310 μεν
410 2254 497 2295 ΑΓ
519 2249 727 2313 αληθους
750 2256 829 2313 τῆς
861 2253 909 2316 δε
940 2255 1027 2298 ΒΓ
1050 2255 1256 2310 ’ψευδοῦς
1285 2253 1357 2299 ἐπί
1373 2271 1415 2299 τι
1432 2256 1545 2313 λαμ-

88 2318 352 2379 βανομένης·
381 2318 703 2376 μετατεθέντων
723 2316 807 2380 γὰρ
827 2337 918 2366 των
931 2318 1083 2366 αὑτων
1105 2317 1222 2380 ὅρων
1243 2320 1361 2366 ε’σται
1381 2317 1411 2383 ἡ
1432 2318 1546 2367 6213-

91 2383 235 2442 δειξις.
270 2385 344 2431 καὶ
375 2388 457 2447 τῆς
488 2403 566 2444 μεν
596 2389 853 2448 στερητικῆς
877 2390 960 2449 τῆς
981 2387 1028 2433 δε
1058 2391 1365 2450 καταφατικῆς
1384 2385 1544 2451 οὔσης.

89 2452 181 2500 ἐπεὶ
211 2449 295 2515 γάρ
321 2452 499 2514 ἐγχωρεῖ
526 2449 579 2498 τὸ
610 2470 689 2513 μεν
724 2455 763 2499 Β
790 2450 880 2500 ὅλω
910 2457 973 2519 τῷ
1003 2457 1049 2499 Γ
1068 2452 1309 2516 ὑπάρχειν,
1352 2452 1404 2502 τὸ
1432 2456 1480 2502 δὲ
1508 2459 1547 2502 A

181 2611 226 2644 29
242 2608 324 2646 οἷον
344 2610 408 2646 καὶ
423 2609 466 2646 τὸ
484 2622 565 2644 corr
580 2623 616 2645 π.
642 2629 684 2636 -
711 2610 842 2647 λευκᾶν
859 2619 894 2646 et
910 2611 1025 2648 καλὸν
1043 2614 1100 2647 loc
1114 2620 1189 2646 mut
1208 2613 1347 2656 ΛΒιιῙη,
1371 2624 1415 2656 pr
1429 2624 1476 2647 m.
1499 2633 1546 2640 -—-

90 2656 133 2690 37
150 2654 293 2691 τούτων
309 2657 440 2690 ACnm.
465 2676 511 2684 —-
535 2658 577 2690 41
598 2655 634 2691 οἳ
652 2654 739 2713 γαρ]
757 2656 820 2692 καὶ
837 2657 874 2692 οἱ
898 2659 951 2701 (ff.
976 2678 1021 2685 —
1045 2657 1172 2702 αὐτοὶ]
1190 2657 1397 2701 τοιουτοιί,
1414 2659 1544 2694 con-c.

181 2701 269 2736 57a3
288 2698 359 2748 ολφ
382 2703 491 2745 ACsn.
519 2722 562 2727 --
589 2702 612 2736 4
624 2714 691 2745 μεν
709 2710 793 2747 post
807 2701 931 2748 κύκνῳ
945 2705 1014 2736 add
1035 2703 1109 2738 Ac.
1136 2721 1182 2730 —-
1209 2704 1251 2737 13
1267 2702 1342 2739 τινὶ
1353 2715 1404 2750 τῳ
1389 2703 1546 2740 ’δίποδι

90 2747 156 2779 An.
180 2766 225 2772 -—
249 2737 493 2791 ρτκαὶοιιιιι.
510 2766 553 2772 -
576 2747 640 2783 καὶ
657 2748 868 2794 τῷβρτΑ.
884 2766 930 2775 -
956 2749 998 2783 16
1017 2748 1312 2794 prycorrA.—-
1334 2737 1446 2785 §niu
1463 2757 1545 2784 ante

89 2791 305 2837 ψενδοῧςπ,
331 2795 427 2836 oms
443 2800 478 2826 et
500 2805 542 2837 pr
563 2793 601 2828 G.

1166 2849 1251 2885 15*
