1760 3112
261 220 313 260 84
663 219 866 256 Scholia
898 218 954 253 ad
984 188 1281 263 categorias.

162 319 250 354 6122
352 317 431 354 ἐπεὶ
460 311 529 353 οὖν
549 313 594 350 τὰ
622 314 785 362 ῥηθέντα
811 314 1104 360 παραδείγματα,
1131 311 1174 348 τὸ
1193 315 1315 358 μεῖζον
1323 313 1392 349 καὶ
1410 312 1451 348 τὸ
1474 311 1677 354 διπλάσιον,

265 372 358 419 πρός
378 374 414 409 τί
435 374 525 408 εἰσιν
549 371 587 406 ἐν
612 371 713 416 ποσῷ
728 368 980 415 θεωρούμενα,
1007 367 1195 414 διεχωρισε
1217 367 1428 435 (διεχώρησε
1447 368 1544 411 cod.)
1560 367 1678 402 ταῦτα

265 425 340 464 ἀπὸ
365 430 431 474 τῆς
458 427 564 470 ἕξεως
585 426 647 461 καὶ
664 427 728 469 τῆς
744 423 946 464 διαθέσεως
962 424 1024 459 καὶ
1048 425 1122 459 τῶν
1150 425 1286 459 λοιπῶν
1309 437 1357 464 ως
1374 423 1466 469 πρός
1482 436 1518 457 τι
1533 421 1597 467 μὲν
1617 434 1678 457 ου-

265 485 350 526 σῶν,
378 484 418 520 ἐν
443 483 615 526 ποιότητι
636 480 675 516 δὲ
689 480 964 526 θεωρουμένων.
1010 478 1146 514 τούτου
1168 478 1237 525 γὰρ
1265 477 1373 525 χάριν
1399 476 1532 521 εἶπεν,
1535 476 1622 520 ,ἔστι
1639 476 1679 512 δὲ

264 540 327 575 καὶ
353 564 362 574 .
373 566 381 575 .
393 540 424 574 .”
445 536 511 584 ἢ”
490 552 547 573 οτι
564 537 611 572 τὰ
622 536 687 581 μὲν
702 534 778 570 ἅνω
795 535 1070 580 παραδείγματα
1086 536 1148 570 καὶ
1162 533 1257 570 κατὰ
1275 532 1422 579 γενικὴν
1439 531 1680 568 ἀποδίδονται

265 595 330 630 καὶ
356 592 452 630 κατὰ
475 591 621 637 γενικὴν
651 588 953 637 ἀντιστρέφουσι,
984 591 1103 625 ταῦτα
1121 590 1161 625 δὲ
1179 587 1275 625 κατὰ
1293 588 1439 633 γενικὴν
1453 588 1519 634 μὲν
1546 585 1680 623 ἀποδί-

267 652 407 692 δονται,
432 647 525 684 κατὰ
546 645 696 691 δοτικὴν
720 645 760 681 δὲ
779 644 1093 692 ἀντιστρέφουσιν.
1133 647 1295 690 Magent.

197 704 250 737 7b
356 703 560 749 προσέθετο
585 702 626 737 τὸ
650 714 725 744 ,,ως
747 701 808 736 ἐπὶ
830 701 872 736 τὸ
896 701 1012 736 πολύ”
1036 699 1100 736 διὰ
1122 698 1168 735 τὰ
1192 697 1392 744 μηχανικά·
1428 697 1489 734 ἐπὶ
1514 696 1584 742 γὰρ
1607 697 1681 731 τῶν

207 748 251 781 24
266 760 476 806 μηχανικῶν
493 755 570 802 ἅμα
592 756 615 802 ἡ
639 755 814 801 ἐπιστήμη
838 756 901 791 καὶ
924 756 965 792 τὰ
987 755 1182 800 ἐπιστητὸν
1202 754 1448 800 υφίστανται.
1482 749 1583 787 ,ἀλλ’
1602 748 1681 787 οὐδ’

267 815 327 851 ἐπὶ
356 828 431 850 των
454 826 662 859 μηχανικων
697 811 1070 858 ἀκριβολογησάμενός
1095 824 1152 851 τις
1175 808 1318 856 ευρήσει
1339 809 1380 845 τὸ
1405 807 1597 853 ἐπιστητὸν
1619 806 1683 842 καὶ

265 870 333 914 τήν
356 869 556 914 ἐπιστήμην
580 866 658 913 ἅμα
679 867 922 911 υφίστασθαι.
967 868 1112 912 πρῶτον
1134 864 1202 911 γὰρ
1227 863 1428 899 ἐπινοεῖταί
1444 876 1499 904 τις
1516 866 1580 898 καὶ
1597 866 1682 906 λαμ.-

266 923 372 971 βάνει
391 925 525 969 γνῶσίν
547 935 647 962 τινος
667 918 934 966 τεχνάσματος,
970 920 1042 956 εἶθ’
1074 917 1192 960 οὕτως
1214 920 1277 955 καὶ
1300 917 1470 954 ἀποτελεῖ
1492 917 1533 954 τὸ
1556 917 1683 962 τέχνα-

267 991 359 1024 σμα,
392 978 441 1020 ὥς
465 980 588 1014 δοκεῖν
611 977 784 1012 ἐντεῦθεν
804 975 874 1021 τὴν
893 975 1093 1021 ἐπιστήμην
1115 973 1362 1021 προϋπάρχειν
1384 976 1453 1010 τοῦ
1473 973 1680 1017 ἐπιστητοῦ.

266 1032 342 1070 ἀλλ’
367 1034 438 1069 ἔστι
463 1031 557 1079 πρὸς
579 1033 690 1067 τοῦτο
716 1032 841 1072 εἰπεῖν,
862 1030 920 1067 ὅτι
945 1030 1029 1067 οὐδὲ
1054 1031 1230 1075 ἐπιστήμη
1249 1029 1465 1077 ῥηθήσεται,
1488 1030 1523 1064 εἰ
1535 1030 1618 1074 περί
1632 1041 1684 1063 τι-

266 1095 331 1131 νος
364 1088 653 1132 ἀποτελέσματος
685 1085 970 1132 προσεπενοήθη
997 1086 1020 1132 ἡ
1049 1088 1115 1131 τῆς
1147 1083 1265 1122 αὐτοῦ
1293 1085 1521 1128 κατασκευῆς
1542 1085 1684 1128 γνῶσις,

269 1145 333 1182 διὰ
355 1142 396 1180 τὸ
424 1142 564 1188 ἄδηλον
587 1141 695 1182 εἶναι,
720 1143 755 1176 εἰ
775 1142 835 1176 καὶ
861 1143 912 1182 εἰς
935 1142 1039 1188 ἔργον
1061 1139 1103 1177 τὸ
1130 1139 1331 1186 διανοηθὲν
1351 1139 1586 1186 προβήσεται.

195 1206 251 1239 71)
357 1213 380 1244 η
407 1200 579 1242 αἴσθησις
602 1196 640 1232 ἐν
663 1199 715 1243 τῷ
738 1198 944 1243 αἰσθητικῷ
973 1196 1114 1242 σώματι
1137 1195 1351 1241 υφίσταται,
1386 1208 1436 1235 ως
1459 1195 1618 1238 εἴπομεν,
1641 1190 1682 1227 τὸ

209 1250 251 1284 36
269 1254 309 1291 δὲ
333 1253 553 1305 αἰσθητικὸν
577 1264 681 1295 σωμα
703 1250 742 1286 ἐκ
764 1264 837 1286 των
867 1251 1052 1298 τεσσάρων
1074 1253 1299 1288 συνίσταται.
1343 1249 1472 1286 λοιπὸν
1495 1246 1568 1295 ἄρα
1590 1245 1686 1294 πρό-

266 1307 354 1355 τερά
378 1309 448 1344 εἰσι
471 1306 517 1342 τὰ
542 1307 697 1351 τέσσαρα
720 1309 880 1350 στοιχεῖα
904 1307 1068 1352 αἰσθητὰ
1099 1304 1189 1343 ὅντα
1221 1308 1289 1342 τοῦ
1318 1305 1537 1350 αἰσθητικοῦ
1561 1315 1687 1348 σωμα-

266 1378 341 1405 τος.
388 1363 426 1406 ἐξ
447 1361 584 1397 αὐτῶν
595 1361 664 1406 γὰρ
687 1362 750 1396 καὶ
775 1361 927 1406 συνέστη
951 1363 1013 1397 καὶ
1038 1361 1057 1397 ὁ
1080 1363 1146 1407 μὲν
1167 1359 1403 1408 Ἀριστοτέλης
1427 1373 1471 1395 ου
1496 1358 1588 1406 πρὸς
1602 1356 1685 1403 ἀλή-

266 1423 380 1455 θειαν
401 1417 551 1464 βλέψας,
576 1413 666 1450 ἀλλὰ
690 1415 780 1461 πρὸς
802 1416 844 1451 τὸ
869 1417 1096 1462 φαινόμενον
1120 1415 1242 1462 ἤλεγξε
1264 1416 1311 1451 τὰ
1335 1414 1573 1451 ἀποδοθέντα
1596 1415 1685 1455 ἴδια,

266 1474 291 1520 ἢ
315 1474 355 1510 δὲ
379 1471 538 1518 ἀλήθεια
562 1471 633 1516 ἔχει
656 1468 790 1511 οὕτως’
823 1470 871 1506 τὰ
901 1472 993 1518 πρός
1019 1486 1055 1507 τι
1078 1471 1203 1507 πάντα
1226 1468 1410 1517 ἀχώριστα
1434 1468 1595 1515 ἀλλήλων
1618 1469 1687 1505 εἰσὶ

266 1530 331 1566 καὶ
353 1528 519 1574 θάτερον
552 1526 718 1572 θατέρου
753 1523 797 1561 οὔ
823 1527 1067 1574 προῦπάρχει,
1091 1526 1182 1562 ἀλλὰ
1205 1527 1269 1562 καὶ
1292 1525 1368 1572 ἅμα
1389 1526 1615 1572 ’ὑφίστανται

265 1583 313 1620 τὰ
335 1583 405 1630 γὰρ
429 1580 625 1628 πράγματα
649 1578 671 1625 ἢ
697 1579 793 1616 αὐτὰ
815 1580 904 1617 καθ’
928 1581 1024 1618 αὐτά
1049 1583 1118 1618 εἰσι
1140 1583 1203 1618 καὶ
1229 1580 1362 1626 ἄσχετα
1384 1581 1448 1617 καὶ
1471 1578 1638 1617 ἀπόλυτα
1662 1578 1685 1625 ἢ

267 1639 482 1676 συνδέονται
512 1634 679 1680 ἀλλήλοις
709 1636 771 1670 καὶ
803 1637 1069 1680 συμπλέκονται
1098 1638 1145 1684 τῇ
1167 1636 1259 1683 πρὸς
1284 1634 1418 1682 ἄλληλα
1441 1636 1566 1681 σχέσει.
1614 1635 1687 1671 αὕ-

266 1696 352 1731 τίκα
374 1693 395 1730 ὁ
420 1691 682 1738 Σωφρονίσκος
705 1690 767 1725 καὶ
791 1689 810 1725 ὁ
835 1691 1035 1738 Σωκράτης
1056 1691 1106 1732 ὥς
1136 1692 1201 1737 μὲν
1229 1692 1425 1738 πράγματα
1446 1690 1687 1737 θεωρούμενα

266 1749 495 1797 προϋπάρχει
518 1747 537 1782 ὁ
562 1746 823 1790 Σωφρονίσκος
852 1748 921 1781 τοῦ
944 1745 1165 1792 Σωκράτους
1197 1746 1247 1787 αἶς
1277 1746 1454 1792 γεννήσας
1485 1746 1620 1791 αὐτόν,
1653 1747 1690 1781 εἰ

270 1806 310 1842 δὲ
343 1804 394 1846 οἷς
422 1801 565 1848 πατέρα
594 1801 657 1835 καὶ
687 1799 772 1835 υἱὸν
801 1799 916 1846 λάβῃς
939 1799 1088 1843 αὐτούς,
1122 1802 1282 1849 θάτερος
1313 1801 1476 1848 θατέρου
1500 1799 1546 1837 ov'
1569 1802 1686 1847 προῦ-

270 1859 413 1907 πάρχει.

199 1919 254 1952 8a
357 1914 399 1949 τὸ
424 1911 610 1949 ἀδύνατον
634 1913 796 1953 ἐπίτασίς
825 1911 901 1947 ἔστι
931 1911 1002 1946 τοῦ
1030 1912 1192 1955 χαλεποῦ
1216 1935 1225 1945 .
1239 1935 1268 1946 ..
1292 1912 1354 1947 καὶ
1377 1910 1441 1947 διὰ
1472 1911 1584 1946 τοῦτο
1607 1909 1687 1945 οἷον

210 1963 254 1996 30
270 1968 595 2014 ἐπανορθούμενος
616 1966 751 2004 ἑαυτὸν
775 1966 854 2003 εἶπε
868 1965 911 2000 τὸ
933 1963 982 2009 „ff
1003 1963 1223 2001 ἀδύνατον.”

200 2029 252 2062 8³
360 2022 405 2059 ου’
426 2022 499 2068 μὴν
521 2022 563 2058 τὸ
589 2021 684 2058 εἶναι
706 2022 768 2057 καὶ
792 2021 812 2058 ὁ
837 2019 985 2067 ὁρισμὸς
1007 2017 1130 2055 αὐτῶν
1152 2021 1229 2055 τοῖν
1249 2018 1343 2066 πρός
1364 2033 1401 2056 τι
1423 2017 1466 2055 τὸ
1483 2017 1580 2055 αὐτὰ
1599 2019 1688 2056 ἀνα-

191 2071 254 2112 .34
269 2079 451 2126 φέρεσθαι
473 2077 566 2124 πρὸς
591 2077 725 2124 ἕτερον.

200 2138 254 2171 Sa
359 2134 468 2169 τοῦτο
493 2133 533 2168 δὲ
556 2130 724 2177 ἀνεφάνη
749 2130 798 2172 αἶς
820 2128 999 2176 πορισμός
1029 2128 1069 2164 ἐκ
1089 2130 1156 2165 τοῦ
1190 2128 1445 2170 ἀποδοθέντος
1468 2129 1565 2165 ἰδίου
1586 2130 1688 2176 παρὰ

209 2181 254 2216 35
269 2190 338 2225 τοῦ
358 2187 630 2234 Ἀριστοτέλους.
687 2185 848 2232 πόρισμα
871 2185 913 2221 δέ
937 2185 1012 2221 ἐστι
1033 2183 1136 2231 παρὰ
1156 2184 1375 2231 γεωμέτραις
1398 2180 1420 2220 ὃ
1443 2183 1689 2228 ἀναφαίνεται

269 2243 407 2287 ἔξωθεν
430 2241 469 2278 ἔκ
490 2255 590 2283 τινος
613 2241 736 2288 ἑτέρου
761 2239 1018 2285 συναχθέντος.

196 2305 219 2338 8
230 2304 252 2336 b
361 2297 490 2334 λοιπὸν
513 2296 551 2333 ἐκ
574 2296 718 2333 τούτων
740 2298 925 2341 φαίνεται,
950 2292 1008 2330 ὅτι
1022 2294 1070 2330 τὰ
1087 2293 1177 2341 μέρη
1190 2295 1257 2339 τῆς
1272 2294 1444 2340 δευτέρας
1459 2291 1584 2335 οὐσίας
1595 2294 1688 2341 πρός

212 2350 254 2382 15
269 2368 307 2390 τι
330 2353 398 2389 οὐκ
420 2354 519 2390 εἰσίν.

197 2414 253 2447 8b
361 2406 410 2444 δι’
433 2405 624 2454 εὐλάβειαν
647 2407 765 2452 εἴρηκε
790 2404 998 2451 φιλόσοφον
1099 2400 1121 2448 ἢ
1144 2404 1358 2449 παρακινῶν
1386 2402 1474 2444 τούς
1503 2401 1689 2452 ἀκροατὰς

209 2459 254 2491 22
270 2464 322 2504 εἰς
344 2461 386 2499 τὸ
412 2462 633 2506 σπουδάζειν
655 2461 850 2507 εὑρίσκειν,
874 2462 910 2496 εἰ
930 2458 1110 2503 δυνατόν,
1133 2459 1317 2494 καλλίονα.

164 2523 253 2556 8b31
360 2518 403 2554 τὸ
431 2517 471 2553 δὲ
494 2517 690 2563 ,,μετρίαν”
714 2514 798 2552 ἀντὶ
820 2517 887 2551 τοῦ
908 2514 1059 2561 μερικὴν
1081 2513 1243 2558 νοητέον.

201 2579 255 2655 91Σ
361 2572 430 2608 ον’κ
459 2570 560 2609 εἶπεν
592 2571 711 2615 εἶδος,
747 2572 809 2607 ἵνα
839 2571 888 2616 μὴ
921 2569 1096 2616 ἐπινοήσῃ
1129 2582 1186 2610 τις
1223 2566 1320 2609 εἶδος
1361 2567 1456 2604 εἶναι
1495 2566 1687 2604 εἰδικώτα-

269 2639 349 2664 τον.

201 2688 253 2721 99
358 2680 405 2716 τὰ
432 2684 522 2726 γοῦν
543 2681 653 2726 πάθη
677 2681 872 2726 ποιότητες
896 2678 941 2716 οὗ
970 2678 1136 2724 λέγονται
1159 2676 1223 2714 διὰ
1252 2676 1293 2712 τὸ
1320 2676 1467 2722 φθάσαι
1490 2678 1687 2722 φθαρῆναι

209 2733 255 2767 98
268 2734 409 2782 ταύτην
438 2736 508 2783 πρὸ
539 2739 608 2774 τοῦ
638 2737 676 2780 ἐξ
705 2735 822 2782 αὐτῆς
850 2734 1182 2782 παρονομασθῆναι
1210 2731 1252 2768 τὸ
1287 2731 1437 2777 μετέχον
1471 2728 1587 2777 αὐτῆς
1615 2733 1686 2768 σῶ-
