1780 3100
243 184 323 225 δώ
837 166 1131 228 categoriae.

246 283 369 321 12b6
397 280 514 329 Quod
534 282 768 333 affirmatur
791 280 858 318 vel
880 285 1058 332 negatur
1086 281 1223 334 differt
1250 281 1300 321 ab
1329 282 1419 335 ipsa
1448 281 1724 334 affirmatione

249 349 290 383 et
311 346 546 396 negatione,
571 355 816 395 quamquam
836 343 1010 382 alterum
1028 344 1154 382 alteri
1181 346 1399 397 opponitur
1426 350 1472 382 ut
1502 345 1734 397 affirmatio·

248 409 474 460 negationi.
513 409 563 443 16
591 405 772 444 Habitus
809 411 849 445 et
882 407 1068 458 privatio
1105 408 1187 445 alio
1221 407 1339 446 modo
1365 407 1443 444 sibi
1469 412 1726 458 opponuntur

251 477 374 523 atque
399 483 449 508 ea
472 482 578 521 quae
601 468 656 507 ad
682 482 727 507 se
752 469 927 508 invicem
954 471 1203 520 referuntur,
1230 472 1282 507 26
1309 482 1441 522 neque
1469 473 1727 521 opponuntur

249 539 297 572 ut
332 532 552 571 contraria.
594 534 737 570 13a37
765 533 1052 584 Affirmationi
1087 539 1127 571 et
1166 533 1381 583 negationi
1414 532 1626 584 proprium
1654 534 1727 578 est,

250 595 357 648 quod
384 595 518 632 altera
546 595 689 646 utique
715 608 814 633 vera
843 600 915 642 est,
946 596 1080 634 altera
1096 596 1228 647 salsa.

251 658 397 695 11b16
425 656 652 708 Simplicius
692 657 837 703 (schol.
865 659 1013 697 81a36
1042 672 1116 709 sq„
1144 660 1168 697 b
1189 660 1258 703 16)
1295 658 1416 696 habet
1443 653 1730 695 ἀνατίθεσθαι

300 733 374 771 pro
401 717 682 768 ἀντικεῖσθαι,
713 720 818 770 quod
847 722 1027 759 omnibu·
1057 722 1172 760 codd.
1202 721 1334 758 invitis
1363 724 1514 757 mutare
1543 731 1618 756 non
1646 718 1729 755 ausi

301 795 449 822 sumus.
517 782 575 821 De
612 783 804 835 oppositis
837 796 871 822 v.
901 786 1095 822 1018a20
1132 781 1394 833 ἀντικείμενα
1431 779 1590 832 λέγεται
1618 778 1728 820 ἀντί-

302 853 430 896 φασις
450 843 521 884 καὶ
546 844 746 884 τάναντία
772 842 844 884 καὶ
869 844 920 885 τὰ
947 846 1119 895 πρός.τι
1146 844 1217 885 καὶ
1244 843 1432 894 στέρησις
1458 842 1527 883 καὶ
1555 840 1635 890 ἕξις
1660 840 1731 882 καὶ

302 905 344 956 ἐξ
383 899 445 947 ὧν
471 906 542 949 καὶ
579 907 636 954 εἰς
671 908 697 947 ἃ
733 906 881 959 ἔσχατα
919 903 1013 948 οἷον
1051 908 1095 948 αἱ
1129 905 1310 959 γενέσεις
1345 905 1415 947 καὶ
1439 905 1624 958 φθοραί·
1661 904 1732 945 καὶ

303 966 384 1011 ὅσα
421 968 478 1022 μὴ
519 969 725 1021 ἐνδέχεται
761 969 847 1022 ἅμα
873 974 1069 1022 παρεῖναι
1094 975 1151 1022 τῷ
1179 971 1342 1023 ἀμφοῖν
1370 970 1564 1022 δεκτικῷ,
1600 971 1733 1008 ταῦτα

302 1033 565 1073 ἀντικεῖσθαι
582 1030 745 1083 λέγεται
771 1032 797 1085 ἢ
827 1033 934 1073 αὐτὰ
962 1034 987 1086 ἢ
1016 1033 1056 1084 ἐξ
1085 1026 1146 1074 ὧν
1173 1033 1298 1075 ἐστίν.
1341 1035 1450 1083 Quae
1477 1035 1616 1073 ultimo
1645 1033 1732 1071 loco

303 1098 515 1136 nominavit
549 1109 625 1135 non
663 1097 741 1134 duo
770 1102 862 1135 sunt
889 1100 1159 1149 oppositorum
1188 1111 1331 1149 genera
1357 1111 1379 1135 a
1406 1103 1589 1147 quattuor
1614 1108 1734 1145 gene-

306 1160 439 1207 ribus,
476 1172 577 1209 quae
613 1162 728 1197 antea
757 1163 1093 1209 commemoravit,
1121 1163 1287 1208 diversa,
1316 1160 1386 1199 sed
1415 1161 1525 1210 signa
1553 1162 1644 1197 sunt
1673 1157 1735 1195 vel

305 1228 444 1269 notae,
484 1235 533 1260 ex
570 1222 711 1272 quibus
751 1224 935 1273 cognosci
972 1225 1125 1274 possint
1161 1237 1262 1275 quae
1296 1225 1374 1262 sint
1401 1223 1593 1274 opposita.
1650 1219 1734 1258 cic.

306 1285 407 1336 Top.
448 1297 483 1322 c.
513 1286 560 1321 ll
600 1283 638 1334 ὃ.
676 1286 727 1323 4Ἰ
763 1286 1089 1335 „Contrariorum
1136 1292 1266 1325 autem
1302 1298 1445 1335 genera
1485 1288 1575 1323 sunt
1610 1284 1735 1334 plura.

302 1347 435 1385 Unum
475 1360 613 1386 eorum
652 1360 752 1397 quae
792 1349 831 1386 in
870 1350 1008 1387 eodem
1048 1362 1193 1400 genere
1228 1349 1440 1399 plurimum
1469 1347 1734 1385 differunt...

305 1411 556 1462 appellantur
576 1410 729 1448 diversa
755 1411 971 1456 (adversa‘z
998 1413 1056 1450 sic
1084 1416 1193 1450 certe
1222 1413 1359 1450 eadem
1387 1414 1498 1449 vocat
1523 1410 1563 1447 in
1591 1412 1735 1459 seqq.).

307 1473 409 1512 Sunt
430 1474 530 1511 enim
560 1472 636 1510 alia
663 1474 855 1512 contraria
884 1487 984 1524 quae
1012 1475 1201 1525 privantia
1228 1475 1324 1513 licet
1350 1474 1592 1524 appellemus
1619 1472 1739 1510 latine

337 1566 345 1576 .
364 1564 373 1574 .
397 1536 471 1573 alia
499 1547 656 1584 quoque
685 1541 776 1574 sunt
804 1538 1086 1575 contrariorum
1114 1550 1282 1589 genera,
1311 1538 1420 1575 velut
1447 1549 1494 1575 ea
1521 1549 1621 1586 quae
1648 1547 1738 1573 cum

308 1599 439 1648 aquuo
467 1597 747 1636 conferuntur:
774 1603 819 1637 ut
846 1599 1008 1650 duplum
1037 1601 1233 1650 simplum,
1262 1600 1385 1639 multa
1412 1611 1610 1649 pauca...
1639 1598 1740 1635 Sunt

309 1662 427 1700 etlam
454 1661 520 1698 illa
547 1660 659 1698 valde
689 1660 883 1700 contraria
903 1675 1002 1712 quae
1024 1664 1274 1713 appellantur
1291 1660 1509 1712 negantia''.
1563 1662 1623 1701 Ad
1646 1673 1738 1698 ean-

305 1724 397 1762 dem
439 1723 722 1761 contrariorum
761 1723 990 1762 divisionem
1019 1725 1250 1763 Aristoteles
1285 1725 1452 1775 respicit
1479 1726 1671 1762 1055a38
1699 1725 1739 1760 el:

306 1786 517 1824 1054a24.
559 1785 649 1823 Alio
672 1797 789 1822 sensu
812 1786 996 1824 dicuntur
1024 1785 1287 1838 ἀντικείμενα
1316 1801 1414 1838 quae
1442 1787 1620 1824 sensibus
1643 1785 1737 1823 sub-

306 1849 409 1887 iecta
438 1851 552 1895 sunt,
579 1845 630 1886 τὰ
657 1845 912 1898 ὑποκείμενα
939 1852 991 1900 τῇ
1020 1848 1235 1902 αἰσθήσεις
1264 1852 1436 1889 415320
1463 1850 1511 1887 ad
1540 1861 1655 1899 quem
1682 1847 1739 1885 lo-

309 1922 399 1950 cum
428 1923 462 1949 v.
493 1910 657 1960 Trdlbg.
687 1910 737 1948 de
764 1923 825 1948 an.
854 1925 892 1961 p.
913 1914 989 1950 351
1017 1926 1074 1964 sq.
1094 1935 1140 1941 —
1170 1915 1248 1952 Ubi
1276 1910 1538 1963 ἀντικείμενα
1566 1923 1739 1948 comme-

311 1978 440 2012 morat
460 1979 604 2011 certam
626 1985 760 2011 eorum
786 1975 959 2023 speciem
985 1976 1021 2013 in
1041 1977 1329 2014 mentehabere
1344 1976 1466 2012 solet:
1494 1975 1551 2011 sic
1563 1973 1675 2010 402h
1689 1973 1738 2009 15

306 2034 358 2075 τὰ
384 2034 492 2085 πρός
517 2047 571 2080 τι,
600 2047 635 2072 v.
662 2035 824 2083 Trdlbg.
856 2036 906 2073 de
933 2049 994 2077 an.
1022 2051 1061 2088 p.
1084 2040 1174 2075 202.
1203 2040 1348 2077 411a5
1375 2036 1522 2077 ἱκανὸν
1551 2034 1630 2087 γὰρ
1658 2033 1739 2074 θά-

306 2111 429 2150 τερον
465 2095 592 2149 μέρος
624 2098 698 2149 τῆς
736 2093 1017 2147 ἐναντιώσεως
1044 2099 1170 2140 ἑαυτό
1197 2113 1240 2140 τε
1267 2100 1425 2152 κρίνειν
1451 2098 1522 2140 καὶ
1546 2098 1594 2138 τὸ
1622 2097 1736 2138 ἀντι-

306 2163 519 2213 κείμενον,
558 2161 679 2199 intell.
706 2159 753 2199 τὸ
782 2157 1002 2202 ἐναντίον;
1032 2178 1151 2215 quare
1180 2166 1296 2203 etiam
1325 2166 1497 2203 362a15
1524 2160 1602 2214 τὴν
1629 2160 1739 2202 ἀντι-

310 2223 506 2277 κειμένην
543 2220 659 2273 ὥραν
695 2224 800 2261 idem
835 2225 1030 2276 significat
1067 2227 1171 2277 quod
1209 2228 1305 2266 dicit
1333 2230 1502 2266 364a33
1529 2224 1603 2272 τὰς
1630 2222 1742 2277 ὥρας

305 2288 380 2336 τὰς
413 2285 617 2334 ἐναντίας.
684 2285 742 2324 De
771 2288 867 2326 coel.
895 2291 1068 2332 2841122
1095 2287 1144 2330 τὸ
1171 2290 1359 2341 πρόσθεν
1384 2288 1456 2330 καὶ
1483 2288 1530 2329 τὸ
1558 2288 1737 2329 ἀντικεί-

306 2351 437 2406 μένον
465 2350 532 2400 (τὸ
560 2348 754 2390 ἐναντίον
779 2349 938 2397 intest).
997 2353 1146 2392 Deinde
1174 2356 1289 2392 etlam
1317 2351 1369 2393 τὰ
1394 2355 1485 2393 κατ’
1514 2351 1741 2403 ἀντίφασιν

307 2414 572 2466 ἀντικείμενα
608 2413 711 2453 nude
746 2420 930 2452 vocantur
965 2414 1250 2469 ἀντικείμεναε
1299 2419 1471 2456 240328
1509 2413 1623 2456 ἔσται
1662 2414 1740 2466 μὲν

311 2479 393 2532 γὰρ
431 2476 472 2527 ἐξ
506 2478 692 2529 ἀνάγκης
719 2471 766 2514 ἐν
792 2474 960 2530 θατέρῳ
987 2480 1073 2518 τῶν
1101 2477 1415 2531 ἀντικειμένωνε
1444 2494 1564 2530 quare
1590 2478 1638 2518 τὸ
1665 2477 1739 2518 ἀν-

306 2544 515 2583 τικεῖσθαι
537 2541 748 2595 opponitur
768 2543 826 2591 τῷ
846 2538 1041 2583 ἐναντίον
1067 2539 1198 2584 εἶναι;
1227 2546 1310 2584 361)
1323 2547 1373 2582 39
1385 2540 1456 2582 καὶ
1483 2541 1528 2582 αἱ
1554 2540 1740 2582 ἐναντίαι

310 2606 571 2658 (προτάσεις)
607 2604 680 2646 καὶ
716 2600 761 2641 αἱ
797 2603 1085 2658 ἀντικείμεναι.
1123 2611 1244 2653 5939
1269 2603 1377 2658 λέγω
1406 2605 1444 2645 δ’
1473 2601 1738 2646 ἀντικεῖσθαι

308 2668 386 2721 μὲν
421 2668 469 2710 τὸ
503 2668 629 2711 παντὶ
655 2674 713 2723 τῷ
741 2669 794 2712 οὐ
819 2669 946 2711 παντὶ
970 2670 1041 2712 καὶ
1067 2670 1115 2712 τὸ
1141 2669 1222 2711 τινὶ
1248 2674 1304 2723 τῷ
1333 2669 1497 2718 οὐδενί,
1534 2668 1735 2717 ἐναντίως

309 2730 358 2773 δὲ
395 2733 444 2774 τὸ
480 2731 607 2776 παντὶ
639 2738 696 2787 τῷ
735 2732 881 2777 οὐδενὶ
915 2733 987 2776 καὶ
1022 2734 1071 2776 τὸ
1106 2732 1188 2776 τινὶ
1221 2737 1278 2786 τῷ
1317 2733 1370 2775 οὐ
1404 2732 1487 2775 τινὶ
1519 2732 1720 2786 ὑπάρχειν
