1884 3100
688 208 990 255 Categoriac.
1522 205 1604 245 269

87 324 124 351 v.
151 311 192 351 in
220 310 346 350 eiusd.
374 308 505 350 Elem.
535 309 611 359 log.
641 309 761 348 Arist.
791 322 830 360 p.
861 310 911 345 53
940 311 1022 348 not.
1052 308 1087 346 1.
1127 304 1272 345 Plotini
1299 304 1351 344 de
1381 303 1603 356 categoriis

87 376 210 415 dubia
250 388 286 414 v·
314 374 494 413 Ennead.
525 372 577 412 lV
606 373 672 411 lib.
706 376 748 420 l;
796 384 897 423 quae
934 385 983 410 ex
1011 370 1240 411 Aristotelis
1270 369 1372 408 libro
1408 370 1448 408 in
1486 382 1602 408 suum

85 452 201 478 usum
233 439 474 477 converterit
503 438 641 477 videre
669 437 764 475 licet
793 436 882 474 coll.
911 436 979 473 lib.
1009 439 1046 476 3.
1077 459 1127 466 —-
1166 434 1394 473 Aristotelis
1423 433 1509 472 eat.
1537 433 1602 472 ed.

87 503 134 541 E.
164 503 212 541 A.
244 502 402 541 Lewald
434 502 554 541 Hdlb.
585 502 688 540 1824
715 499 814 538 nihil
844 501 934 537 novi
962 500 1132 539 habent:
1161 511 1261 550 quae
1289 498 1449 536 codices
1479 509 1603 549 prae-

86 567 228 605 berent
268 571 408 604 auctor
443 578 582 616 parum
623 563 788 603 curavit.
846 563 1031 602 Salomon
1068 564 1247 602 Maimon
1285 562 1515 613 Categorias
1550 560 1602 600 de

84 631 208 669 latino
231 630 269 667 in
285 629 454 680 patrium
474 636 699 666 sermonem
716 627 838 666 vertit
876 627 980 674 „Die
1002 627 1294 678 Kathegorieen
1310 627 1409 672 (sic)
1426 625 1498 664 des
1513 625 1602 663 Ari-

85 693 252 731 stoteles
281 693 351 730 mit
377 692 684 739 Anmerkungen
714 691 903 729 erliiutert
930 691 1008 728 und
1038 692 1095 728 als
1115 690 1386 741 Propiideutik
1415 702 1464 727 zu
1492 689 1603 728 einer

83 769 213 796 neuen
241 755 420 794 Theorie
449 754 520 793 des
546 754 730 794 Denkens
760 755 1007 806 dai-gestellt.
1038 755 1142 794 Berl.
1175 756 1291 793 1794.
1322 753 1488 792 Librum
1517 764 1603 792 me-

84 820 159 860 lius
187 820 384 871 intelliget
412 819 481 870 qui
510 819 765 858 Aristotelem
795 819 905 870 prius
935 818 1193 859 intellexerit.

194 924 292 978 Cap.
329 926 366 964 1.
418 924 487 963 De
519 923 803 976 Homonymis,
835 937 890 964 vs.
920 926 948 963 6
980 924 1034 963 de
1065 924 1328 977 Synonymis,
1358 924 1407 961 11
1437 921 1491 962 de
1520 921 1602 962 Pa-

83 1002 279 1042 ronymw.

82 1076 178 1112 lal
209 1074 267 1112 De
295 1086 369 1112 usu
399 1075 507 1113 vocis
536 1072 767 1126 ὁμώνυμος
794 1075 900 1125 apud
928 1075 1188 1114 Aristotelem
1218 1086 1252 1112 v.
1271 1071 1604 1122 Trendelenburg

134 1137 312 1176 Platonis
356 1137 406 1176 de
450 1139 551 1177 ideis
596 1144 636 1178 et
672 1140 847 1177 numeris
885 1140 1069 1177 doctrina
1105 1151 1156 1176 ex
1194 1139 1362 1177 Aristot.
1404 1137 1604 1175 illustrata

134 1216 174 1255 p.
192 1204 243 1239 38
269 1214 377 1252 sqq.,
406 1202 461 1242 id.
492 1203 540 1240 ad
571 1203 736 1242 Aristot.
767 1203 817 1240 de
845 1203 975 1241 anima
1003 1216 1043 1254 p.
1075 1204 1176 1247 3:34,
1207 1202 1338 1249 Riese,
1367 1201 1433 1239 die
1462 1199 1602 1238 Philo-

135 1266 278 1317 sophie
307 1266 379 1304 des
412 1267 649 1305 Aristoteles
681 1267 693 1305 l
724 1281 760 1318 p.
791 1269 843 1305 50
871 1271 953 1304 not.
983 1268 1019 1306 1.
1074 1266 1131 1305 De
1160 1278 1268 1313 cura,
1298 1277 1417 1315 quam
1447 1264 1603 1302 Aristo-

134 1329 238 1368 teles
267 1331 445 1380 posuerit
473 1331 513 1369 in
542 1331 795 1382 homonymis
824 1330 1111 1380 investigandis
1141 1335 1182 1369 et
1211 1328 1456 1380 exponendis
1485 1328 1540 1366 ib.
1567 1325 1602 1364 ΙΙ

134 1407 175 1445 p.
199 1395 279 1431 626
302 1398 382 1432 not.
405 1395 569 1434 Aristot.
589 1396 741 1433 248ὺῖ
767 1392 848 1433 ὅσα
873 1391 930 1446 μὴ
959 1392 1169 1445 ὁμώνυμα
1196 1392 1336 1433 πάντα
1365 1388 1602 1443 συμβλητοί.

136 1451 232 1497 οἷον
272 1455 342 1496 διὰ
375 1456 417 1496 τί
455 1457 508 1497 οὐ
537 1457 784 1510 συμβλητὸν
811 1458 996 1510 πότερον
1025 1458 1228 1508 ὀξύτερον
1254 1457 1303 1498 τὸ
1331 1458 1545 1509 γραφεῖον
1572 1452 1601 1507 ἢ

137 1519 161 1561 ὁ
190 1516 311 1568 οἶνος
337 1519 364 1573 ἢ
392 1520 421 1574 ἦ
448 1522 578 1574 νήτη,-
617 1521 682 1562 ὄτι
710 1521 938 1574 ὁμώνυμα,
979 1524 1033 1563 οὐ
1061 1515 1294 1574 συμβλητοί.
1322 1503 1495 1563 2ὃ9323
1523 1518 1604 1560 εἰσί

134 1598 179 1626 τε
197 1586 285 1626 τῶν
305 1584 570 1637 ὁμωνυμιῶν
588 1586 634 1626 αἱ
658 1585 737 1639 μὲν
763 1582 875 1627 πολὺ
904 1585 1153 1640 ἀπέχουσαι,
1183 1586 1228 1627 αἱ
1245 1585 1290 1627 δὲ
1309 1584 1485 1639 ἔχουσαί
1502 1598 1601 1625 τινα

135 1649 378 1702 ὁμοιότητα,
410 1649 456 1690 αἱ
482 1649 521 1691 δ’
551 1646 678 1703 ἐγγὺς
705 1650 732 1704 ἢ
760 1652 872 1704 γένει
898 1651 925 1705 ἢ
955 1652 1176 1707 ἀναλογίᾳ,
1208 1651 1276 1692 διὸ
1305 1651 1359 1691 οὐ
1389 1650 1600 1691 δοκοῦσιν

135 1713 381 1766 ὁμωνυμίαι
409 1711 520 1755 εἶναι
550 1712 688 1756 οὖσαι.
722 1720 926 1756 1034322
954 1718 1116 1768 τρόπον
1142 1715 1239 1758 τινὰ
1266 1715 1409 1755 ποίντα
1435 1715 1600 1767 γίνεται

136 1776 178 1828 ἐξ
206 1777 457 1831 ὁμωνύμου,
488 1778 627 1831 ὥσπερ
655 1779 707 1820 τὰ
735 1781 876 1831 φύσει,
904 1780 931 1833 ἢ
962 1780 1007 1821 ἐκ
1035 1780 1195 1833 μέρους
1222 1779 1476 1832 ὁμωνύμου,
1501 1774 1601 1820 οἷον

136 1841 166 1896 ἦ
193 1842 308 1883 οἰκία
335 1841 376 1893 ἐξ
403 1843 551 1892 οἰκίας.
608 1847 661 1887 ib.
692 1860 749 1885 vs.
779 1849 831 1884 33
871 1844 1029 1898 ὁμοίως
1069 1844 1115 1886 δὲ
1151 1843 1225 1886 καὶ
1252 1844 1304 1885 τὰ
1332 1844 1462 1896 φύσει
1490 1853 1602 1885 συν-

138 1906 340 1959 ιστάμενα
375 1909 546 1957 τούτοις
583 1909 680 1962 ἔχει.
732 1910 780 1950 τὸ
818 1909 896 1963 μὲν
933 1910 1016 1963 γὰρ
1045 1909 1211 1964 σπέρμα
1238 1912 1355 1950 ποιεῖ
1380 1907 1520 1961 ὥσπερ
1547 1907 1601 1949 τὰ

137 1971 221 2012 ἀπὸ
237 1971 382 2026 τέχνης
398 1986 408 1995 ·
437 1972 518 2026 ἔχει
540 1973 623 2026 γὰρ
645 1974 827 2026 δυνάμει
845 1975 894 2016 τὸ
915 1972 1041 2026 εἶδος,
1071 1975 1143 2016 καὶ
1170 1975 1247 2028 ἀφ’
1277 1967 1331 2014 οὗ
1357 1974 1406 2015 τὸ
1434 1973 1601 2027 σπέρμα

137 2033 224 2076 ἐστί
261 2051 352 2084 πως
388 2037 635 2091 ὁμώνυμον.
677 2040 942 2091 opponuntur
981 2043 1156 2080 3221).ss
1185 2039 1428 2092 ὁμωνύμως
1455 2045 1496 2078 et
1523 2053 1600 2079 κυ-

137 2099 260 2154 ρίως;
283 2116 406 2153 quare
430 2104 575 2142 dicitur
594 2105 816 2155 praedicari
838 2104 1079 2156 ὁμωνύμως
1099 2107 1205 2157 quod
1227 2106 1481 2155 praedicatur
1491 2103 1601 2144 κατὰ

137 2164 409 2217 συμβεβηκὸς
447 2168 522 2214 vel,
544 2166 661 2219 παρὰ
698 2168 832 2220 φύσιν
873 2171 1053 2208 245b16
1089 2167 1162 2210 καὶ
1200 2168 1253 2208 οὐ
1289 2167 1427 2220 μόνον
1461 2166 1600 2216 οὕτως

137 2228 244 2270 ἀλλὰ
263 2228 335 2270 καὶ
350 2229 398 2270 τὸ
426 2229 562 2282 ὑγρὸν
583 2230 655 2272 καὶ
681 2232 730 2272 τὸ
755 2233 922 2285 θερμὸν
948 2232 1109 2286 χαλκὸν
1135 2233 1328 2285 λέγομεν,
1357 2231 1601 2284 ὁμωνύμως

137 2298 196 2346 τῷ
225 2294 357 2334 πάθει
382 2296 779 2348 προσαγορεύοντες
805 2296 885 2350 τὴν
911 2296 1032 2351 ὕλην.

85 2361 189 2409 1212,
218 2361 258 2406 4,
287 2362 314 2398 6
334 2364 374 2398 et
391 2363 417 2398 9
446 2361 636 2400 eiecimus
664 2363 739 2414 τῆς
767 2361 917 2411 οὐσίας
937 2369 1030 2415 post
1047 2362 1175 2414 λόγος
1196 2367 1239 2401 et
1259 2362 1353 2400 vs.6
1372 2359 1480 2401 κατὰ
1498 2362 1599 2401 τοῦ-

138 2436 274 2475 νομαε
312 2437 357 2462 nc
386 2437 443 2463 vs.
464 2426 489 2461 2
518 2425 679 2475 quidem
716 2431 758 2465 et
784 2429 810 2465 4
837 2429 912 2480 τῆς
941 2426 1091 2474 οὐσίας
1120 2439 1257 2465 omnes
1286 2426 1402 2463 codd.
1431 2426 1597 2476 addunt,

137 2500 216 2527 uon
242 2488 468 2526 habuerunt
496 2489 746 2528 Andronicus
775 2490 956 2530 Rhodius
986 2498 1026 2530 et
1054 2492 1235 2530 Boethus
1266 2489 1476 2536 Sidonius,
1514 2491 1598 2530 Au-

138 2552 292 2591 dronici
320 2552 553 2603 discipulus,
582 2554 727 2591 retinet
754 2554 1000 2607 Porphyrius
1020 2556 1204 2594 Hermini
1227 2555 1508 2593 auctoritatem
1531 2566 1597 2594 se-

139 2620 278 2664 cutus,
309 2615 514 2668 Dexippus
543 2623 582 2656 et
607 2617 836 2668 Simplicius
866 2625 906 2658 et
934 2620 974 2658 in
1004 2619 1087 2657 suis
1117 2618 1410 2669 exemplaribus
1438 2619 1596 2659 invene-

138 2686 232 2719 runt
258 2681 334 2734 τῆς
361 2678 512 2728 οὐσίας
539 2687 580 2720 et
601 2682 637 2719 in
661 2682 863 2733 plerisque
882 2689 1041 2722 exstare
1064 2688 1250 2721 asserunt
1267 2682 1412 2728 (schol.
1433 2684 1595 2730 41b46,

139 2745 429 2791 4226-33):
468 2758 526 2784 vs.
549 2748 575 2783 6
603 2745 854 2797 Porphyrius
883 2747 1121 2786 servandum
1149 2747 1304 2786 censuit
1329 2747 1405 2799 τῆς
1433 2745 1595 2796 οὐσίας,

138 2807 280 2848 reiecit
306 2808 560 2860 lamblichus,
588 2810 654 2862 qui
681 2810 722 2850 in
749 2810 948 2851 nonnullis
966 2811 1077 2851 libris
1098 2812 1219 2851 etiam
1234 2811 1356 2852 verba
1371 2810 1482 2853 κατὰ
1497 2812 1595 2853 τοῦ-
