1794 3086
561 199 827 245 Analytica
859 197 1026 244 priora.
1481 196 1562 236 4oe

102 301 204 340 rium
231 300 301 342 sit.
330 320 380 328 —
408 298 622 339 Praeterea
649 297 869 338 notandum
895 302 975 344 est,
1002 296 1111 349 quod
1128 294 1367 337 Aristoteles
1396 295 1561 337 liberius

101 366 228 405 utitur
262 363 444 415 genitivis
471 363 686 402 absolutis:
715 364 976 414 exspectabas
1005 362 1124 410 enim,
1152 364 1198 400 ut
1225 360 1381 399 diceret
1406 356 1456 400 τὸ
1482 374 1563 413 μη-

102 426 194 469 δενὶ
220 426 417 480 ὑπάρχον
434 424 563 467 παντὶ
589 425 736 478 λαβεῖν
762 423 969 478 ὑπάρχειν
995 422 1068 466 καὶ
1093 423 1142 465 τὸ
1168 420 1253 465 τινὶ
1278 421 1499 477 ὑπάρχον.
1517 455 1527 465 .
1549 455 1561 466 .

103 493 257 533 Similia
293 493 487 532 habemus
530 493 677 530 14823
713 488 822 540 ὁρᾶν
860 488 907 531 δὲ
942 488 1016 530 καὶ
1042 488 1080 530 εἰ
1108 487 1166 542 μὴ
1192 486 1428 541 λεγομένου
1454 487 1563 530 κατὰ

103 555 301 609 στέρησιν
329 554 519 608 στερήσει
546 552 741 606 ὡρίσατο.
770 556 943 594 '1641115
965 553 1002 594 εἰ
1027 552 1111 606 γὰρ
1139 551 1448 605 πεπλασμένων
1473 554 1563 594 τῶν

101 620 235 673 ζῴων,
261 623 343 661 τοῦ
370 617 449 671 μὲν
474 617 528 659 τὰ
561 618 694 669 μόρια
717 616 894 670 ἔχοντος
920 616 974 659 τὰ
998 621 1081 660 τοῦ
1107 619 1263 672 θήλεος
1287 618 1454 669 πάντα,
1479 621 1562 660 τοῦ

102 683 149 726 δὲ
173 683 227 726 τὰ
251 687 332 725 τοῦ
358 681 554 735 ἄῤῥενος,
581 682 785 741 καθάπερ
808 682 867 731 εἰς
893 683 1080 735 κάμινον
1107 683 1167 731 εἰς
1193 681 1275 737 τὴν
1293 683 1480 735 ὑστέραν
1496 697 1564 725 τε-

102 748 212 803 θείη.
240 749 393 788 ’1831ι2
413 747 717 800 πρεσβυτέρων
736 746 1007 800 γνγνομένων
1025 750 1116 796 τοῖς
1141 746 1221 801 μὲν
1246 748 1391 802 τρίχας
1420 746 1566 802 ἔχουσι

102 812 380 867 σκληρότεραι
413 811 638 865 γίγνονται
674 811 720 852 αἱ
744 811 903 865 τρίχες,
941 816 1031 862 τοῖς
1059 811 1137 855 δὲ.
1157 843 1167 853 .
1189 843 1201 855 .
1223 815 1399 854 904a23
1426 813 1498 855 διὰ
1524 813 1566 854 τί

101 880 178 933 τῆς
204 880 424 932 φωνῆς...
443 877 578 929 φύσιν
605 873 785 930 ἐχούσης
811 879 902 919 ἄνω
930 877 1141 932 φέρεσθαι
1167 876 1330 928 μᾶλλόν
1358 875 1474 918 ἐστιν
1495 877 1565 918 εὐ-

101 942 234 996 ήκοος
251 944 427 983 ἄνωθεν
452 941 569 982 κάτω
597 940 624 995 ἢ
652 942 851 983 κάτωθεν
877 944 994 991 ἄνους
1020 945 1198 983 892310
1224 941 1308 995 ἤδη
1335 941 1563 995 γεγενημέ-

102 1021 196 1048 νων
214 1008 447 1059 πειρῶνται
465 1001 648 1059 μικροὺς
673 1009 826 1048 ποιεῖν.
855 1010 1028 1047 1306αὸ
1055 1005 1126 1048 καὶ
1155 1004 1376 1047 ἐλθόντων
1402 1006 1566 1048 διεστα-

104 1071 251 1113 σίασεν
272 1065 432 1119 αὐτοὺς
450 1070 560 1123 πρὸς
573 1066 676 1120 τοὺς
691 1071 914 1123 εὐπόρους.
949 1073 1117 1111 ’111821
1137 1075 1268 1112 πᾶσιν
1289 1069 1409 1120 ὅσοις
1425 1070 1566 1124 ὑπάρ-

103 1150 163 1191 χει
188 1135 299 1178 κατὰ
326 1135 462 1188 φύσιν
492 1135 521 1190 ἡ
551 1135 662 1177 κατὰ
691 1137 828 1178 τόπον
856 1133 1070 1190 μεταβολὴ
1098 1138 1194 1176 τοῖν
1222 1137 1406 1185 σκελοῖν,
1436 1133 1565 1177 ἑστῶ-

102 1215 177 1251 τος
196 1200 275 1254 μὲν
294 1199 477 1243 ἑκάστου
497 1200 546 1242 τὸ
563 1201 699 1254 βάρος
717 1199 764 1243 ἐν
784 1201 924 1254 τούτῳ
953 1199 1041 1241 ἐστί
1070 1203 1352 1253 (exspectabas
1381 1197 1567 1250 ἑστῶτι),

103 1263 377 1319 κινουμένοις
413 1265 450 1307 δ’
489 1264 547 1315 εἰς
585 1265 635 1307 τὸ
660 1266 853 1319 πρόσθεν
881 1266 948 1307 δεῖ
971 1264 1048 1307 τὸν
1075 1264 1190 1306 πόδα
1217 1261 1295 1305 τὸν
1319 1263 1568 1318 ἡγούμενον

104 1335 159 1385 τῇ
193 1330 313 1372 θέσει
350 1333 526 1383 κοῦφον
566 1327 690 1373 εἶναι.
747 1332 808 1372 De
836 1331 939 1372 coel.
968 1332 1145 1371 312b1⁷
1174 1327 1349 1383 φέρεται
1376 1328 1424 1371 δὲ
1449 1329 1566 1371 κάτω

104 1395 158 1436 τὰ
185 1395 267 1437 δύο
294 1394 635 1448 ὗποσπωμένων.

51 1461 174 1500 571ι1
202 1461 434 1513 Explicatur
455 1474 526 1500 cur
546 1462 751 1502 conclusio
772 1473 879 1509 vera,
909 1473 1149 1512 quamquam
1176 1459 1266 1498 fieri
1292 1458 1424 1510 possit
1445 1471 1469 1498 e
1491 1457 1569 1497 fal-

105 1525 162 1564 sis
183 1525 539 1577 propositionibus,
559 1530 691 1565 tamen
710 1537 789 1564 non
816 1524 1045 1564 necessario
1073 1536 1124 1562 ex
1151 1523 1201 1562 iis
1231 1523 1450 1574 proveniat.
1492 1522 1569 1561 Et-

104 1588 212 1628 enim
237 1589 271 1627 si
295 1589 437 1627 eadem
466 1589 671 1628 conclusio
697 1601 790 1627 vera
818 1601 920 1639 quae
946 1586 1177 1627 necessario
1199 1586 1401 1637 colligitur
1419 1600 1443 1626 e
1461 1587 1568 1626 veris

104 1651 447 1704 propositionibus
486 1652 610 1691 etiam
646 1666 670 1692 e
706 1651 818 1691 falsis
856 1651 947 1690 fieri
975 1655 1132 1702 potest,
1173 1651 1354 1701 sequitur
1389 1663 1413 1690 e
1452 1650 1568 1690 falsis

104 1728 184 1754 non
222 1715 406 1754 concludi
444 1716 690 1764 necessario,
727 1715 820 1766 quia
856 1727 935 1754 non
963 1715 1070 1753 idem
1098 1726 1260 1752 manare
1287 1718 1424 1766 potest
1451 1727 1476 1754 e
1503 1726 1570 1753 re-

104 1779 394 1832 pugnantibus,
431 1779 472 1818 h.
503 1793 539 1820 e.
574 1781 667 1830 quia
703 1779 813 1817 idem
851 1778 985 1830 colligi
1019 1790 1098 1817 non
1135 1782 1271 1828 potest
1298 1789 1349 1816 ex
1376 1777 1410 1816 A
1450 1782 1492 1817 et
1519 1789 1571 1817 ex

106 1856 205 1883 uon
231 1843 266 1882 A
296 1845 373 1889 (vs.
394 1845 418 1882 3
437 1848 566 1895 sqq.):
594 1844 672 1882 hoc
693 1842 818 1895 igitur
845 1846 910 1881 est
935 1841 1042 1892 quod
1061 1840 1302 1880 Aristoteles
1329 1841 1370 1880 in
1398 1853 1570 1892 sequen-

106 1907 216 1946 tibus
243 1906 499 1948 demonstrat.
541 1906 624 1946 Iam
653 1907 806 1957 singula
834 1906 1109 1958 explanemus.
1152 1903 1196 1943 Si
1224 1905 1260 1943 A
1288 1909 1330 1943 et
1355 1904 1388 1942 B
1417 1906 1472 1944 ita
1499 1905 1572 1945 ba-

107 1971 202 2011 bent
229 1973 308 2017 (νε.
329 1971 398 2020 1),
435 1974 482 2010 ιιι
508 1971 540 2009 Β
569 1971 622 2010 εἰι
649 1970 900 2018 necessario,
930 1969 964 2009 si
992 1969 1044 2008 sit
1071 1968 1129 2018 A,
1159 1969 1341 2019 sequitur
1368 1982 1448 2008 non
1476 1982 1569 2010 esse

108 2035 166 2084 A,
201 2034 237 2073 si
262 2046 341 2073 non
370 2034 424 2074 sit
451 2035 484 2073 B
514 2033 587 2081 (cf.
618 2035 703 2074 531)
717 2036 814 2084 13),
850 2046 930 2074 non
953 2033 1135 2084 sequitur
1163 2045 1255 2072 esse
1282 2033 1341 2081 A,
1385 2034 1419 2072 si
1445 2035 1498 2073 sit
1522 2034 1570 2075 B.

108 2098 222 2138 Fieri
239 2102 373 2137 autem
402 2099 541 2150 nequit
556 2101 633 2146 (vs.
657 2100 817 2149 3-6),
844 2103 889 2138 ιιι
914 2109 1039 2137 unum
1067 2099 1110 2135 et
1136 2095 1260 2143 idem,
1289 2109 1325 2136 e.
1352 2109 1391 2148 g.
1420 2097 1452 2135 B
1474 2110 1571 2138 con-

107 2166 314 2213 sequatur,
340 2165 382 2201 et
400 2162 435 2201 si
456 2175 650 2213 ponamus
670 2174 763 2202 esse
780 2162 816 2202 A
844 2166 887 2201 et
909 2161 944 2201 si
967 2172 1162 2213 ponamus
1184 2172 1263 2199 non
1283 2173 1376 2200 esse
1391 2161 1439 2200 A.
1476 2160 1569 2201 Hoc

107 2226 232 2279 igitur
258 2229 303 2265 ut
330 2226 652 2275 demonstretur,
696 2226 777 2265 duo
804 2231 900 2266 sunt
926 2237 1028 2277 quae
1056 2223 1296 2263 Aristoteles
1322 2224 1364 2264 in
1390 2230 1568 2265 mentem

110 2290 225 2330 nobis
260 2293 444 2328 revocat:
481 2303 602 2329 unum
637 2293 702 2330 est
738 2289 868 2329 forma
903 2287 1126 2340 syllogismi
1162 2288 1415 2339 hypothetici
1451 2302 1570 2341 quam

109 2352 168 2402 ὡς
187 2350 234 2394 ἓν
248 2352 370 2406 τύπῳ
389 2353 455 2392 hic
481 2353 620 2393 adiicit
634 2357 715 2402 (νε.
736 2356 881 2401 6-9)
903 2376 952 2383 --
972 2363 1166 2405 ponamus
1190 2351 1228 2390 B
1254 2364 1346 2391 esse
1366 2365 1570 2404 magnum,

109 2420 145 2459 si
171 2419 214 2459 A
247 2419 300 2457 sit
338 2418 484 2466 album,
512 2422 556 2458 et
582 2417 627 2457 Γ
648 2430 740 2457 esse
766 2430 846 2458 non
874 2417 1020 2464 album,
1050 2416 1085 2455 si
1113 2415 1150 2455 B
1178 2416 1231 2455 sit
1257 2429 1471 2469 magnum:
1500 2429 1568 2456 se-

109 2484 246 2535 quitur
274 2481 318 2521 Γ
341 2494 434 2521 esse
461 2494 540 2520 nou
566 2482 719 2531 album,
761 2481 796 2521 si
823 2482 865 2520 A
894 2481 948 2520 sit
975 2481 1132 2529 album;
1170 2479 1338 2519 alterum
1367 2486 1430 2520 est
1458 2480 1568 2532 quod

106 2548 185 2587 iam
213 2545 540 2586 commemoravit
565 2559 622 2585 vs.
644 2548 692 2594 2,
719 2546 947 2586 necessario
974 2557 1053 2584 uon
1083 2556 1176 2583 esse
1205 2544 1247 2583 A
1274 2549 1351 2591 (νε.
1373 2546 1568 2595 9-11),

111 2611 147 2651 εἰ
174 2610 212 2650 Β
248 2622 328 2650 uon
363 2610 439 2659 sit,
477 2610 531 2649 ita
569 2609 723 2650 scilicet
759 2609 998 2650 habentibus
1025 2608 1235 2658 terminis,
1274 2613 1317 2647 ut
1354 2609 1409 2649 sit
1436 2609 1495 2659 Β,
1533 2609 1568 2649 si

111 2675 165 2714 sit
191 2676 244 2714 A.
289 2673 402 2714 Haec
422 2674 457 2713 si
477 2678 673 2723 tenemus,
689 2674 823 2714 facilia
851 2678 947 2713 sunt
973 2673 1148 2723 reliqua:
1175 2672 1433 2723 consequitur
1460 2673 1568 2714 enim

112 2750 303 2778 conversa
329 2738 603 2791 propositione
628 2739 781 2778 maiore
814 2736 1037 2789 syllogismi
1071 2728 1322 2788 hypothetici
1347 2749 1466 2788 quem
1493 2736 1568 2776 ha-

110 2801 270 2843 buimus
305 2802 346 2842 A
372 2815 451 2844 nou
489 2815 581 2844 esse
618 2803 775 2855 album,
817 2802 852 2843 si
882 2801 917 2841 Β
953 2813 1031 2842 non
1066 2801 1119 2841 sit
1145 2812 1330 2854 magnum
1357 2805 1436 2850 (νε.
1468 2802 1566 2848 11);
