1734 3100
199 210 278 249 458
713 212 969 256 Ananytica
993 211 1168 255 priora.

227 305 412 367 ·λέγεται
444 306 472 360 ἦ
507 305 584 359 μὲν
621 304 725 346 ὅθεν
750 307 806 347 ἄν
829 320 894 354 τις
918 308 997 348 τοῦ
1022 307 1267 359 πράγματος
1291 307 1486 362 κινηθείη·
1510 309 1678 361 πρῶτον

253 399 263 410 .
285 386 295 409 ’.
318 399 328 409 .
348 370 387 425 ἡ·
413 370 460 411 δὲ
497 367 601 409 ὅθεν
637 367 692 409 ἂν
722 369 919 411 κάλλιστα
951 369 1117 422 γένοιτο
1144 370 1321 412 ἕκαστον
1339 399 1350 410 .
1376 400 1387 412 .
1409 397 1422 410 .
1446 369 1475 423 ἦ
1502 369 1549 411 δὲ
1575 369 1678 411 ὅθεν

252 434 423 486 πρῶτον
456 430 615 484 γίνεται
650 430 964 485 ἐνυπάρχοντος
999 438 1135 485 [quam
1168 434 1379 487 ἀὐξήσεως
1415 432 1549 485 ἀρχὴν
1582 435 1678 474 dicit

251 499 440 536 7:35a16:
482 497 621 534 eodem
659 509 775 536 sensu
811 498 958 536 dictum
995 501 1057 536 est
1093 498 1265 537 455b34
1302 496 1536 549 αἰσθήσεως
1572 495 1677 549 ἀρχή

231 561 238 570 ”
252 560 334 597 sive
360 558 510 596 468b4
547 557 769 612 αἰσθητικὴ
804 558 931 612 ἀρχῆς
971 572 1090 610 quare
1126 562 1275 599 402a6
1301 562 1469 600 animam
1506 560 1678 610 appellat

251 618 383 672 ἀρχὴν
407 620 493 661 τῶν
519 621 659 674 ζῴων,
696 635 929 675 quamquam
965 623 1072 660 4682
1085 624 1135 660 21
1172 625 1247 674 τῆς
1284 624 1512 674 θρεπτικῆς
1546 619 1679 673 ἀρχὴν

251 685 390 736 ψυχῆς
426 685 543 724 etiam
577 686 700 737 ipsius
737 686 888 724 animae
925 682 1060 736 ἀρχὴν
1086 695 1176 724 esse
1204 687 1317 731 dicit)
1344 714 1355 725 .
1382 715 1393 726 .
1413 717 1423 726 .
1445 684 1482 737 ἦ,
1502 683 1547 724 δὲ
1575 682 1679 724 ὅθεν

252 745 436 798 γίγνεται
471 748 640 798 πρῶτον
667 742 724 799 μὴ
752 745 1063 799 ἐνυπάρχοντος
1087 747 1159 786 καὶ
1184 746 1287 788 ὅθεν
1312 748 1483 798 πρῶτον
1507 746 1536 799 ἦ
1562 746 1677 798 κίνη-

253 813 317 858 σις
334 808 523 862 πέφυκεν
542 812 746 862 ἄρχεσθαι
763 809 833 851 καὶ
851 810 880 862 ἦ
897 809 1106 862 μεταβολή
1126 812 1202 856 (sic
1223 813 1395 849 368234
1414 809 1527 849 α’ίτια
1544 812 1678 850 ταῦτα

251 872 329 926 μὲν
347 875 476 924 ἄμφω
504 873 561 920 ὡς
587 873 682 924 ὕλη,
709 873 756 912 τὸ
784 872 830 912 δὲ
856 876 1022 923 πνεῦμα
1049 871 1106 919 ῶς
1131 871 1250 924 ἀρχή,
1276 874 1315 911 h.
1333 886 1367 911 e.
1397 871 1454 919 ὥς
1479 871 1584 924 ἀρχὴ
1604 874 1679 925 τῆς

253 936 468 988 κινήσεως,
496 937 670 975 751b23
693 933 772 986 ἔχει
792 933 873 986 γὰρ
893 933 935 984 ἐξ
962 927 1014 975 οὗ
1042 931 1238 987 ἑκάτερον
1264 931 1379 975 ἔσται
1404 936 1490 975 τῶν
1516 934 1679 986 μορίων

251 997 323 1039 καὶ
350 993 455 1038 ὅθεν
481 996 509 1049 ἦ
535 995 640 1050 ἀρχὴ
668 996 739 1037 καὶ
766 994 870 1038 ὅθεν
894 997 923 1051 ἤ
947 998 1108 1051 τροφή)
1135 1025 1146 1036 .
1166 1027 1177 1039 .
1195 1026 1205 1036 .
1236 997 1265 1050 ἦ
1292 996 1337 1038 δὲ
1364 990 1418 1038 οὗ
1444 997 1550 1038 κατὰ
1575 1010 1679 1047 προ-

255 1061 417 1112 αίρεσιν
451 1062 627 1101 κινεῖται
662 1060 714 1101 τὰ
748 1062 980 1114 κινούμενα
1016 1060 1088 1102 καὶ
1124 1060 1368 1113 μεταβάλλει
1401 1059 1453 1101 τὰ
1479 1060 1678 1113 μεταβάλ-

251 1126 382 1165 λοντα
405 1152 415 1163 .
439 1154 450 1164 .
472 1153 483 1163 .
511 1122 633 1175 ἀρχαὶ
669 1122 865 1176 λέγονται
898 1124 968 1165 καὶ
1005 1124 1052 1164 αἱ
1084 1123 1223 1176 τέχναι
1249 1123 1320 1165 καὶ
1343 1123 1508 1164 τούτων
1534 1122 1579 1164 αἱ
1603 1122 1677 1173 ἀρ-

252 1185 526 1240 χιτεκτονικαὶ
553 1187 742 1237 μάλιστα.
783 1185 841 1228 ἔτι
868 1187 971 1228 ὅθεν
995 1186 1187 1240 γνωστὸν
1212 1187 1260 1228 τὸ
1285 1191 1457 1239 πρᾶγμα
1483 1188 1655 1237 πρῶτον
1669 1196 1678 1205 ”

250 1250 324 1292 καὶ
349 1249 431 1303 γὰρ
458 1249 563 1302 αὕτη
589 1248 694 1303 ἀρχὴ
721 1250 880 1303 λέγεται
906 1254 986 1292 τοῦ
1012 1251 1255 1303 πράγματος
1280 1246 1374 1291 οἷον
1399 1252 1484 1290 τῶν
1512 1248 1678 1289 ἀποδεί-

251 1314 357 1364 ξεων
384 1313 429 1354 αἱ
451 1311 674 1361 ὑποθέσεις
711 1318 807 1366 (quo
846 1328 965 1354 sensu
1000 1328 1135 1353 vocem
1163 1319 1205 1353 et
1240 1327 1357 1364 supra
1392 1314 1602 1353 habuimus
1637 1317 1678 1351 et

251 1380 441 1418 habemus
469 1379 617 1417 747b6
643 1377 741 1417 οὔθ’
770 1376 877 1425 ὅλως
904 1375 950 1418 ἐκ
975 1375 1202 1429 γνωρίμων
1227 1375 1481 1427 ποιούμενος
1505 1374 1578 1423 τὰς
1603 1374 1678 1426 ἀρ-

250 1440 338 1493 χάς,
367 1442 431 1480 ubi
459 1438 583 1492 ἀρχαὶ
603 1446 693 1480 sunt
719 1454 861 1480 causae
888 1454 937 1479 ex
964 1442 1104 1491 quibus
1131 1441 1277 1490 aliquid
1304 1441 1557 1491 explicatur).
1586 1437 1680 1478 ἰσα-

250 1505 334 1556 χῶς
369 1502 414 1544 δὲ
449 1502 521 1544 καὶ
558 1502 610 1543 τὰ
648 1503 760 1543 αἴτια
794 1501 976 1555 λέγεται·
1014 1502 1152 1543 πάντα
1187 1501 1269 1554 γὰρ
1301 1501 1353 1541 τὰ
1390 1501 1502 1542 α’ίτια
1540 1500 1676 1553 ἀρχαί.

251 1568 362 1607 Idem
398 1568 502 1618 quod
539 1565 651 1606 αἰτία
686 1568 880 1617 significat
912 1565 1017 1617 ἀρχή
1045 1567 1222 1604 360b30
1247 1567 1381 1605 ταῦτα
1406 1563 1488 1615 γὰρ
1517 1563 1679 1616 ἀνάγκη

253 1629 503 1681 συμβαίνειν
541 1628 611 1669 διὰ
636 1628 710 1676 τὰς
736 1627 954 1680 εἰρημένας
979 1627 1117 1679 ἀρχάς.
1146 1629 1348 1666 10021124
1376 1627 1421 1667 αἱ
1445 1625 1569 1679 ἀρχαὶ
1594 1627 1680 1667 τῶν

256 1694 408 1733 ὄντων.
444 1695 615 1732 1025δὸ
651 1691 696 1732 αί
730 1689 854 1743 ἀρχαὶ
891 1689 962 1731 καὶ
993 1689 1045 1730 τὰ
1077 1689 1189 1729 αἴτια
1217 1690 1392 1742 ζητεῖται
1418 1691 1503 1729 τῶν
1527 1691 1678 1730 ὄντων.

252 1757 316 1796 cf.
344 1757 515 1795 3242127
541 1753 569 1807 ἦ
603 1753 685 1806 γὰρ
719 1753 826 1806 ἀρχὴ
861 1753 1005 1805 πρώτη
1035 1753 1120 1793 τῶν
1147 1751 1306 1802 αἰτίων,
1335 1754 1439 1792 unde
1465 1757 1575 1804 patet
1601 1752 1676 1804 ἀρ-

249 1819 330 1872 χὴν
356 1823 398 1858 et
425 1817 561 1858 αἴτιον
580 1819 634 1856 ita
654 1818 829 1862 differre,
857 1822 901 1856 ut
925 1818 993 1855 illa
1021 1818 1071 1855 sit
1096 1830 1169 1868 per
1196 1830 1240 1855 se
1267 1816 1391 1867 prima
1419 1820 1460 1854 et
1485 1817 1679 1862 absoluta,

249 1884 327 1923 hoc
363 1885 495 1920 autem
531 1894 580 1919 ex
617 1881 703 1919 aliis
731 1881 906 1931 pendere
933 1881 1078 1930 possit:
1118 1891 1240 1928 quare
1265 1876 1371 1929 ἀρχὴ
1399 1882 1440 1917 et
1467 1877 1579 1918 αἰτία
1604 1891 1680 1920 non

252 1950 342 1984 sun't
368 1945 529 1992 eadem,
567 1944 640 1981 nisi
677 1944 711 1981 si
751 1940 861 1981 αἰτία
888 1942 1047 1992 proprie
1075 1941 1229 1979 dicatur
1255 1942 1306 1979 de
1333 1954 1449 1979 causa
1477 1936 1615 1992 prima,
1643 1954 1677 1980 v.

251 2008 428 2047 847b16
454 2005 627 2045 πάντων
662 2004 708 2044 δὲ
735 2005 820 2044 τῶν
844 2003 1053 2043 τοιούτων
1078 2000 1157 2054 ἔχει
1183 2004 1258 2056 τῆς
1283 2002 1416 2050 αἰτίας
1441 2000 1520 2055 τὴν
1546 2002 1680 2055 ἀρχὴν

253 2067 278 2110 ὅ
304 2068 469 2116 κύκλος.
509 2071 584 2107 252
599 2069 656 2106 b4
682 2067 768 2107 τῶν
794 2065 936 2119 μέντοι
962 2065 1102 2117 ἀρχῶν
1130 2065 1209 2105 οὐκ
1236 2064 1347 2105 ἔστιν
1372 2063 1515 2116 ἕτερον
1543 2065 1680 2106 αἴτιον

255 2131 408 2172 ἀϊδίων
445 2130 598 2172 οὐσῶν.
634 2133 810 2169 ’188η14
846 2133 974 2170 τοῦτο
1013 2129 1094 2181 γάρ
1133 2127 1218 2168 ἐστι
1253 2128 1300 2168 τὸ
1338 2125 1473 2180 ἀρχὴν
1499 2124 1680 2169 εἶναιτὸ

256 2194 390 2248 αὐτὴν
423 2190 500 2248 μὲν
528 2193 666 2234 αἰτίαν
692 2189 801 2234 εἶναι
827 2195 1008 2243 πολλῶν,
1035 2192 1188 2243 ταύτης
1215 2191 1253 2231 δ’
1282 2193 1382 2231 ἄλλο
1408 2193 1578 2232 ἄνωθεν
1604 2206 1681 2243 μη-
1730 2190 1733 2193 “

254 2258 357 2299 θένε
386 2272 473 2298 cum
497 2260 636 2309 quibus
658 2258 882 2308 conspirant
904 2270 1002 2308 quae
1024 2257 1120 2295 dicit
1147 2257 1342 2295 14501127
1370 2253 1476 2306 ἀρχὴ
1504 2253 1542 2294 δ’
1570 2253 1681 2294 ἐστὶν

257 2318 280 2363 ὃ
302 2321 405 2362 αὐτὸ
429 2320 506 2374 μὲν
532 2319 589 2373 μὴ
617 2317 658 2369 ἐξ
683 2319 869 2371 ἀνάγκης
893 2318 987 2370 μετ’
1005 2320 1107 2359 ἄλλο
1135 2316 1231 2366 ἐστί,
1259 2317 1342 2368 μετ’
1371 2315 1504 2358 ἐκεῖνο
1532 2317 1570 2358 δ’
1599 2317 1680 2358 ἕτε-

258 2399 337 2437 ρον
372 2383 561 2436 πέφυκεν
596 2380 704 2424 εἶναι
743 2382 770 2435 ἢ
805 2382 1011 2434 γίνεσθαι.
1051 2384 1126 2421 188
1138 2384 1217 2420 827
1243 2379 1309 2420 δεῖ
1339 2379 1420 2432 γὰρ
1451 2379 1523 2427 τὰς
1551 2379 1682 2432 ἀρχὰς

256 2449 358 2501 μήτε
386 2446 427 2497 ἐξ
451 2447 642 2500 ἀλλήλων
669 2443 778 2487 εἶναι
803 2446 903 2499 μήτε
930 2445 971 2496 ἐξ
998 2447 1150 2495 ἄλλων,
1177 2443 1248 2484 καὶ
1273 2441 1318 2484 ἐκ
1343 2443 1505 2484 τούτων
1531 2443 1680 2484 πάντα.

255 2513 354 2551 Aliis
394 2513 492 2551 locis
530 2513 585 2550 ita
622 2512 865 2562 coniungitur
892 2524 982 2549 cum
1008 2522 1104 2549 voce
1131 2509 1356 2559 στοιχεῖον,
1391 2511 1436 2546 ut
1461 2507 1567 2545 idem
1594 2508 1682 2546 fere

255 2575 477 2624 significare
516 2578 722 2626 appareat,
751 2573 802 2612 cf.
831 2574 1006 2612 1025b5
1033 2573 1120 2612 τῶν
1146 2570 1450 2622 μαθηματικῶν
1476 2568 1581 2609 εἰσὶν
1605 2568 1680 2620 ἀρ-

255 2634 328 2688 χαὶ
345 2635 416 2677 καὶ
438 2639 617 2689 στοιχεῖα
639 2635 711 2678 καὶ
738 2635 861 2677 α’ίτια.
891 2638 1030 2676 32935
1058 2631 1122 2676 ὅτι
1148 2632 1224 2687 μὲν
1251 2629 1331 2675 οὖν
1356 2632 1408 2673 τὰ
1434 2633 1579 2685 πρῶτα
1605 2632 1680 2683 ἀρ-

256 2697 331 2751 χὰς
366 2698 437 2740 καὶ
471 2702 652 2753 στοιχεῖα
681 2701 816 2748 καλῶς
841 2698 921 2751 ἔχει
946 2697 1081 2750 λέγειν
1107 2697 1211 2739 ἔστω
1239 2697 1679 2749 συνομολογούμενον,

257 2757 299 2810 ἐξ
321 2752 383 2802 ὧν
405 2763 752 2816 μεταβαλλόντων
776 2761 804 2815 ἢ
830 2760 935 2804 κατὰ
962 2761 1181 2814 σύγκρισιν
1203 2758 1276 2803 καὶ
1302 2759 1514 2813 διάκρισνν
1535 2758 1564 2812 ἢ
1588 2758 1679 2799 κατ’
