1826 3112
320 206 399 246 152
828 207 1224 241 ΑΝΑΛΤΤΙΚΩΝ

322 305 440 366 χέτω,
472 302 523 351 τὸ
550 304 597 350 δὲ
618 307 655 350 Β
674 303 758 350 τινὶ
781 307 842 349 τῶ
862 307 908 349 Γ
920 301 980 366 μὴ
996 302 1246 364 ὑπαρχέτω·
1277 304 1351 349 καὶ
1373 300 1461 349 οὶ““’
1435 320 1531 362 οροι
1550 302 1739 350 ἔστωσαν

324 370 529 432 ἄψυχον-
544 369 806 451 ἄνθρωπος’,-
819 369 997 416 λευκόν·
1018 367 1105 416 εἶτα
1130 369 1424 453 εἰλήφθωσαν,
1447 363 1508 415 ὧν
1523 367 1583 431 μή
1606 387 1739 432 κατη-

324 443 511 498 γορεῖται
531 434 738 482 λευκῶν
716 454 741 481 ο
764 433 1031 495 ἅνθρωπος,.
1038 435 1201 492 κύκνος
1219 436 1290 480 καὶ
1308 435 1436 495 χιών·
1462 433 1512 480 τὸ
1522 433 1602 495 γὰρ
1617 433 1738 490 αψυ-

324 521 402 563 χον
411 507 493 548 τοῦ
502 503 578 561 μὲν
588 499 749 558 παντὸς
760 508 1067 584 κατηγορεῖται,
1079 520 1160 548 του
1142 503 1216 547 δε
1229 499 1421 558 ουδενός.
1443 501 1501 547 ἔτι
1513 501 1598 546 ἐπεὶ
1613 499 1740 546 6616-

276 583 310 611 15
325 580 473 628 ριστον
499 566 548 613 τὸ
577 569 658 613 τινὶ
677 571 738 632 τῷ
763 572 809 613 Γ
822 567 872 614 τὸ
891 572 927 614 Β
943 566 1003 630 μὴ
1025 566 1257 652 ὑπάρχειν,
1292 566 1554 629 ἀληθεύεται
1575 567 1636 621 δέ,
1667 566 1740 611 καὶ

325 635 364 680 εἰ
388 634 538 695 μηδενὶ
569 614 750 693 ὑπάρχει
781 635 853 679 καὶ
882 635 918 680 εἰ
943 632 1002 695 μὴ
1035 635 1184 689 παντί,
1221 631 1286 678 ὅτι
1314 634 1396 678 τινὶ
1430 631 1515 692 οὐχ
1544 630 1740 692 ὑπάρχει,

323 700 585 762 ληφθέντων
603 700 649 745 δε
659 699 870 745 τοιούτων
890 718 1008 758 ορων
1020 697 1125 745 ὥστε
1137 700 1285 761 μηδενι
1296 698 1504 758 ὑπάρχειν
1516 696 1575 743 οὐ
1584 716 1632 778 γι
1627 715 1742 743 νεται

323 765 615 826 συλλογισμός
637 767 794 827 (τοῦτο
812 764 894 826 γάρ
912 767 1073 827 εἴρηται
1093 765 1343 825 πρότερον),
1364 763 1557 830 φανερὸν
1575 781 1659 809 ουν
1677 760 1742 808 ὅτι

323 835 384 896 τῷ
408 829 549 887 οὕτως
568 831 677 891 εχειν
698 849 805 887 τους
817 829 951 890 ὅρους
963 830 1047 877 οὐκ
1064 831 1179 875 εσται
1191 829 1502 889 συλλογισμός·
1528 830 1584 891 ἠν
1596 827 1676 888 γὰρ
1688 825 1742 874 ὂὲν

274 913 309 940 20
325 898 399 943 καὶ
433 898 499 943 ἐπι
511 914 687 942 τουτων
739 895 898 955 ὁμοίως
933 897 978 940 δε
1025 894 1296 956 δειχθήσεται
1331 892 1414 939 κόἓν
1451 892 1501 939 τὸ
1540 893 1743 940 καθόλου

324 965 457 1043 τεθῇἫ
462 961 724 1023 στερητικόν.
782 959 879 1007 οὐδ’
915 958 967 1005 ἂν
998 958 1129 1019 ἄμφω
1158 958 1209 1005 τὰ
1244 959 1511 1021 διαστήματα
1537 957 1646 1004 κατὰ
1668 959 1743 1040 μέ-

326 1045 405 1086 ρος
426 1024 457 1089 ἢ
476 1030 806 1108 κατηγορικῶς
785 1024 811 1073 ῗῖ
812 1030 1103 1109 στερητικῶς,
1123 1023 1156 1086 ἢ
1174 1023 1223 1071 τὰ
1235 1043 1312 1084 μεν
1323 1029 1614 1087 κατηγορικῶς
1635 1043 1684 1071 το
1670 1023 1743 1071 δὲ

326 1097 582 1155 στερητικῶς
601 1093 787 1154 λέγηται,
804 1090 839 1176 η’
846 1090 897 1137 τό
911 1110 988 1151 μεν
1006 1090 1252 1150 άδιόριστον
1263 1089 1312 1136 τὸ
1334 1092 1379 1137 δε
1400 1088 1734 1171 διωρισμένον,
1713 1089 1743 1153 η’

327 1177 459 1218 αμφω
471 1157 710 1218 αδιόριστα,
722 1156 806 1204 οὐκ
816 1158 930 1204 ε’σται
940 1155 1202 1218 συλλογισμ
1182 1176 1231 1213 ος
1242 1155 1459 1215 οὐδαμῶς.
1483 1155 1575 1215 ὅροι
1590 1157 1636 1202 δε
1647 1174 1735 1203 κοι-

275 1241 311 1269 25
327 1227 394 1272 νοὶ
417 1223 590 1271 πάντων
614 1227 760 1288 ζῶον-
770 1223 963 1270 λευκόν-
976 1226 1118 1279 ιππος,
1140 1222 1640 1287 ζῶον-λευκόν-λίθος.

463 1270 662 1348 Φανερὸν
677 1291 760 1336 οὐν
778 1290 824 1335 ἐκ
843 1295 929 1335 τῶν
947 1287 1221 1370 εἰρημένων
1191 1308 1249 1345 ως
1262 1287 1370 1334 ἐὰν’
1345 1307 1374 1347 η
1389 1286 1678 1349 συλλογισμὸς
1699 1286 1744 1333 ἓν

325 1355 468 1420 τούτῳ
488 1360 548 1401 τῶ
564 1355 749 1417 σχήματι
770 1354 878 1400 κατὰ
893 1353 1077 1415 ιιέρος,“’
1059 1353 1123 1400 ότι
1146 1353 1309 1415 άνάγκη
1329 1372 1433 1409 τους
1449 1351 1584 1411 ὅρους
1606 1350 1746 1409 οὕτως

327 1423 434 1482 εχειν
464 1420 523 1479 ῶς
541 1423 735 1481 ειπομεν·
771 1420 912 1478 αλλως
932 1419 1012 1482 γὰρ
1035 1420 1216 1481 ἐχόντων
1234 1419 1440 1479 οὐδαμῶς
1458 1421 1627 1480 γίνεται.
1661 1422 1744 1480 δη·-

327 1492 407 1533 λον
443 1489 489 1534 δε
515 1485 639 1533 καὶ”
614 1506 680 1533 οτι
704 1486 859 1544 πάντες
889 1489 931 1533 οι
961 1488 1004 1532 ἐν
1026 1485 1147 1532 αὐτῶ
1171 1486 1453 1547 συλλογισμοὶ
1472 1486 1625 1532 τέλειοί
1640 1486 1745 1530 εἰσι·

277 1571 312 1600 80
327 1553 486 1610 πάντες
501 1551 583 1614 γάρ
603 1554 895 1599 ἐπιτελοῦνται
915 1551 985 1598 διὰ
997 1557 1085 1598 τῶν
1103 1533 1296 1635 ἕξαρχης
1298 1552 1567 1613 ληφθέντων.
1592 1551 1664 1596 καὶ
1679 1567 1746 1596 οτι

327 1619 467 1687 πάντα
496 1618 549 1665 τὰ
579 1619 861 1681 προβλήματα
891 1620 1105 1665 δείκνυται
1127 1616 1198 1663 διὰ
1216 1617 1379 1663 τούτου
1397 1622 1481 1663 τοῦ
1500 1616 1744 1698 σχήματος·

327 1687 401 1731 καὶ
441 1683 524 1746 γὰρ
551 1683 602 1731 τὸ
635 1687 761 1731 παντὶ
791 1687 864 1730 καὶ
893 1683 943 1730 τὸ
969 1686 1119 1763 μηδενὶ
1140 1685 1212 1728 καὶ
1231 1681 1280 1729 τὸ
1305 1684 1387 1728 τινὶ
1413 1684 1486 1728 καὶ
1507 1681 1556 1728 τὸ
1579 1682 1640 1745 μή
1664 1699 1746 1728 τινι

329 1750 551 1811 ὑπάρχειν.
581 1755 704 1796 καλῶ
724 1752 769 1796 δε
790 1748 840 1796 τὸ
863 1754 1065 1796 τοιοῦτον
1082 1753 1228 1812 σχημα
1251 1753 1435 1807 πρῶτον.

280 1814 311 1859 5
449 1816 586 1863 ΓΌταν
615 1818 662 1862 δε
699 1815 750 1862 τὰ
781 1815 893 1862 αυτὸ
925 1820 986 1861 τῶ
1017 1817 1094 1876 μεν
1129 1816 1255 1861 παντὶ
1277 1819 1337 1860 τῶ
1358 1816 1404 1860 δε
1428 1813 1577 1875 μηδενὶ
1601 1810 1748 1871 υπάρ-

278 1899 312 1927 35
328 1901 382 1943 χῃ
396 1919 407 1940 ‚
452 1880 484 1945 ἢ
517 1883 700 1947 ἑκατέρω
728 1883 853 1928 παντὶ
887 1880 920 1944 ἢ
940 1863 1196 1944 μηδενί,τό
1214 1899 1293 1939 μεν
1309 1884 1455 1942 σχῆμα
1473 1877 1524 1924 τὸ
1546 1882 1749 1924 τοιοῦτον

329 1952 450 1993 καλῶ
482 1948 561 1994 δεύ
540 1966 701 2030 ἐτερον,
730 1949 864 2007 μέσον
898 1949 944 1992 δε
964 1948 1008 1993 ἐν
1027 1946 1149 2010 αὐτῶ
1172 1947 1280 2006 λέγω
1298 1944 1351 1991 τό
1372 1943 1749 2005 κατηγορούμενον

330 2012 507 2073 αμφοῖν
533 2032 644 2071 ακρα
674 2015 720 2059 δε
746 2012 849 2059 καθ’
869 2006 930 2058 ῶν
953 2013 1114 2073 λέγεται
1139 2016 1285 2066 τοῦτο,
1314 2014 1458 2070 μεῖζον
1476 2011 1521 2055 δε
1542 2008 1677 2068 ἄκρον
1694 2007 1746 2055 τὸ

329 2078 444 2137 πρὸς
461 2083 521 2124 τῶ
538 2080 654 2138 μέσω
670 2080 876 2137 κείμενον,
891 2079 1064 2124 ελαττον
1087 2079 1132 2123 δε
1145 2076 1196 2123 τὸ
1219 2077 1476 2136 πορρωτέρω
1495 2081 1579 2121 τοῦ
1596 2076 1747 2135 μέσου.

328 2147 491 2191 τίθεται
521 2147 567 2191 δε
589 2164 640 2191 το
646 2145 797 2226 μέσον
822 2143 898 2198 ἔξω
919 2162 996 2203 μεν
1010 2147 1095 2188 τῶν
1115 2142 1270 2201 ἄκρων,
1290 2146 1462 2200 πρῶτον
1478 2143 1523 2187 δε
1541 2145 1595 2200 τῇ
1614 2142 1746 2186 θέσει.

227 2234 261 2265 p.
268 2221 313 2254 27
329 2212 488 2268 τέλειος
510 2230 587 2271 μεν
605 2203 690 2257 οὖν
702 2209 788 2256 οιῗκ
811 2211 925 2256 εσται
945 2207 1240 2294 συλλογισμός
1249 2207 1454 2268 οὐδαμῶς
1474 2206 1668 2271 ἐντούτῳ
1688 2210 1748 2252 τῶ

329 2278 528 2340 σχηιιατι,
551 2275 741 2334 δυνατός
759 2275 799 2323 ’δ’
823 2277 938 2323 ε’σται
955 2277 1028 2322 καὶ
1047 2274 1254 2322 καθόλου
1268 2276 1340 2321 καὶ
1358 2272 1417 2336 μὴ
1442 2273 1648 2320 καθόλου
1663 2277 1748 2319 τῶν

421 2426 462 2459 18
479 2419 545 2459 οὖν
562 2427 654 2466 oms.
665 2444 709 2449 —
731 2426 771 2459 19
790 2424 830 2458 τὸ
845 2425 878 2457 d.
893 2443 934 2450 —
954 2425 1024 2470 τῷ.
1035 2420 1199 2476 ηορονς]
1212 2434 1327 2460 ουτως
1344 2420 1500 2466 ἐχόντων
1515 2421 1588 2455 τῶν
1601 2419 1697 2476 ὅρων
1710 2421 1746 2454 C.

326 2490 371 2499 -
386 2471 526 2513 γινεται
545 2472 639 2503 συλλ.
655 2472 689 2512 f.
712 2488 748 2495 —
775 2464 836 2513 ἦν]
857 2458 1057 2512 ου’δαμῶς’
1044 2481 1069 2509 ι,
1095 2466 1265 2510 οὐδαμῶς
1284 2480 1330 2510 ην
1347 2479 1380 2499 ιι.
1396 2486 1435 2491 -
1462 2468 1506 2498 20
1507 2465 1576 2522 δε]
1595 2462 1696 2518 γᾶρί.
1704 2483 1749 2490 -

327 2512 410 2558 nav]
425 2514 485 2549 καὶ
502 2515 536 2548 εἰ
554 2515 622 2556 Ct'f.
639 2532 684 2540 —
706 2515 747 2548 21
767 2514 893 2556 τεθείη
915 2515 1045 2547 codices
1062 2521 1220 2567 excepto
1219 2524 1252 2545 ιι.
1273 2530 1314 2537 -
1341 2509 1428 2545 οὐδέ
1445 2522 1483 2552 γε
1501 2523 1546 2543 αν
1569 2510 1626 2542 Cm
1645 2505 1692 2552 (γ’
1711 2522 1748 2541 rc

329 2561 397 2593 add
414 2561 480 2602 A),
506 2555 592 2594 οὐδὲ
611 2557 676 2593 ἐὰν
697 2559 748 2602 df.
764 2578 810 2585 —-
831 2558 938 2614 μέρος
964 2553 989 2603 ᾖ
1004 2570 1046 2599 ιι,
1071 2557 1180 2600 μέρος
1195 2552 1220 2603 ᾖ
1237 2553 1261 2600 ἢ
1279 2558 1333 2597 Cf.
1360 2574 1403 2581 —
1425 2557 1469 2589 93
1491 2553 1629 2609 λέγεται
1646 2564 1679 2585 ιι.
1705 2572 1749 2580 -—

328 2606 373 2638 24
400 2603 612 2659 α’διορίστου
635 2616 670 2637 ιι.
701 2621 746 2629 --
778 2604 823 2637 28
844 2615 966 2658 ωσπερ
998 2604 1096 2636 Marc
1113 2604 1190 2635 231.
1216 2620 1259 2627 -
1290 2599 1421 2657 ἄλλως]
1451 2600 1511 2633 καὶ
1540 2596 1605 2633 ἐὰν
1633 2609 1750 2637 ουτως

328 2646 634 2728 ἷέἶῗῖᾼῗιῗᾶἕῗ
653 2646 792 2729 “mm
804 2645 1259 2738 ‚331‘23“;,1⁶²22²12⁷ff⁹⁰⁹
1272 2643 1548 2726 εἷλὲῗέτὲῗὲ..
1524 2655 1557 2676 ”
1549 2644 1680 2733 43⁶3?
1692 2643 1750 2721 31¹1}

329 2750 372 2782 pr
395 2739 437 2771 Β.
