1760 3112
206 191 258 230 22
537 192 598 224 De
629 188 872 223 codicibus
906 187 1089 231 graecis
1123 186 1308 232 Organi.

208 286 324 322 τόπου
338 298 346 307 ·
380 281 438 321 ὅτι
453 284 547 320 κατὰ
563 284 629 330 μὲν
648 284 714 329 τὴν
731 283 922 320 διάστασιν
941 280 1138 326 ἐπιφάνειά
1156 282 1231 317 ἐστι
1246 282 1308 317 καὶ
1324 281 1415 316 κατὰ
1430 282 1539 316 τοῦτο
1557 293 1621 316 πο-

209 342 292 383 σόν,
316 341 411 377 κατὰ
430 340 468 376 δὲ
486 341 553 385 τὴν
569 340 661 386 πρὸς
678 339 719 375 τὰ
738 339 992 386 περιεχόμενον
1014 338 1129 382 σχέσιν
1145 336 1253 372 ου’δὲν
1274 337 1492 380 θαυμαστὸν
1513 337 1548 372 εἰ
1561 336 1623 371 καὶ

210 394 230 434 ό
249 396 363 438 τόπος
386 398 435 437 εἰς
451 396 492 432 τὸ
508 395 600 442 πρός
616 411 651 431 τι
668 394 839 438 ἀνάγοιτο
860 394 980 439 ὥσπερ
1005 393 1065 427 καὶ
1095 390 1113 427 ό
1139 389 1278 438 χρόνος.
1328 390 1395 427 οὐκ
1425 392 1520 427 ἔστιν
1554 385 1623 426 οὖν

209 451 228 488 ὁ
246 452 375 497 χρόνος
394 452 414 496 ἡ
435 454 504 487 τοῦ
522 451 610 486 ποτε
631 452 846 496 κατηγορία,
879 446 952 485 ἀλλ’
975 447 1062 484 οὐδὲ
1083 449 1125 483 τὸ
1145 445 1186 483 όν
1204 448 1241 483 ἐν
1256 447 1374 494 χρόνῳ
1388 460 1396 468 ·
1430 447 1449 482 ὁ
1471 446 1535 491 μὲν
1555 445 1624 491 γὰρ

207 506 336 553 χρόνος
353 507 488 549 ποσόν,
511 507 552 541 τὸ
572 506 610 541 δὲ
629 503 671 541 ὂν
689 506 727 540 ἐν
743 505 861 552 χρόνῳ
877 503 984 540 ου’σία
1003 503 1135 548 τυχόν,
1171 501 1246 538 ἀλλ’
1274 501 1360 538 ου’δὲ
1379 501 1419 537 τὸ
1444 500 1625 537 συνθετόν

209 561 247 605 ἐξ
264 560 422 607 ἀμφοῖν·
447 561 544 605 ἁπλῆ
565 560 634 606 γὰρ
652 560 673 605 ἢ
693 563 902 606 κατηγορία,
925 559 1013 603 ψιλὴ
1038 558 1078 594 δὲ
1095 557 1188 604 μόνη
1206 557 1228 603 ἡ
1250 558 1366 603 σχέσις
1378 558 1444 593 τοῦ
1463 556 1625 603 πράγμα-

207 631 271 658 τος
285 618 378 664 πρὸς
395 617 458 652 τὸν
477 617 609 663 χρόνον
624 618 799 652 εἰδοποιεῑ
816 617 883 661 τὴν
905 616 973 650 τοῦ
992 614 1080 649 ποτὲ
1097 616 1316 660 κατηγορίαν
1331 614 1395 657 (cf.
1412 615 1524 647 schol.
1541 613 1584 645 79
1600 612 1625 645 b

207 673 288 715 39),
322 672 402 708 οἷον
422 671 463 707 τὸ
488 671 526 707 ἐν
556 671 671 718 χρόνῳ
692 670 788 708 εἶναι
812 670 998 706 τουτέστιν
1016 666 1107 704 αὐτὸ
1138 669 1179 704 τὸ
1209 671 1395 713 χρονίζειν.
1442 666 1561 713 ὥσπερ
1586 665 1626 701 δὲ

208 725 295 762 ἄλλο
314 727 380 772 μέν
401 727 474 763 ἐστι
495 726 690 774 φρόνησις,
722 725 806 762 ἄλλο
827 727 867 762 δὲ
884 726 924 761 τὸ
944 725 1038 760 κατὰ
1059 724 1251 771 φρόνησιν,
1280 725 1445 759 τουτέστι
1466 721 1507 758 τό
1536 734 1627 768 φρο-

208 787 285 818 νεῖν
301 784 367 827 (cf.
385 784 432 817 ib.
448 783 493 816 79
511 784 535 817 b
554 782 631 826 43),
649 783 711 818 καὶ
736 782 778 817 τὸ
801 782 866 827 μέν
887 781 960 817 ἐστι
979 779 1142 824 ποιότης,
1165 779 1206 815 τό
1234 780 1272 815 δὲ
1287 781 1355 815 τοῦ
1373 782 1504 819 ποιεῖν,
1530 774 1627 812 οὕτω

209 839 272 874 καὶ
293 836 312 873 ό
327 837 458 884 χρόνος
475 839 535 873 καὶ
552 837 593 873 τό
613 839 651 873 ἐν
669 837 785 885 χρόνῳ
806 837 900 874 εἶναι
924 837 1105 879 διέστηκε·
1131 836 1193 870 καὶ
1214 834 1233 870 ό
1261 835 1326 880 μέν
1345 835 1418 869 ἐστι
1433 832 1561 874 ποσόν,
1585 829 1626 867 τὸ

210 893 250 929 δὲ
267 895 333 937 τῆς
349 895 414 928 τοῦ
433 892 520 928 ποτε
538 895 756 939 κατηγορίας
773 893 990 938 δηλωτικόν·
1026 889 1115 926 ὅταν
1138 888 1206 934 γάρ
1228 904 1263 924 τι
1281 891 1429 936 πρᾶγμα
1447 887 1569 933 ἕτερον
1585 884 1629 922 ὃν

210 950 278 984 τοῦ
296 947 431 994 χρόνου
447 950 508 983 καὶ
528 947 594 993 οὐχ
616 947 666 988 αἱς
681 947 787 993 μέρος
808 947 941 993 χρόνον
964 943 1239 991 λαμβανόμενον
1261 945 1379 990 σχέσιν
1398 943 1456 989 ἔχῃ
1476 943 1563 988 (ἔχει
1575 954 1629 987 pr.

211 1005 297 1046 ωε.)
315 1002 405 1050 πρὸς
429 1003 495 1038 τὸν
510 1004 641 1049 χρόνον
658 1004 719 1038 καὶ
735 1002 796 1038 διὰ
815 1004 924 1037 τοῦτο
951 1001 989 1036 ἐν
1011 1000 1128 1046 χρόνῳ
1153 995 1178 1046 ᾗ
1200 1000 1315 1045 (ἐστίν
1336 1001 1420 1043 ms.)
1433 1026 1442 1042 ‚
1467 997 1586 1044 ὥσπερ
1606 994 1628 1041 ἡ

212 1057 250 1093 ἐν
265 1061 448 1102 Σαλαμῖνι
461 1059 646 1103 ναυμαχία
667 1057 704 1093 ἒν
719 1059 810 1105 τῷδε
827 1059 876 1104 τῷ
893 1056 1030 1103 χρόνῳ,
1054 1054 1136 1091 τότε
1158 1055 1243 1101 ἄλλη
1261 1057 1459 1100 κατηγορία
1481 1047 1630 1097 γίνεται,

211 1111 234 1157 ἡ
251 1115 318 1148 τοῦ
331 1113 418 1148 ποτὲ
428 1113 516 1159 ἄλλη
533 1109 624 1149 οὖσα
640 1114 740 1160 παρὰ
754 1111 796 1148 τὸ
814 1112 930 1148 ποσὸν
943 1110 1221 1156 εἰδοποιουμένη
1233 1110 1298 1156 μὲν
1309 1111 1346 1146 ἐν
1357 1112 1406 1158 τῷ
1419 1112 1632 1145 διίστασθαι

211 1170 279 1204 τοῦ
296 1165 431 1214 χρόνου
448 1169 685 1215 θεωρουμένη
705 1168 744 1203 δὲ
761 1167 797 1213 [ὁ
815 1167 896 1212 μὲν]
918 1167 955 1202 ἐν
973 1167 1101 1213 χρόνῳ.

300 1224 376 1259 Καὶ
385 1223 517 1267 χρόνου
533 1223 598 1268 μὲν
615 1223 795 1270 διαφοραὶ
813 1219 1075 1267 παρεληλυθώς
1087 1219 1235 1260 ἐνεστώς
1247 1220 1395 1264 μέλλων,
1412 1222 1479 1256 τοῦ
1491 1218 1531 1255 δὲ
1544 1219 1631 1254 ποτὲ

212 1278 254 1314 τὸ
271 1278 359 1323 χθὲς
381 1277 512 1324 αὔριον
534 1279 708 1326 τήμερον,
736 1278 777 1314 τὸ
796 1277 861 1322 μὲν
886 1278 1026 1318 οἰκείως
1046 1277 1127 1322 ἔχον
1139 1276 1230 1321 πρὸς
1246 1276 1286 1310 τὸ
1306 1273 1496 1322 παρελθὸν
1520 1274 1561 1309 τὸ
1591 1274 1632 1310 δὲ

212 1333 305 1379 πρὸς
319 1334 360 1370 τὸ
379 1335 509 1378 μέλλον
532 1334 574 1370 τὸ
597 1334 637 1370 δὲ
656 1334 748 1380 πρὸς
766 1331 806 1368 τὸ
834 1333 1004 1374 ἐνεστώς,
1043 1334 1077 1367 εἰ
1090 1331 1182 1378 πρὸς
1206 1331 1246 1366 τὸ
1278 1330 1510 1375 νυχθήμερον
1535 1328 1634 1365 ἄπο-

213 1390 376 1436 βλὲψεις·
408 1391 443 1426 εἰ
464 1389 504 1425 δὲ
520 1388 612 1436 πρὸς
630 1390 695 1425 τὸν
711 1391 777 1424 τοῦ
804 1388 906 1433 ἡλίου
927 1388 1078 1429 κύκλον,
1117 1385 1199 1421 ἀντὶ
1228 1385 1293 1430 μὲν
1318 1384 1568 1432 παρελθόντος
1588 1385 1631 1421 τὸ

212 1445 342 1491 πέρυσι
355 1471 364 1486 ,
387 1444 470 1480 ἀντὶ
490 1445 529 1480 δὲ
547 1447 613 1480 τοῦ
628 1445 818 1490 μέλλοντος
834 1441 876 1479 τὸ
897 1445 947 1482 εἰς
964 1444 1102 1486 νέωτα,
1127 1439 1210 1476 dni
1239 1441 1279 1476 δὲ
1305 1441 1497 1482 ἐνεστῶτος
1511 1442 1552 1476 τὸ
1570 1442 1634 1486 τῆ-

212 1513 282 1541 τες.
328 1499 458 1535 λοιπὸν
480 1500 518 1536 δὲ
546 1502 607 1536 καὶ
635 1499 812 1547 ἀορίστως
840 1499 914 1534 ἐστὶ
946 1500 1069 1543 λαβεῖν
1094 1495 1278 1541 διαφορὰς
1304 1500 1371 1532 τοῦ
1398 1497 1506 1532 ποτέ’
1541 1497 1634 1542 πρὸς

214 1556 279 1600 μὲν
297 1555 339 1591 τὸ
354 1554 474 1602 παρὸν
490 1556 530 1591 τὸ
553 1555 623 1600 ἤδη
643 1557 704 1591 καὶ
720 1554 801 1602 ἄρτι
815 1581 825 1596 ,
856 1554 947 1600 πρὸς
976 1553 1016 1588 δὲ
1034 1552 1075 1588 τὸ
1095 1551 1282 1598 παρελθὸν
1310 1552 1350 1587 τὸ
1377 1552 1510 1596 πάλαι,
1543 1550 1634 1597 πρὸς

215 1610 256 1646 δὲ
273 1610 312 1646 τὸ
329 1611 458 1654 μέλλον
476 1611 518 1646 τὸ
537 1609 651 1647 οὔπω.
699 1611 760 1646 καὶ
779 1609 798 1645 ὁ
817 1609 882 1655 μὲν
899 1609 1027 1655 χρόνος
1050 1607 1208 1654 ἄπειρος,
1238 1608 1339 1652 εἴπερ
1359 1607 1381 1651 ἡ
1399 1607 1533 1650 γένεσις
1551 1619 1633 1642 συν-

216 1666 313 1711 εχής,
338 1666 380 1701 τὸ
399 1665 438 1701 δὲ
453 1666 541 1702 ποτε
558 1666 802 1713 πεπέρασται,
835 1663 891 1700 ὅτι
914 1665 978 1699 καὶ
1006 1663 1027 1708 ἠ
1056 1663 1093 1699 ἐν
1119 1661 1218 1709 αὐτῷ
1235 1664 1365 1708 πρᾶξις
1381 1661 1634 1708 πεπερασμένη

215 1721 279 1757 καὶ
294 1720 314 1756 ό
335 1720 400 1764 μὲν
417 1722 546 1767 χρόνος
569 1722 635 1757 οὐκ
654 1722 691 1756 ἐν
708 1721 844 1767 χρόνῳ,
868 1720 910 1755 τὸ
930 1719 969 1755 δὲ
985 1718 1073 1754 ποτὲ
1090 1717 1131 1753 τὸ
1150 1718 1187 1752 ἐν
1202 1717 1317 1764 χρόνῳ
1336 1717 1431 1753 εἶναι
1451 1720 1566 1760 δηλοῖ.

310 1778 386 1811 Τοῦ
410 1776 449 1811 δὲ
476 1777 514 1812 ἔν
534 1791 607 1812 τινι
630 1777 830 1820 ἓνδεκαχῶς
858 1775 1050 1819 λεγομένου
1077 1775 1142 1818 (cf.
1170 1775 1235 1807 210
1254 1786 1271 1806 a
1302 1775 1447 1807 14—24
1464 1778 1498 1807 et
1522 1774 1635 1807 schol.

216 1833 261 1866 44
281 1833 301 1864 b
322 1833 360 1870 7,
386 1834 446 1874 12,
474 1834 525 1867 17.
571 1834 734 1877 Longam
767 1844 890 1866 eorum
917 1830 1173 1874 expositionem
1199 1840 1289 1872 quae
1318 1827 1354 1863 ἔν
1376 1842 1447 1863 τινι
1477 1829 1637 1862 dicantur

217 1899 252 1921 v.
268 1898 325 1930 ap.
339 1888 438 1931 Mag.
462 1888 499 1920 in
519 1892 586 1922 cat.
599 1888 766 1921 Laurent.
788 1887 844 1928 71,
865 1886 909 1920 32
928 1885 1116 1926 f01.61)—
1129 1884 1266 1928 λέγεται
1292 1884 1362 1929 γὰρ
1388 1883 1424 1917 ἕν
1441 1896 1512 1916 τινι
1530 1882 1579 1922 ὥς
1593 1881 1635 1917 τό

218 1941 442 1986 συμβεβηκὸς
461 1940 499 1976 ἐν
518 1945 564 1988 τῇ
584 1940 689 1984 οὐσίᾳ
704 1941 765 1976 καὶ
784 1940 832 1981 ὥς
851 1941 897 1974 τὰ
913 1940 1004 1984 μέρη
1025 1938 1061 1973 ἒν
1082 1940 1133 1984 τῷ
1162 1936 1233 1984 ὅλῳ
1251 1939 1312 1973 καὶ
1336 1937 1377 1973 τὸ
1400 1935 1485 1972 ὅλον
1503 1937 1541 1971 ἐν
1562 1940 1638 1977 τοῖς

218 1996 341 2042 μέρεσι
360 1997 421 2031 καὶ
437 1995 486 2035 αἷς
506 1997 548 2032 τὸ
569 1995 665 2036 εἶδος
685 1995 722 2030 ἐν
742 1997 786 2042 τῇ
802 1993 870 2042 ὅλῃ
889 1996 951 2030 καὶ
971 1994 1023 2030 ἔτι
1042 1994 1166 2038 μέντοι
1183 1993 1231 2033 ὥς
1252 1993 1293 2028 τὸ
1319 1995 1422 2037 γένος
1442 1992 1478 2027 ἒν
1493 1996 1570 2032 τοῖς
1589 1993 1635 2028 εἴ·

219 2053 296 2087 δεσι
318 2052 379 2085 καὶ
399 2050 444 2085 τὰ
464 2052 543 2095 εἴδη
564 2051 601 2086 ἐν
619 2053 669 2096 τῷ
678 2051 771 2095 γένει
788 2051 850 2085 καὶ
868 2052 960 2097 πρὸς
980 2048 1126 2089 τούτοις
1148 2049 1193 2083 τὰ
1218 2050 1289 2083 τῶν
1307 2045 1515 2093 ἀρχομένων
1534 2047 1571 2081 ἐν
1588 2049 1637 2093 τῷ

219 2104 368 2152 όίρχοντι
383 2107 445 2141 καὶ
464 2105 510 2141 τὰ
526 2108 592 2140 τοῦ
613 2105 787 2153 ἄρχοντος
809 2106 846 2140 έν
873 2110 950 2144 τοῖς
979 2103 1190 2149 ἀρχομένοις
1215 2104 1278 2139 καὶ
1304 2103 1345 2138 τὸ
1376 2103 1424 2144 οἷς
1447 2103 1485 2138 ἐν
1507 2100 1638 2149 ἀγγείῳ

218 2162 281 2197 καὶ
300 2161 340 2196 τὸ
358 2161 395 2196 ἐν
408 2160 508 2206 τόπῳ
527 2162 588 2195 καὶ
608 2161 722 2206 χρόνῳ
734 2174 742 2182 ·
768 2162 999 2205 τοσαυταχῶς
1017 2155 1082 2194 οὖν
1100 2158 1290 2204 λεγομένου
1308 2161 1374 2194 τοῦ
1392 2159 1429 2194 ἓν
1446 2172 1520 2193 τινι
1534 2154 1639 2200 ἄξιον

220 2217 418 2262 οἷπορῆσαι,
441 2215 504 2252 διὰ
519 2218 555 2251 τί
573 2215 667 2251 κατὰ
685 2216 801 2260 μόνας
817 2216 883 2256 τὰς
899 2216 966 2251 δύο
996 2215 1130 2259 σχέσεις
1157 2214 1294 2254 ταύτας
1311 2215 1403 2250 ι”διαι
1427 2215 1640 2258 κατηγορίαι

220 2271 452 2317 συνέστησαν.
491 2271 637 2315 λέγομεν
653 2270 711 2315 δή’
729 2271 775 2307 τὰ
795 2271 860 2315 μὲν
878 2271 967 2306 ἄλλα
986 2270 1231 2315 σημαινόμενα
1247 2272 1313 2305 τοῦ
1334 2270 1371 2305 ἕν
1391 2283 1462 2305 τινι
1479 2272 1639 2312 συμπλη-

222 2326 360 2374 ρωτικά
381 2326 476 2362 ἐστιν
493 2325 654 2371 ἆλλήλων
675 2326 722 2366 αἱς
740 2326 785 2361 τά
803 2326 893 2373 μέρη
909 2326 971 2360 καὶ
987 2326 1027 2360 τὸ
1050 2324 1135 2361 ὅλον
1156 2327 1216 2361 καὶ
1243 2325 1288 2360 τὰ
1308 2325 1393 2370 γένη
1410 2325 1473 2359 καὶ
1495 2323 1542 2358 τὰ
1558 2325 1638 2368 εἴδη

221 2383 281 2417 καὶ
301 2383 342 2416 τὸ
361 2381 471 2428 ἄρχον
488 2382 549 2417 καὶ
571 2381 612 2416 τὸ
640 2379 862 2426 ἀρχόμενον,
886 2380 932 2415 τὰ
958 2380 997 2415 δὲ
1025 2379 1069 2416 οὐ
1099 2380 1282 2425 δυνάμενα
1301 2380 1408 2424 χωρὶς
1434 2378 1640 2422 ὑποστῆναι

224 2437 272 2477 ὥς
290 2435 329 2472 τὸ
360 2436 399 2472 ἐν
426 2435 496 2482 ὕλῃ
527 2436 623 2477 εἶδος
653 2438 715 2472 καὶ
742 2435 790 2476 ὣς
816 2436 857 2471 τὸ
878 2435 915 2471 ἓν
934 2434 1163 2483 ’ὑποκειμένῳ
1185 2427 1550 2481 συμβεβηκόςξΐὸπερ
1578 2432 1640 2468 καὶ

222 2490 347 2538 μορφὴ
366 2494 434 2527 τοῦ
452 2491 692 2537 ὑποκειμένου
709 2494 846 2537 γίνεται
860 2504 868 2513 ·
902 2491 959 2526 διὸ
982 2492 1044 2526 καὶ
1066 2495 1228 2526 καλεῖται
1252 2488 1330 2526 κατ’
1347 2490 1462 2524 έκεῖνο
1481 2491 1522 2523 τὸ
1543 2487 1640 2523 ν’πο-

221 2549 386 2592 κείμενον
405 2546 483 2583 οἷον
501 2549 628 2583 λευκὸν
646 2548 705 2583 καὶ
724 2545 925 2592 ηὐξημένον
951 2547 1012 2581 καὶ
1038 2546 1096 2581 ἐπὶ
1123 2545 1240 2582 ἄλλων
1256 2546 1484 2590 κατηγοριῶν
1499 2545 1572 2578 τῶν
1591 2543 1640 2589 τῇ

223 2600 330 2648 οὐσίᾳ
343 2602 598 2649 ὑπαρχουσῶν.
632 2606 708 2643 πῶς
731 2599 798 2638 οὖν
817 2599 862 2637 ὂὶν
886 2603 940 2645 εἴη
965 2602 1002 2636 έν
1021 2602 1165 2642 τούτοις
1189 2601 1228 2636 τὰ
1254 2600 1375 2646 ἕτερον
1395 2600 1431 2634 ἐν
1446 2597 1554 2644 ἑτέρῳ
1573 2611 1640 2633 κυ-

223 2658 320 2704 ρίως,
336 2654 396 2693 ὅτε
413 2657 504 2702 μηδέ
520 2660 609 2694 εἰσιν
623 2658 745 2698 ἁπλῶς
762 2657 865 2703 ἕτερα
879 2655 1040 2701 ἀλλήλων
1062 2655 1300 2703 κεχωρισμένα
1319 2653 1407 2690 καθ’
1424 2653 1640 2695 ὑπόστασιν,

224 2710 314 2747 οἷλλοὶ
333 2711 411 2747 κατ’
431 2712 596 2748 ἐπίνοιαν
618 2715 735 2758 μόνην
751 2712 836 2749 καθ’
856 2711 904 2758 ἢν
929 2713 973 2747 τὰ
995 2712 1079 2757 γένη
1102 2713 1318 2758 χωρίζομενς
1353 2707 1415 2745 διὰ
1439 2710 1548 2744 τοῦτο
1576 2706 1642 2753 μὲν

228 2763 293 2803 οὖν
323 2766 407 2803 οὐδὲ
429 2771 647 2815 κατηγορίας
668 2771 786 2814 ἰδικῆς
812 2767 962 2806 ἕκαστον
988 2770 1062 2804 τῶν
1084 2766 1262 2804 τοιούτων
1283 2766 1409 2812 ἐκρίθη
1439 2762 1563 2807 ἄξιον,
1594 2761 1642 2798 τὰ
