1826 3112
279 232 357 271 132
700 235 844 268 ΠΕΡΙ
876 234 1254 268 ΕΡΜΗΝΕΙΑΣ.

279 333 489 393 τριβῆναι,
518 330 600 391 εἴγε
616 327 676 391 μὴ
711 326 900 376 δυνατὸν
921 322 979 392 ἦν
993 328 1044 376 τὸ
1066 328 1125 392 μὴ
1148 333 1449 393 διατμηθῆ-ναι.
1492 327 1598 376 ὥστε
1618 330 1692 376 καὶ

282 396 352 443 ἐπὶ
377 400 461 442 τῶν
488 394 630 442 ἄλλων
657 395 874 456 γενέσεων,
910 394 1012 442 ὅσαι
1045 394 1154 442 κατὰ
1185 395 1369 456 δύναμιν
1403 397 1596 457 λέγονται
1616 393 1694 457 τὴν

280 461 497 524 τοιαύτην.
519 459 708 522 φανερὰν
728 459 813 520 ἄρα
832 458 898 507 ὅτι
916 461 1001 522 ου’χ
1021 460 1188 508 ἅπαντα
1201 460 1247 516 ἐξ
1263 460 1451 523 ἀνάγκης
1470 460 1563 507 οὔτ’
1583 461 1696 506 ἔστιν

284 526 385 574 οὔτε
413 529 584 588 γίνεται,
616 525 728 572 α’λλά
756 525 808 572 τὰ
841 528 917 586 μὲν
941 527 1109 587 ὁπότερ’
1129 529 1259 587 ἔτυχε,
1285 530 1356 572 καὶ
1376 527 1507 574 οὐδὲν
1526 530 1695 587 μᾶλλον

233 591 312 655 ωὴ
340 593 585 652 κατάφασις
612 589 641 654 ἢ
668 590 697 653 ἡ
727 591 949 652 α’πόφασις
977 592 1164 655 ἀληθής,
1196 591 1248 638 τὰ
1276 595 1505 652 δὲμᾶλλον
1527 594 1603 651 μὲν
1622 592 1696 637 καὶ

284 677 346 714 ως
364 659 429 703 ἐπὶ
447 657 497 703 τὰ
519 655 637 703 πολυ
655 657 854 718 θατερον,
877 658 935 705 ov’
954 657 1042 722 μὴν
1063 657 1155 704 ἀλλ’
1175 658 1382 718 ἐνδέχεται
1399 659 1601 720 γενέσθαι
1621 658 1696 703 καὶ

283 723 487 784 θάτερον,
506 722 693 803 θάτερον
713 725 758 770 δε
779 722 850 785 μή.

423 787 486 834 Τὸ
498 790 589 870 μὲν
618 781 702 834 οὖν
721 786 827 835 εἶναι
843 787 893 834 τὸ
917 786 968 834 ὃν
991 782 1143 834 ὅτανῗ
1113 808 1156 847 ῃ,
1178 789 1251 833 καὶ
1272 787 1323 834 τὸ
1344 787 1403 850 μὴ
1426 786 1479 834 ὂν
1501 787 1561 850 μὴ
1591 794 1698 834 εἰναι

284 851 389 899 ὅταν
409 852 468 916 μὴ
486 847 529 914 ᾗ,
550 853 734 916 ανάγκη
758 853 816 900 οὐ
827 852 914 916 μὴν
935 872 1035 900 ουτε
1047 852 1096 899 τὸ
1108 852 1159 899 ὂν
1173 852 1287 899 απαν
1280 853 1464 935 οἶνάγκη
1479 860 1584 900 εἰναι
1597 852 1697 899 οὔτε

235 917 334 967 25τὸ
357 918 417 1001 μὴ
439 938 493 965 ον
510 919 569 982 μὴ
591 917 811 966 εἶναι.οὕ
842 938 923 979 γαρ
951 917 1113 964 ταυτόν
1136 919 1223 964 ἐστι
1242 917 1291 964 τὸ
1317 917 1369 964 ὂν
1388 917 1504 965 ἅπαν
1523 916 1630 965 εἶναι
1656 916 1702 973 ἐξ

284 983 476 1046 ἄναγκης
506 983 574 1030 ὅτε
602 985 701 1040 ε’στι,
734 986 807 1030 καὶ
835 983 884 1030 τὸ
916 982 1062 1040 απλῶς
1091 980 1199 1029 εἶναι
1229 983 1318 1039 ,ᾆξ’
1291 984 1488 1066 ανάγκη.ς
1539 983 1699 1044 ὁμοίως

284 1051 331 1096 δὲ
358 1052 432 1095 καὶ
460 1051 528 1096 ἐπὶ
558 1054 640 1096 τοῦ
675 1048 734 1111 μὴ
767 1048 903 1106 ὄντος.
945 1051 1018 1095 καὶ
1046 1050 1113 1095 ἐπὶ
1134 1054 1211 1112 τῆς
1231 1049 1495 1111 α-ντιφάσεως
1513 1049 1538 1096 ὃ
1565 1048 1699 1106 αὐτὸς

283 1115 425 1176 λόγος.
469 1112 576 1162 εἶναι
609 1116 686 1175 μὲν
715 1113 745 1178 ἢ
772 1114 832 1178 μὴ
861 1113 966 1162 εἶναι
996 1113 1111 1161 απαν
1143 1115 1320 1177 ανάγκη,
1351 1118 1424 1161 καὶ
1457 1117 1633 1162 ἔσεσθαί
1652 1133 1698 1176 γε

284 1178 318 1243 ἢ
334 1180 393 1242 μή
406 1198 415 1207 ·
451 1179 508 1227 οὐ
519 1182 661 1241 μέντοι
682 1181 875 1227 διελόντα
894 1199 939 1242 γε
953 1182 1084 1226 εἰπεῖν
1101 1180 1287 1241 θάτερον
1307 1180 1554 1241 ἀναγκαῖον.
1591 1182 1699 1242 λέγω

235 1266 270 1294 ao
285 1247 332 1293 δὲ
351 1244 445 1292 οἷον
464 1245 630 1309 ἀνάγκη
649 1248 727 1306 μὲν
746 1248 920 1293 ἔσεσθαι
941 1248 1182 1306 ναυμαχίαν
1204 1246 1359 1306 αὔριον
1377 1245 1406 1309 ἢ
1426 1247 1485 1309 μὴ
1507 1248 1698 1301 ἔσεσθαι,

285 1310 344 1358 οὐ
369 1313 515 1372 μέντοι
544 1313 724 1359 ἔσεσθαί
751 1331 795 1373 γε
827 1311 984 1371 αὔριον
1001 1314 1242 1372 ναυμαχίαν
1261 1312 1491 1373 ἀναγκαῖον
1513 1312 1617 1358 οὐδὲ
1640 1310 1700 1374 μὴ

284 1379 506 1439 γενέσθαι·
526 1379 727 1439 γενέσθαι
746 1379 891 1438 μέντοι
903 1376 929 1440 η’
942 1376 1001 1439 μὴ
1021 1378 1222 1439 γενέσθαι
1234 1377 1478 1439 ἀναγκαῖον.
1501 1377 1601 1424 ὥστ’
1613 1378 1701 1424 ἐπεὶ

286 1442 446 1503 ὁμοίως
476 1445 519 1490 οὶ
546 1443 670 1505 λόγοι
700 1443 879 1506 ἀληθεῖς
911 1441 1056 1503 ὥσπερ
1093 1442 1146 1489 τὰ
1183 1444 1434 1524 πράγματα,
1466 1447 1603 1505 δῆλον
1634 1441 1702 1489 ὅτι

286 1506 372 1555 οσα
393 1507 533 1566 οὕτως
551 1510 631 1570 ἔχει
653 1507 759 1555 ωστε
781 1508 953 1567 ὁπότερ’
966 1510 1084 1568 ετυχε
1097 1528 1169 1554 και
1181 1528 1232 1555 τα
1254 1510 1422 1556 ἐναντία
1441 1510 1700 1569 ἐνδέχεσθαι,

236 1592 271 1620 85
287 1573 453 1657 ανάγκη
473 1573 632 1655 ὁμοίως
654 1575 761 1634 ε’χειν
780 1576 853 1620 καὶ
874 1592 956 1636 την
977 1573 1219 1655 αντίφασιν.
1265 1591 1370 1634 οπερ
1389 1577 1614 1634 συμβαίνει
1632 1575 1702 1620 ἐπὶ

284 1646 374 1698 τοῖς
394 1640 454 1703 μὴ
477 1639 543 1687 dez
563 1633 693 1687 οὖσιν
703 1638 733 1703 ἢ
745 1639 804 1702 μὴ
818 1639 882 1686 αεὶ
901 1638 966 1702 μὴ
980 1633 1122 1686 οὖσιν.
1155 1639 1321 1687 τούτων
1337 1659 1421 1701 γαρ
1443 1640 1608 1703 ανάγκη
1626 1641 1703 1699 μὲν

282 1706 473 1767 θάτερον
492 1705 589 1766 μόρ
597 1724 648 1788 omv
671 1711 751 1768 τῆς
774 1704 1044 1765 αντιφάσεως
1075 1704 1240 1789 ἄληθες
1261 1703 1367 1752 εἶναι
1393 1704 1423 1769 ἢ
1443 1710 1624 1763 ψεῦδος,
1644 1723 1703 1752 ου

283 1772 427 1832 μέντοι
464 1771 562 1818 τόδε
604 1769 634 1834 ἢ
672 1772 769 1818 τόδε
808 1770 902 1817 ἀλλ’
933 1769 1103 1828 ὁπότερ’
1134 1772 1276 1830 ε’τυχε,
1316 1772 1387 1817 καὶ
1426 1776 1590 1852 μᾶλλον
1626 1772 1703 1830 μεν

285 1836 435 1920 αληθη
453 1856 533 1920 την
544 1837 704 1898 ἑτέραν,
719 1835 779 1883 ου’
787 1837 929 1896 μέντοι
941 1834 1030 1899 ἤδη
1051 1835 1243 1921 α’ληθη’“
1215 1857 1241 1899 η
1252 1841 1409 1899 ψευδη.
1445 1835 1553 1883 ωστε
1567 1840 1702 1900 δηλσν

243 1915 267 1948 b
285 1922 350 1950 οτι
369 1902 455 1949 ου’κ
475 1903 640 1966 ἄναγκη
660 1902 805 1965 πάσης
828 1902 1112 1962 καταφασεως
1129 1904 1201 1947 καὶ
1222 1902 1484 1963 αποφασεως
1503 1907 1588 1949 τῶν
1621 1901 1701 1948 ἆν-

281 1969 528 2029 τικειμένων
538 1967 616 2031 τὴν
634 1970 711 2028 μεν
721 1967 884 2049 ἅληθη
900 1985 982 2030 την
1001 1969 1047 2013 δὲ
1068 1971 1214 2029 ψευδη
1233 1965 1443 2014 εἶναι·ου
1461 1987 1542 2029 γαρ
1557 1966 1702 2027 ὥσπερ

282 2035 351 2081 ἐπὶ
381 2038 470 2080 τῶν
502 2033 650 2088 ὄντων,
684 2031 827 2090 οὕτως
856 2034 936 2093 ἔχει
966 2034 1039 2078 καὶ
1068 2033 1136 2078 ἐπὶ
1155 2050 1244 2080 των
1262 2032 1322 2096 μή
1346 2031 1483 2080 ὄντων
1505 2036 1703 2080 δυνατῶν

284 2101 331 2147 δὲ
353 2096 506 2147 εἶναιἈ
476 2119 504 2163 η
525 2098 585 2164 μὴ
607 2096 727 2156 εἶναι,
750 2097 844 2144 αλλ’
867 2097 1012 2159 ὥσπερ
1035 2099 1208 2161 εἴρηται.

375 2234 416 2267 16
433 2226 598 2289 ἤνοπιᾶ.
623 2252 667 2258 -
697 2231 859 2287 μὴοωί.
883 2250 927 2258 -
957 2231 1019 2267 καὶ
1044 2233 1153 2265 omd.
1176 2250 1222 2256 -—-
1254 2232 1295 2266 19
1314 2231 1525 2275 γίγνεταιπ.
1548 2227 1701 2285 -2οή

285 2288 386 2311 ome.
410 2295 455 2304 —
484 2274 593 2331 von*
570 2291 593 2322 η
611 2277 771 2333 ψευδής,
793 2276 888 2319 w'cf.
914 2296 957 2302 —
988 2278 1032 2310 92
1052 2275 1141 2319 oz’t'f.
1165 2295 1211 2302 -—-
1240 2277 1283 2310 24
1299 2277 1422 2319 μέντοι
1442 2287 1516 2309 ena.
1540 2294 1586 2301 —
1617 2273 1701 2308 οὔτε

285 2334 339 2356 om
356 2333 389 2355 a.
415 2341 457 2347 -
476 2319 622 2376 ἀνάγκη
640 2334 740 2356 “now
759 2323 783 2355 i.
801 2340 846 2348 —
868 2318 961 2355 εἶναι
977 2333 1031 2354 om
1052 2333 1085 2364 a,
1103 2322 1202 2354 locus
1221 2321 1303 2363 long
1291 2332 1323 2352 ’e
1347 2321 1511 2364 pluribus.
1536 2338 1581 2345 -
1603 2315 1679 2352 25⁵¹
1659 2331 1703 2352 ον

283 2364 424 2420 ἀνάγκη
439 2365 489 2409 μὴ
506 2378 535 2400 e.
562 2386 603 2392 —-
626 2364 710 2401 οὔτε
729 2367 752 2399 ί.
777 2385 818 2391 -
844 2366 888 2399 26
902 2365 964 2399 καὶ
985 2378 1062 2398 corr
1083 2378 1118 2398 π.
1141 2383 1186 2391 -
1215 2364 1257 2398 τὸ
1279 2376 1334 2397 om
1350 2365 1383 2398 d.
1407 2382 1452 2389 —
1483 2364 1526 2396 27
1547 2361 1566 2397 ὁ
1590 2360 1703 2403 αὐτὸς

284 2408 389 2453 λόγος
408 2422 462 2442 om
479 2422 512 2444 π.
537 2429 581 2437 -
604 2412 646 2445 29
663 2408 708 2445 ου’
722 2408 797 2454 μὴν
816 2411 848 2445 ὃ.
864 2412 897 2452 f·
918 2427 963 2435 —
987 2411 1029 2442 30
1042 2408 1123 2454 μεν]
1141 2421 1247 2451 μενη
1231 2405 1298 2440 ’τι
1312 2428 1354 2434 -
1372 2407 1634 2447 ἔσεσθαιμενε.
1657 2425 1702 2432 —-

283 2457 323 2489 3Ι
326 2423 491 2490 γέσεσθαί
507 2457 560 2498 ys]
575 2454 746 2498 γενέσθαι
763 2467 800 2496 γε
816 2467 859 2496 n,
881 2453 1050 2497 γενέσθαι
1069 2466 1107 2496 γε
1128 2452 1149 2497 ἢ
1168 2452 1315 2488 ἔσεσθαι
1330 2464 1366 2492 e,
1389 2465 1428 2494 γε
1448 2452 1595 2486 ἔσεσθαί
1614 2463 1653 2507 γε.
1665 2453 1701 2493 f,

284 2511 323 2543 ys
339 2498 486 2534 ἔσεσθαι
506 2501 550 2543 C,
574 2500 744 2555 γενέσθαι
763 2501 806 2532 Ε.
830 2517 868 2523 -
893 2499 1099 2542 ναυμαχίαν
1115 2505 1191 2531 ante
1213 2496 1343 2542 αὔριον
1363 2498 1428 2540 En,
1454 2504 1532 2529 aute
1554 2493 1641 2531 ου’δε
1663 2496 1701 2529 C.

285 2561 327 2568 -—
352 2546 394 2577 33
420 2543 456 2577 οι
479 2526 581 2585 λόγοι
606 2542 741 2599 ὁμοίως
768 2545 825 2576 Cn.
847 2561 892 2568 -
924 2543 967 2576 34
983 2543 1103 2577 ὁπόσα
1129 2544 1164 2576 C.
1190 2561 1235 2567 —
1268 2542 1347 2585 καὶ]
1371 2524 1464 2575 εἶναι
1488 2540 1550 2574 καὶ
1569 2552 1621 2574 eu.
1656 2557 1702 2565 -—

283 2586 461 2621 τάναντία
480 2589 560 2631 defi.
575 2607 618 2613 —
640 2590 684 2623 35
701 2586 834 2631 ὁμοίως
849 2585 986 2632 ἀνάγκη
1010 2589 1045 2621 C.
1059 2607 1104 2614 —
1127 2588 1169 2621 36
1188 2580 1309 2620 οὖσιν.
1340 2585 1440 2639 μὴ]
1444 2598 1511 2619 ουκ
1535 2586 1560 2625 i,
1585 2596 1640 2617 om
1656 2585 1699 2618 A.

284 2650 329 2657 —
353 2631 402 2675 μὴ
421 2627 526 2666 οὖσιν
542 2645 619 2665 corr
633 2645 666 2665 η.
690 2652 735 2657 --
758 2634 801 2666 37
817 2628 954 2676 ψευδὲς
968 2633 1053 2674 Aen,
1079 2644 1157 2665 corr
1177 2632 1214 2665 G
1238 2648 1283 2656 —
1305 2631 1348 2663 38
1370 2627 1546 2674 ὁπότερον
1564 2629 1645 2662 Bai.
1654 2646 1700 2654 —-

286 2676 330 2709 39
346 2677 470 2718 ψευδῆ
489 2675 594 2712 εἶναι.
618 2675 707 2712 ὥστε
723 2679 782 2711 Ae.

374 2719 461 2753 19b1
483 2734 556 2755 των
572 2734 687 2757 αντικ.
706 2734 761 2756 om
775 2722 804 2755 b.
832 2740 874 2747 -
898 2722 918 2755 3
936 2719 1002 2765 μὲν
1016 2728 1095 2765 post
1110 2716 1159 2765 μὴ
1181 2715 1298 2754 οντων
1311 2718 1378 2751 add
1394 2718 1478 2759 deu,
1503 2729 1539 2751 rc
1560 2717 1632 2750 AB.
1655 2733 1700 2742 -

284 2764 306 2797 4
326 2764 378 2797 alt
397 2762 490 2800 εἶναι
508 2778 561 2799 om
580 2778 610 2800 e.
