1884 3100
617 197 956 233 ΠΡΟΤΕΡΩΝ
981 200 1022 232 A.
1465 195 1546 236 198

92 308 240 362 μασιν.
279 298 350 346 ἐπὶ
369 297 416 345 δὲ
439 301 528 345 τῶν
558 296 605 345 ἓν
623 297 741 359 μέρει
772 314 985 359 μοναχως,
1019 293 1054 360 ἢ
1084 295 1216 343 παντὶ
1231 314 1263 360 η
1240 292 1435 359 ’μηδενὶ
1455 295 1545 343 δεί-

94 366 227 424 ξαντα
257 364 486 426 υπάρχειν.
531 365 901 423 κατασκευάζοντι
930 365 977 410 δὲ
1011 363 1105 424 ὃάω
1134 361 1189 411 τὰ
1211 364 1257 411 ἐν
1277 364 1424 425 μέρει·
1469 364 1547 410 καὶ

92 453 177 497 γαρ
210 435 256 481 ἐν
281 434 453 480 πλείοσι
475 433 671 497 σχήμασι
683 434 756 479 καὶ
771 430 842 479 διὰ
867 430 1082 478 πλειόνων
1102 430 1324 479 πτώσεων.
1364 429 1481 489 ὅλως
1499 448 1544 478 τε
1561 449 1597 477 1⁰

94 501 155 549 οὐ
192 505 261 548 det
284 501 522 548 λανθάνειν
554 499 624 547 ὅτι
644 498 945 546 άνασκευάσαι
966 500 1045 559 μὲν
1066 498 1122 545 δι’
1139 498 1343 564 ἀλλήλων
1362 499 1451 546 ἔστι
1470 499 1546 546 καὶ
1582 519 1587 522 ·

93 567 147 616 τά
177 568 383 615 καθόλου
411 566 486 614 διὰ
514 572 601 613 τῶν
631 568 679 613 ἐν
701 568 819 626 μέρει
852 567 926 612 καὶ
950 570 1093 612 ταῦτα
1122 565 1195 613 διὰ
1214 571 1306 614 τῶν
1322 566 1546 625 καθόλου,

91 634 421 683 κατασκευάσαι
452 633 492 681 δ’
522 633 608 681 οὐκ
638 632 725 680 ἔστι
754 632 828 680 διὰ
861 637 952 679 τῶν
971 631 1082 679 κατὰ
1103 635 1236 695 μέρος
1252 633 1306 681 τά
1326 633 1547 693 καθόλου,

92 701 149 750 δι’
165 703 340 749 ἐκείνων
362 703 408 748 δε
437 700 559 748 ταῦτ’
607 701 734 748 ἔστιν.
773 719 863 760 αιια
894 701 941 747 δε
972 703 1113 763 δῆλον
1148 700 1215 748 ὅτι
1243 703 1318 748 καὶ
1351 700 1403 749 τὰ
1435 700 1547 749 ἄνα-

91 769 322 828 σκευάζειν
340 770 427 816 ἑστὶ
447 772 530 815 τοῦ
550 768 936 827 κατασκευάζειν
918 767 1041 814 ὃᾶον.
1565 786 1599 814 15

230 840 340 894 Πῶς
371 854 449 897 μεν
481 829 569 883 οὖν
592 838 752 899 γίνεται
771 840 860 893 πᾶς
879 815 1179 897 συλλογισμὸς
1200 836 1275 882 καὶ
1295 833 1370 882 δια
1392 834 1549 882 πόσων

93 902 210 963 ὅρων
242 906 315 950 καὶ
343 903 620 963 προτάσεων,
650 905 724 950 καὶ
753 908 847 961 πῶς
874 904 1075 964 ἕχουσων
1100 900 1214 963 πρὸς
1247 901 1460 966 ἀλλήλας,
1489 903 1549 950 ετι

93 973 141 1019 δὲ
171 977 303 1018 ποῖον
338 970 576 1034 πρόβλημα
609 971 654 1018 ἐν
673 970 839 1036 ἑκάστῳ
861 970 1049 1035 σχήματι
1067 971 1144 1017 καὶ
1163 974 1296 1016 ποῖον
1312 971 1358 1017 ἐν
1376 971 1550 1021 πλείοσι

91 1039 166 1085 καὶ
196 1044 328 1085 ποῖον
359 1039 404 1084 ἐν
433 1039 629 1085 ἐλάττοσι
658 1039 893 1096 δείκνυται,
925 1042 1068 1100 ὸῆλον
1103 1037 1150 1083 ἐκ
1178 1041 1269 1084 τοῖν
1296 1038 1546 1102 εἰρημένων.

90 1109 186 1163 πῶς
217 1104 256 1152 δ’
287 1103 596 1168 εὐπορήσομεν
629 1104 757 1151 αὐτοὶ
785 1103 899 1163 πρὸς
927 1103 979 1151 τὸ
1001 1104 1231 1164 τιθέμενον
1249 1103 1316 1151 ἀεὶ
1337 1109 1547 1166 συλλογι-
1567 1107 1633 1152 27

91 1176 242 1234 σμοῖν,
274 1173 348 1219 καὶ
379 1170 453 1219 διὰ
480 1173 612 1229 ποίας
643 1171 759 1219 ὁδοῦ
777 1171 1022 1234 ληψόμεθα
1040 1169 1119 1229 τὰς
1139 1172 1236 1232 περὶ
1256 1172 1442 1219 ἕκαστον
1464 1171 1548 1233 άρ-
1564 1193 1599 1220 21

91 1239 185 1302 χάς,
215 1243 301 1287 νῦν
328 1238 418 1303 ἤδη
451 1240 648 1286 λεκτέον·
679 1238 738 1286 οὐ
769 1237 854 1302 γὰρ
885 1240 1024 1299 μόνον
1055 1240 1163 1296 ἴσως
1195 1241 1263 1285 δεῖ
1277 1237 1360 1302 τὴν
1380 1240 1551 1301 γένεσιν

91 1313 275 1366 θεωρεῖν
303 1311 395 1354 τῶν
423 1311 758 1370 συλλογισμῶν,
786 1305 901 1354 άλλὰ
929 1308 1005 1353 καὶ
1025 1304 1107 1370 τὴν
1125 1305 1318 1367 δύναμιν
1333 1307 1443 1369 ἔχειν
1467 1311 1552 1355 τοῦ

93 1381 246 1422 ποιεῖν.

221 1440 447 1488 Ἁπάντων
471 1440 529 1503 δή
549 1446 642 1487 τοῖν
663 1440 803 1488 ὄντων
814 1441 868 1488 τὰ
882 1443 962 1502 μέν
988 1443 1079 1488 ἐστι
1101 1445 1288 1488 τοιαῦτα
1307 1439 1418 1489 ὥστε
1438 1439 1549 1489 κατὰ
1566 1459 1602 1488 25

91 1507 279 1572 μηδενὸς
301 1507 443 1555 ἄλλου
463 1514 810 1595 κατηγορεῖσθαι
825 1507 1009 1572 άληθῶς
1029 1507 1256 1566 καθόλου,
1275 1507 1372 1557 οἷον
1398 1510 1553 1557 Κλέων

90 1577 165 1622 καὶ
201 1577 400 1633 Καλλίας
436 1577 510 1622 καὶ
538 1575 590 1622 τὸ
618 1574 723 1622 καθ’
755 1577 940 1623 ε’καστον
968 1578 1042 1622 καὶ
1073 1575 1322 1640 αἰσθητόν,
1359 1575 1472 1624 κατὰ
1504 1579 1552 1624 δὲ

89 1642 261 1690 τούτων
282 1642 394 1689 αλλα
417 1644 517 1706 (και
547 1641 632 1705 γάρ
651 1641 895 1703 ἄνθρωπος
916 1645 991 1691 καὶ
1015 1647 1133 1710 ζῷον
1156 1644 1356 1705 ἑκάτερος
1378 1644 1553 1692 τούτων

91 1711 233 1774 ἐστο·
277 1709 331 1757 τὰ
362 1709 402 1757 δ’
443 1709 558 1757 αυτιὶ
593 1729 672 1771 μεν
694 1709 788 1758 κατ’
826 1710 973 1759 ἄλλων
1014 1718 1329 1798 κατηγορεῖται,
1361 1710 1473 1759 κατὰ
1504 1714 1553 1760 δε

90 1777 262 1827 τούτων
284 1776 398 1824 ἄλλα
414 1777 629 1838 πρότερον
652 1776 713 1824 ου’
733 1785 1056 1841 κατηγορεῖται·
1087 1794 1146 1825 τα
1166 1781 1214 1825 ὁε
1233 1781 1308 1825 καὶ
1334 1778 1450 1826 αὐτὰ
1471 1778 1603 1826 ἄλ-εο

90 1849 183 1892 λων
196 1846 269 1891 καὶ
284 1845 432 1892 αὐτῶν
443 1864 579 1905 ετερα,
595 1843 692 1892 οἷον
714 1844 956 1906 ἅνθρωπος
978 1847 1185 1893 Καλλίου
1205 1848 1280 1893 καὶ
1299 1845 1555 1907 ἀνθρώπου

92 1915 218 1978 ζῷον.
242 1910 309 1959 ὅτι
329 1930 408 1973 μεν
427 1931 512 1959 ουν
534 1913 625 1959 ενια
645 1917 732 1959 τῶν
754 1911 893 1960 ὄντων
917 1911 1013 1960 κατ’
1031 1912 1220 1972 οὐδενὸς
1236 1915 1409 1974 πέφυκε
1427 1915 1551 1976 λέγε-

90 1986 214 2037 σθαι,
236 1984 403 2063 δηλον·
438 1999 524 2026 των
532 1978 615 2042 γάρ
634 1982 867 2044 αἰσθητῶν
879 1979 1074 2041 σχεδὰν”
1047 1981 1232 2027 εκαστόν
1242 1982 1333 2028 ἐστι
1343 2000 1552 2029 τοιουτου

91 2045 200 2094 ωστε
232 2046 294 2110 μὴ
329 2053 674 2110 κατηγορεῖσθαι
706 2066 818 2093 κατα
850 2047 1052 2110 μηδενός,
1077 2046 1195 2110 πλὴν
1219 2067 1280 2106 ως
1299 2047 1412 2095 κατὰ
1434 2062 1551 2110 συμ-

89 2114 303 2178 βεβηκός·
339 2132 485 2196 φαμεν
515 2114 597 2175 γάρ
621 2130 724 2161 ποτε
745 2113 798 2161 τὸ
823 2113 990 2162 λευκόν
1014 2115 1154 2162 έκεῖνο
1178 2116 1425 2180 Σωκράτην
1441 2123 1551 2164 εἰναι
1567 2134 1602 2162 35

90 2184 167 2228 καὶ
184 2180 236 2227 τὸ
259 2179 447 2240 προσιὸν
467 2183 680 2228 Καλλίαν.
714 2200 781 2228 οτι
802 2184 849 2228 δε
871 2183 943 2228 και
965 2183 1035 2229 ἐπὶ
1053 2180 1104 2229 τὸ
1124 2202 1215 2229 ανω
1234 2185 1553 2245 πορευομένοις

93 2249 265 2297 ισταταί
280 2264 399 2303 ποτε,
413 2248 548 2295 πάλιν
560 2249 768 2308 ἐροῦμεν·
790 2249 926 2296 νΰνὸ’
936 2251 1044 2297 εστω
1056 2255 1193 2298 τοῦτο
1204 2252 1414 2311 κείμενον.
1439 2270 1550 2298 κατα

91 2335 171 2378 μεν
191 2309 278 2363 οὖν
296 2334 467 2363 τουτων
487 2315 575 2364 οὐκ
599 2316 713 2362 εστιν
737 2315 963 2373 αποὸεῒξαι
982 2317 1368 2380 κατηγορούμενον
1388 2319 1549 2379 ε’τερον,

90 2378 210 2447 πλὴν
240 2385 280 2431 εἰ
295 2381 366 2447 μὴ
399 2382 511 2430 κατὰ
539 2382 687 2440 δόξαν,
720 2382 831 2431 ἀλλὰ
869 2390 1013 2432 ταῦτα
1046 2385 1141 2432 κατ’
1165 2384 1336 2433 αλλων·
1374 2384 1483 2433 συὸε
1495 2405 1549 2433 τα

91 2450 198 2498 καθ’
239 2452 399 2498 εκαστα
428 2450 523 2498 κατ’
564 2450 732 2510 ἄλλων,
773 2450 867 2498 αλλ’
896 2471 1018 2513 ετερα
1049 2452 1143 2500 κατ’
1179 2454 1366 2501 ἐκεί.νων
1419 2451 1473 2500 τὰ
1502 2455 1550 2501 δὲ
1566 2470 1623 2498 ιο

92 2517 253 2580 μεταξὺ
283 2520 423 2581 δῆλον
451 2517 515 2578 ὦς
546 2518 808 2582 ἀμφοτέρως
839 2519 1074 2582 ἐνδέχεται·
1109 2522 1184 2568 καὶ
1212 2519 1297 2584 γὰρ
1321 2518 1436 2587 αὐτὰ
1456 2519 1551 2569 κατ’

185 2746 207 2780 9
222 2746 384 2789 &sigma
399 2758 444 2791 n,
469 2759 549 2780 corr
568 2748 608 2781 A.
634 2764 679 2772 —
707 2747 749 2779 10
766 2744 806 2780 ἐν
825 2757 881 2779 om
904 2745 966 2779 Cu.
991 2763 1036 2770 —
1063 2746 1103 2780 13
1123 2746 1174 2779 alt
1193 2746 1282 2791 τῶν]
1300 2747 1369 2803 τῆς
1383 2759 1427 2792 pr
1445 2748 1480 2782 ‹1.
1505 2767 1549 2774 —-

94 2792 141 2826 27
162 2803 204 2836 pr
221 2792 285 2828 καὶ
304 2804 361 2826 om
376 2803 421 2827 m.
445 2812 491 2818 —
514 2792 593 2827 28
579 2791 754 2838 εκατέρας
769 2803 811 2835 n,
837 2788 1011 2837 εκάτερον
1026 2802 1070 2826 m.
1095 2812 1139 2818 —
1170 2793 1215 2826 34
1233 2790 1330 2828 κατὰ
1350 2805 1406 2828 om
1428 2796 1484 2838 Af.

140 2848 172 2881 I.
1238 2849 1284 2883 13
