1884 3100
634 217 973 253 ΠΡΟΤΕΡΩΝ
1000 219 1041 251 B·
1475 212 1558 253 255

108 319 312 382 λογισμοὶ
341 316 605 380 σύγκεινται.
645 316 780 364 πάλιν
804 317 843 363 εἰ
871 315 1000 362 παντὶ
1027 314 1105 376 μὶν
1131 311 1184 361 vd
1218 316 1258 360 A
1283 309 1318 376 ἢ
1345 309 1398 359 τὸ
1419 315 1458 358 Β
1480 313 1557 359 καὶ

107 386 159 434 τὸ
197 391 244 433 Γ
277 384 309 449 ἢ
337 385 390 433 τὸ
424 390 488 442 A,
534 404 624 445 αμα
654 385 702 431 δὲ
733 382 794 445 μὴ
821 381 1032 443 υπάρχει,
1066 383 1105 428 εἰ
1133 379 1406 441 ἀντιστρέφει
1435 377 1487 427 τὰ
1516 383 1556 426 A

109 456 184 501 καὶ
208 452 259 501 τὸ
294 457 346 510 Γ,
376 454 450 499 καὶ
480 450 533 499 τὸ
571 456 609 499 Β
635 452 710 498 καὶ
738 449 790 498 τὸ
823 457 864 496 A
899 448 1183 510 αντιστρέφει.
1231 450 1270 496 εἰ
1286 446 1368 510 γὰρ
1386 448 1470 494 τινὶ
1492 444 1555 510 μὴ

108 520 297 582 ὑπάρχει
324 518 374 567 τὸ
403 524 461 578 Β,
499 521 534 584 ιρ
568 517 620 566 τὸ
654 524 720 574 A,
764 521 904 580 δῆλον
936 515 1002 563 ὅτι
1030 514 1082 563 τὸ
1118 521 1156 562 Α
1160 514 1380 599 ὑπάρχει.
1440 516 1477 562 εἰ
1506 515 1554 561 δὲ

108 587 159 636 τὸ
193 593 244 647 Α,
278 590 352 634 καὶ
385 585 436 633 τὸ
471 590 534 632 1
568 585 841 646 άντιστρέφει
872 583 967 646 γάρ.
1012 581 1123 630 ω’στε
1154 581 1243 643 άμα
1263 582 1315 629 τὸ
1340 583 1475 629 Γκαὶ
1499 588 1552 628 A.
1571 597 1607 625 1⁵

107 625 244 702 τοῦτο,
275 653 315 701 6'
343 652 577 700 άδύνατον.
637 650 743 699 ὅταν
775 653 822 698 δὲ
855 650 906 698 τὸ
940 656 978 697 Α
1009 649 1101 716 ὅλῳ
1133 655 1196 696 τῶ
1226 654 1262 696 Β
1300 651 1376 696 καὶ
1411 668 1472 715 τῳ
1516 652 1563 695 Γ

107 721 289 783 ὑπάρχῃ
328 722 403 767 καὶ
444 718 636 784 μηδενὸς
677 718 820 766 ἄλλου
845 722 1162 782 κατηγορῆται,
1191 716 1374 777 ὑπάρχῃ
1402 719 1450 764 δὲ
1481 717 1557 763 καὶ

107 787 160 837 τὸ
190 793 228 836 Β
254 790 382 835 παντὶ
418 792 479 854 τῷ
514 791 575 845 Γ,
609 785 780 850 ἀνάγκη
809 785 862 832 τὸ
892 791 929 832 Α
949 787 1022 832 καὶ
1041 789 1079 831 Β
1102 784 1429 844 άντιστρέφειν·
1464 784 1556 830 ἐπεὶ

107 855 191 919 γὰρ
226 854 337 902 κατὰ
375 836 524 916 μόνων
559 859 650 901 τῶν
681 858 765 900 ΒΓ
788 854 954 915 λέγεται
985 850 1037 900 τὸ
1074 856 1135 907 A,
1171 856 1473 920 κατηγορεῖται
1507 851 1556 898 δε

107 922 159 971 τὸ
183 927 220 970 Β
237 925 310 969 καὶ
338 920 450 969 αιῗτὸ
473 919 618 969 αὐτοῦ
636 923 710 968 καὶ
732 925 817 968 τοῦ
839 925 890 976 Γ
919 918 1117 983 φανερὸν
1136 917 1201 966 ὅτι
1220 917 1326 966 καθ’
1346 920 1411 966 ὥν
1428 916 1482 966 vd
1504 922 1556 976 A,
1571 930 1607 958 2⁰

108 992 183 1037 καὶ
203 989 254 1037 τὸ
274 994 312 1036 Β
327 988 586 1052 λεχθήσεται
611 988 786 1036 πάντων
804 986 921 1051 πλὴν
943 986 1086 1035 αὐτοῦ
1106 991 1190 1034 τοῦ
1212 990 1263 1034 Α.
1298 983 1478 1033 πάλιν”
1452 1003 1558 1032 οταν

107 1056 159 1104 τὸ
198 1061 236 1103 Α
261 1055 416 1103 καὶτὸ
444 1060 482 1102 Β
519 1054 608 1138 ὅλῳ
638 1060 700 1121 τῷ
730 1059 776 1102 Γ
808 1053 1010 1116 ΰπάρχη,
1051 1053 1317 1115 οἷντιστρέφῃ
1347 1055 1395 1100 δε
1433 1051 1487 1100 τὸ
1520 1056 1567 1098 Γ

106 1128 168 1171 τῶ
200 1127 262 1179 Β,
291 1122 463 1186 οἷνάγκη
491 1121 541 1169 τὸ
569 1127 607 1168 A
637 1124 765 1168 παντὶ
794 1126 858 1168 τῶ
889 1126 927 1168 Β
957 1120 1192 1182 ὑπάρχειν·
1215 1122 1305 1168 ἐπεὶ
1325 1118 1410 1182 γάρ
1430 1120 1560 1166 παντὶ

107 1196 172 1257 τῷ
202 1195 249 1237 Γ
269 1188 321 1237 τὸ
353 1187 498 1245 Α,τὸ
527 1191 574 1236 δὲ
606 1193 652 1235 Γ
671 1208 733 1254 τω
770 1193 804 1235 Β
825 1169 907 1235 διὰ
933 1187 986 1235 τὸ
1011 1187 1324 1249 ἄντιστρέφειν,
1355 1189 1429 1234 καὶ
1447 1185 1501 1234 τὸ
1520 1191 1559 1233 A

109 1260 240 1307 παντὶ
275 1262 338 1324 τῷ
369 1261 407 1304 Β
435 1255 634 1318 ὑπάρξει.
679 1255 786 1303 ὅταν
803 1257 852 1340 622
875 1254 1049 1303 δυοῖν”
1022 1274 1169 1303 οντοιν
1189 1253 1240 1301 τὸ
1260 1259 1298 1301 Α
1321 1259 1409 1302 τοῦ
1428 1258 1466 1301 Β
1487 1255 1609 1300 ‹xi-2⁵

108 1306 344 1387 ρετώτερόν
362 1318 409 1385 ᾗ,
441 1323 582 1371 ὄντων
602 1323 917 1384 ἀντικειμένων,
936 1325 1008 1370 καὶ
1029 1321 1080 1370 τὸ
1102 1329 1145 1369 A
1167 1326 1251 1369 τοῦ
1272 1326 1318 1368 Γ
1330 1321 1557 1380 ὡσαύτως,

110 1395 149 1440 εἰ
186 1391 445 1453 αἱρετώτερα
482 1389 535 1437 τὰ
565 1395 651 1438 ΑΓ
669 1395 756 1438 τῶν
782 1395 885 1449 BA,
915 1389 968 1437 τὸ
1003 1395 1041 1437 A
1064 1394 1150 1437 τοῦ
1181 1397 1223 1436 A
1257 1388 1556 1450 αἱρετώτερον.

111 1458 275 1520 ὁμοίως
299 1477 384 1521 γαρ
412 1456 597 1505 διωκτὸν
626 1457 678 1505 τὸ
706 1462 745 1504 A
778 1460 851 1505 καὶ
883 1456 1078 1520 φευκτὸν
1105 1455 1155 1504 τὸ
1189 1461 1254 1503 Β·
1289 1455 1559 1539 αντιιιείμενα

110 1526 205 1590 γάρ.
256 1528 330 1573 καὶ
357 1524 410 1572 τὸ
440 1529 487 1571 Γ
508 1530 570 1591 τῷ
600 1533 665 1572 A·
707 1527 780 1572 καὶ
814 1523 899 1588 γὰρ
931 1529 1021 1572 ταῦ
1020 1544 1073 1571 τα
1105 1524 1349 1571 ἀντίκειται.
1406 1525 1445 1571 εἰ
1475 1515 1561 1571 οὖν

110 1592 163 1641 vd
194 1597 233 1640 A
261 1598 322 1660 τῷ
353 1599 395 1639 A
427 1591 592 1653 ὁμοίως
619 1593 804 1652 αἱρετόν,
836 1594 910 1639 καὶ
932 1591 985 1638 τὸ
1007 1596 1045 1638 Β
1063 1597 1127 1658 τῷ
1147 1596 1193 1638 Γ
1207 1590 1427 1653 φευκτόν·
1458 1590 1611 1638 ἑκά-30

117 1679 245 1723 τερον
273 1641 356 1724 γάρ
387 1660 574 1726 ἑκατέρῳ
604 1658 782 1720 ὁμοίως,
814 1658 1013 1721 φευκτὸν
1049 1663 1232 1726 &mm-95.
1283 1657 1392 1706 ὥστε
1411 1661 1487 1705 καὶ
1505 1677 1560 1706 τα

114 1747 250 1789 αμφω
285 1726 339 1775 τοὶ
379 1731 465 1774 ΑΓ
496 1733 590 1784 τοῖς
629 1731 723 1773 BA.
792 1728 880 1774 ἐπεὶ
922 1729 969 1773 δε
988 1731 1204 1808 ῗμᾶλλον,
1258 1725 1345 1787 οὐχ
1381 1723 1478 1773 οἷόν
1515 1744 1561 1773 τε

116 1794 302 1855 ὁμοίως·
337 1796 410 1840 καὶ
428 1792 514 1856 γὰρ
536 1813 590 1840 αν
611 1812 664 1839 τα
687 1792 811 1840 BA
789 1795 952 1862 ομοίως
972 1785 1103 1856 ἦσαν.
1149 1795 1188 1840 εἰ
1209 1794 1256 1839 δε
1274 1792 1327 1839 τὸ
1349 1798 1392 1839 A
1420 1797 1506 1839 τοῦ
1523 1797 1562 1839 Α

115 1861 411 1923 αιρετώτερον,
441 1862 515 1907 καὶ
545 1858 598 1908 vd
630 1864 669 1907 Β
692 1865 777 1908 τοῦ
801 1865 846 1907 Γ
861 1863 992 1924 ἠττον
1019 1859 1239 1922 φευκτόν·
1260 1858 1312 1906 τὸ
1329 1857 1415 1921 γὰρ
1435 1861 1561 1944 ἔλατ·-

113 1947 191 1976 τον
218 1934 283 1995 τῷ
313 1928 508 1975 ἐλάττονι
538 1927 783 1975 αντίκειται.
830 1930 1109 1989 αιρετογτερον
1139 1929 1186 1974 δὲ
1205 1925 1258 1974 τὸ
1281 1930 1428 1988 μεῖζον
1443 1926 1610 1989 ἄγα-35

113 1994 207 2044 &¹611
245 1998 319 2043 καὶ
351 1997 528 2042 ε’λαττον
561 1995 704 2042 κακὸν
738 1994 767 2059 ἢ
799 1994 851 2042 τὸ
885 1997 1062 2043 ἔλαττον
1097 1992 1272 2057 άγαθόν
1305 1996 1378 2041 καὶ
1413 1998 1563 2054 μεῖζον

114 2062 274 2110 κακόν·
320 2065 394 2109 καὶ
427 2061 480 2109 τὸ
523 2060 641 2109 απαν
681 2082 788 2123 αρα,
825 2061 876 2109 τὸ
906 2067 1009 2118 BA,
1045 2062 1325 2124 αἱρετώτερον
1353 2066 1438 2109 τοῦ
1468 2066 1560 2109 ΑΓ.

115 2136 200 2178 νῦν
221 2129 261 2177 6'
280 2128 367 2176 οὐκ
386 2131 508 2176 ε’στιν.
531 2128 582 2176 τὸ
603 2129 677 2176 A'
659 2129 745 2190 άρα
766 2130 1046 2191 αἱρετώτερον
1067 2134 1151 2178 τοῦ
1173 2136 1228 2185 A,
1249 2131 1323 2175 καὶ
1340 2127 1393 2175 τὸ
1415 2127 1505 2175 Γ”
1475 2147 1563 2211 αρα

115 2202 201 2244 τοῦ
223 2201 259 2243 Β
277 2191 412 2259 ἦττον
432 2196 643 2258 φευκτόν.
691 2199 730 2244 εἰ
763 2199 819 2260 δὴ
851 2199 990 2244 ἕλοιτο
1019 2214 1108 2254 πας
1140 2196 1166 2244 6
1200 2198 1313 2257 ἐρων
1341 2215 1452 2242 κατα
1483 2194 1563 2242 τὸν

116 2266 252 2326 ερωτα
289 2262 341 2310 τὸ
386 2267 423 2310 Α
457 2261 508 2310 τὸ
543 2281 686 2320 ουτως
718 2265 827 2324 εχειν
857 2262 968 2312 ωστε
997 2267 1278 2325 χαρίζεσθαι,
1308 2264 1382 2308 καὶ
1412 2261 1466 2308 τὸ
1499 2260 1612 2326 μὴιο

115 2333 373 2394 χαρίζεσθαι
403 2328 454 2377 τὸ
485 2329 553 2390 ἐφ’
590 2332 649 2377 οὐ
671 2334 731 2387 Γ,
758 2328 792 2394 ἢ
812 2329 862 2377 τὸ
881 2334 1139 2392 χαρίζεσθαι
1157 2329 1209 2377 τὸ
1236 2328 1306 2390 ἐφ
1326 2323 1387 2376 οὗ
1409 2334 1465 2385 A,
1487 2331 1562 2377 καὶ

112 2397 188 2446 τὸ
184 2397 253 2462 μὴ
276 2416 484 2445 τοιουτον
498 2403 605 2444 εἰναι
625 2395 722 2444 οἷον
739 2400 995 2458 χαρίζεσθαι
1013 2397 1066 2445 τὸ
1088 2397 1157 2459 ἐφ’
1179 2400 1238 2445 οὐ
1264 2401 1315 2452 Β,
1336 2395 1512 2459 δῆλον““
1494 2394 1562 2444 ότι
1578 2407 1602 2441 b

115 2464 167 2513 τὸ
182 2471 219 2512 Α
241 2464 291 2512 τὸ
301 2470 507 2512 τοιοῦτον
524 2462 632 2512 εἶναι
651 2465 930 2528 αἱρετώτερόν
948 2463 1105 2513 ἐστιν
1087 2486 1113 2529 η
1132 2464 1183 2512 τὸ
1205 2466 1491 2526 χαρίσασθαι.
1510 2463 1563 2512 τὸ

211 2582 253 2615 15
269 2580 332 2615 καὶ
350 2578 390 2615 τὸ
415 2582 436 2614 6
455 2582 514 2614 Cn.
541 2600 585 2607 —-
616 2581 655 2613 18
675 2580 738 2614 καὶ
757 2578 798 2614 τὸ
818 2581 841 2636 β
859 2593 892 2614 ιι.
919 2599 963 2607 -
987 2579 1062 2614 ‘20
1050 2593 1186 2614 favvo-u
1204 2591 1238 2612 ιι.
1267 2599 1309 2605 -—
1342 2581 1386 2612 25
1406 2577 1564 2636 υποὶρξει

121 2637 222 2659 omn.
247 2645 293 2650 -—-
324 2624 400 2684 τὸ]
403 2625 485 2660 οἷον
503 2624 543 2660 τὸ
565 2639 645 2659 corr
663 2638 698 2666 ιι,
725 2639 777 2659 ων
794 2639 836 2660 το
859 2627 931 2659 fort
950 2638 991 2669 pr
1006 2638 1040 2658 ιι.
1069 2644 1109 2650 —-
1144 2626 1189 2658 98
1204 2623 1294 2682 γὰρ]
1314 2636 1353 2658 τε
1358 2624 1443 2679 γὰρ
1459 2637 1493 2657 ιι.
1517 2642 1563 2650 -·

119 2671 245 2717 ἳθτῷ]
271 2671 334 2706 καὶ
363 2669 404 2706 τὸ
437 2684 515 2704 corr
537 2685 570 2705 ιι.
595 2690 637 2696 —
676 2652 716 2704 3'1
746 2670 793 2705 τὰ
824 2673 879 2704 del
901 2684 935 2704 ιι.
964 2690 1004 2695 -
1041 2672 1084 2703 32
1108 2670 1204 2713 τοῖς]
1235 2670 1297 2703 καὶ
1322 2669 1370 2704 τὰ
1399 2682 1491 2713 prn.
1517 2689 1562 2696 —

120 2718 163 2750 33
181 2705 225 2761 βγ
244 2718 282 2750 G.
306 2735 351 2742 —
374 2714 470 2772 δὴιι.
496 2737 537 2742 -
562 2719 606 2751 35
625 2714 667 2750 τὸ
686 2729 720 2749 ιι.
737 2735 782 2741 -
807 2714 909 2752 δῖτὸ
928 2717 974 2761 βδ
994 2727 1050 2748 om
1075 2716 1111 2748 G.
1125 2734 1170 2741 —
1194 2717 1239 2748 40
1258 2712 1560 2760 καὶτό]τὸδειι.

119 2780 164 2786 —
187 2763 229 2795 41
249 2772 290 2802 pr
307 2760 368 2805 τὸ]
390 2760 430 2797 δὲ
445 2775 479 2795 ιι.
502 2781 547 2788 -
573 2770 639 2795 tert
656 2760 697 2796 τὸ
714 2774 769 2794 om
787 2774 821 2796 ιι.

207 2805 297 2840 oebl
317 2806 446 2852 τὸνμὴ
464 2820 498 2841 ιι.
525 2828 567 2834 —-
592 2808 817 2853 χαρίσασθαι
832 2819 864 2839 ιι.
883 2826 925 2832 --
949 2807 971 2840 2
991 2805 1208 2852 χαρίζεσθαι
1228 2806 1324 2850 Amf-
