1838 3086
634 201 886 246 Analytica
915 201 1090 246 priora.
1516 199 1599 243 421*

138 298 188 339 τὸ
230 299 267 339 Β
301 296 430 339 παντὶ
455 299 516 353 τῷ
544 299 587 339 Γ
607 295 854 352 ἐνδέχεσθαι
880 299 1086 354 ὑπάρχειν
1112 303 1180 340 aut
1202 297 1252 341 τὸ
1281 301 1319 341 Β
1346 298 1593 355 ἐνδέχεσθαι

91 380 94 382 ’
136 362 288 415 μηδενὶ
313 365 375 419 τῷ
404 365 447 403 Γ
468 362 686 416 ὑπάρχειν.
723 389 727 393 .
752 365 831 404 Iam
863 366 897 403 si
925 379 971 405 re
999 378 1091 404 vera
1120 366 1374 417 colligeretur
1399 363 1448 406 τὸ
1478 363 1592 407 ἐνδέ-

134 431 287 480 χεσθαι
313 427 484 479 μηδενί,
515 428 681 468 absurdi
707 429 853 479 aliquid
893 429 1084 481 consequi
1113 430 1300 480 deberet,
1339 431 1374 468 si
1401 431 1491 483 quis
1519 445 1591 484 po-

134 500 248 532 neret
284 491 333 534 τὸ
373 491 617 546 ἐνδέχεσθαι
658 489 786 532 παντὶ
825 506 955 532 veram
995 507 1085 532 esse
1124 494 1440 534 conclusionem:
1486 496 1593 534 unde

134 571 255 611 quum
294 559 391 596 nibil
429 557 591 596 absurdi
628 563 765 606 exeat,
809 562 877 595 aut
913 562 1128 608 utrumque
1168 558 1367 610 colligitur
1402 563 1469 598 aut
1495 573 1591 600 neu-

131 628 259 661 trum:
288 621 386 659 nihil
414 622 534 671 igitur
561 621 719 658 omnino
748 621 962 672 colligitur.

78 687 222 725 3²:³36
250 681 460 735 ἐνδέχοιτο
488 682 570 735 γὰρ
598 681 653 723 ἂν
676 712 685 722 .
709 714 718 723 .
743 714 752 723 .
782 684 871 723 Hoc
910 689 1022 724 esset
1059 685 1164 724 enim
1202 686 1309 736 quod
1337 686 1593 740 colligeretur

131 762 181 788 ex
209 749 548 801 propositionibus
580 748 660 787 AB
688 753 728 787 et
757 748 845 789 ΒΓ.

78 815 229 853 37δ13
263 813 552 852 Particularem
592 813 866 864 syllogismum
903 825 982 852 non
1018 812 1107 850 fieri
1149 812 1244 851 inde
1294 816 1426 865 patet,
1460 814 1591 863 -quod

130 890 208 917 non
246 877 294 916 fit
330 876 585 915 universalis:
623 890 659 916 v.
699 890 800 927 qnae
839 877 1011 916 diximus
1049 876 1098 915 ad
1127 878 1292 915 36:132.
1356 877 1420 915 Ex
1447 877 1588 915 eodem

130 941 241 980 fonte
276 941 367 979 fluit
407 941 696 980 demonstratio
737 953 855 992 quam
899 941 1108 981 habuimus
1136 938 1225 981 261)
1243 942 1318 990 14,
1355 938 1440 980 ⁶271)
1461 943 1514 980 20
1540 941 1588 980 al.

131 1003 178 1046 ἐκ
203 1007 284 1045 τοῦ
312 1002 574 1055 ἀδιορίστου.

188 1095 286 1148 Cap.
318 1095 382 1136 18.
438 1095 507 1133 De
533 1095 781 1147 syllogismis
817 1093 1031 1134 secundae
1056 1096 1235 1148 figurae
1270 1094 1590 1144 universalibus,

76 1161 149 1213 qui
186 1160 363 1199 alteram
389 1161 717 1211 propositionem
745 1158 898 1197 habent
926 1159 1180 1211 simplicem,
1209 1159 1389 1198 alteram
1414 1159 1590 1212 possibi-

77 1225 173 1273 lem,
199 1226 251 1262 39
278 1223 331 1262 de
354 1224 685 1276 particularibus
712 1223 970 1275 syllogismis.

183 1293 246 1332 Ex
294 1298 384 1331 octo
431 1293 775 1343 coniugationibus
821 1288 1140 1344 propositionum
1177 1291 1459 1331 universalium
1497 1296 1591 1331 sunt

77 1361 265 1409 quattuor
298 1348 399 1407 quae
428 1356 700 1407 syllogismum
730 1355 893 1396 faciunt.
939 1355 1045 1394 Duas
1075 1361 1362 1394 commemorat
1389 1367 1448 1394 vs.
1469 1357 1520 1393 25
1549 1362 1590 1394 et

74 1424 142 1467 29,
171 1421 345 1471 reliquas
374 1433 431 1458 vs.
460 1422 531 1458 30:
570 1421 677 1458 unde
717 1420 784 1470 qui
823 1420 920 1458 fiant
955 1420 1217 1471 particulares
1255 1420 1478 1470 syllogismi
1517 1433 1588 1470 ap-

72 1485 246 1538 parebit,
275 1485 308 1522 si
337 1484 651 1539 propositionem
667 1483 862 1522 minorem
892 1485 1085 1522 sumimus
1107 1483 1387 1535 particularem
1403 1496 1478 1536 pro
1500 1483 1588 1523 uni-

70 1549 228 1588 versali.

73 1613 226 1651 37b29
254 1610 410 1663 ὁμοίως
440 1608 517 1651 δε.
572 1611 687 1651 .hoc
714 1615 846 1651 tamen
875 1612 1119 1660 discrimine,
1147 1615 1192 1650 ut
1223 1624 1411 1650 conversa
1438 1623 1588 1663 propo-

127 1677 271 1716 sitione
300 1676 472 1727 simplici
501 1687 578 1713 non
606 1675 676 1712 fiat
704 1675 906 1713 conclusio
932 1678 1012 1714 τοῦ
1042 1676 1138 1724 ΒΓ,
1167 1675 1240 1714 sed
1267 1677 1348 1714 τοῦ
1377 1675 1476 1724 ΓΒ,
1507 1674 1588 1714 col-

127 1737 265 1791 ligitur
304 1739 408 1777 enim
449 1735 513 1777 ὅτι
551 1735 599 1776 τὸ
629 1738 671 1777 Γ
694 1734 905 1789 ἐνδέχεται
931 1737 1082 1789 μηδενὶ
1107 1739 1166 1792 τῷ
1195 1739 1245 1778 Β.
1307 1739 1462 1777 Eadem
1491 1751 1588 1777 con-

127 1804 251 1842 clusio
289 1802 335 1840 fit
374 1803 490 1842 etiam
527 1815 575 1840 ex
613 1802 738 1840 altera
766 1802 1045 1851 coniugatione
1074 1815 1176 1853 quae
1203 1808 1413 1852 utramque
1440 1815 1588 1853 propo-

127 1868 310 1907 sitionem
348 1866 471 1904 habet
506 1871 715 1916 negantem
755 1869 832 1911 (vs.
863 1867 957 1909 30):
1002 1878 1090 1903 nam
1129 1866 1352 1917 propositio
1382 1866 1587 1918 possibilis

124 1943 287 1982 negans,
318 1935 360 1968 ut
387 1930 458 1968 fiat
486 1929 754 1981 syllogismus,
784 1930 822 1967 in
850 1929 1118 1968 affirmantem
1144 1929 1321 1968 converti
1348 1929 1484 1970 debet.

184 2016 284 2068 Cap.
315 2015 380 2054 19.
436 2014 506 2054 De
540 2008 790 2067 syllogismis
827 2014 1039 2054 secundae
1064 2017 1263 2068 figurae,
1305 2016 1388 2068 qai.
1405 2016 1585 2055 alteram

70 2081 393 2135 propositionem
415 2080 696 2118 necessariam
721 2079 887 2125 habent,
925 2079 1102 2118 alteram
1116 2079 1368 2131 possibilem.
1405 2081 1457 2117 16
1484 2079 1584 2118 Ex-

66 2147 253 2199 ponitur,
274 2143 473 2195 quomodo
494 2156 562 2181 res
581 2156 627 2181 se
646 2143 814 2189 habeat,
837 2144 877 2182 si
902 2144 1040 2182 altera
1059 2145 1257 2196 affirmet,
1278 2143 1419 2182 altera
1439 2148 1582 2194 neget,

69 2210 251 2261 primum
274 2208 312 2244 si
337 2207 759 2262 necessaria-neget,
789 2209 842 2244 26
871 2206 1026 2246 deinde
1044 2208 1082 2246 si
1109 2208 1348 2246 necessaria
1377 2209 1583 2260 affirmet,-

71 2275 135 2313 bo
155 2273 195 2310 si
210 2277 392 2323 utraque
414 2276 554 2321 neget,
585 2273 634 2313 13
658 2271 726 2311 vel
748 2277 926 2324 utraque
955 2273 1146 2324 affirmet.
1185 2273 1237 2309 24
1251 2272 1320 2310 De
1336 2272 1584 2324 syllogismis

69 2335 409 2390 particularibus.
439 2337 491 2372 38
524 2334 804 2385 Conseruntur
836 2336 1068 2388 syllogismi
1094 2336 1245 2387 capitis
1273 2339 1325 2374 18
1354 2340 1396 2374 et
1425 2329 1487 2377 1'9.

72 2413 224 2451 38a30
251 2408 479 2462 συμβαίνει
504 2408 619 2461 γὰρ.
680 2411 877 2449 .Accidit
919 2412 1023 2449 enim
1054 2410 1277 2462 aliquando,
1307 2415 1352 2450 ut
1380 2411 1582 2451 conclusio

124 2476 208 2516 ΒΓ
240 2475 474 2516 necessaria
506 2475 582 2522 sit,
621 2459 724 2524 quod
753 2476 906 2526 -probat
941 2487 1019 2512 non
1046 2474 1134 2523 fieri
1163 2474 1461 2525 syllogismum:
1489 2487 1579 2515 nam

125 2541 158 2579 si
184 2540 231 2577 fit
258 2539 526 2589 syllogismus
550 2538 756 2576 conclusio
779 2551 855 2577 non
885 2538 960 2576 erit
986 2551 1065 2577 του
1093 2537 1331 2589 ἀναγκαῖον
1358 2534 1482 2588 εἶναι,
1506 2540 1578 2580 sed

123 2616 200 2642 uon
220 2604 369 2654 poterit
394 2615 471 2642 non
494 2615 583 2641 esse
604 2603 683 2641 τοῦ
706 2598 960 2655 ἐνδέχεσθαι.
1006 2603 1176 2641 Causam
1203 2603 1352 2642 indicat
1370 2617 1426 2643 vs.
1446 2607 1498 2643 36
1517 2617 1576 2656 sq.

72 2664 156 2705 382'
169 2670 220 2705 35
242 2666 322 2707 οὐκ
341 2661 397 2718 ’ἧν
419 2664 709 2723 ἐνδεχόμενον,
731 2667 770 2704 h.
795 2681 830 2707 e.
852 2666 933 2707 οὐκ
951 2660 1007 2718 ἦν
1029 2663 1077 2706 τὸ
1097 2666 1202 2707 αὐτὸ
1222 2668 1283 2721 τῷ
1304 2663 1576 2721 ἐνδεχομένῳ.

73 2731 218 2769 38ι3ἵ
245 2729 272 2782 ἢ
299 2729 340 2780 ἐξ
360 2730 482 2783 α’μφ.,
500 2745 535 2772 v,
559 2744 660 2782 quae
688 2731 895 2770 habuimus
925 2732 1284 2777 30b7—‘9:Anam
1311 2732 1346 2771 si
1367 2733 1577 2782 „conclusio

125 2792 351 2835 necessaria
370 2809 421 2836 ex
439 2796 566 2835 altera
591 2796 865 2848 propositione
885 2795 1073 2849 simplici,
1100 2795 1238 2837 altera
1251 2796 1477 2837 necessaria
1496 2809 1576 2836 non
