1806 3094
682 224 1029 260 PRAEFATIO.
1546 224 1610 259 XV

108 333 276 392 scripta
320 338 365 376 et
407 331 640 375 intellecta
682 345 778 373 esse
811 345 945 387 quam
985 329 1179 374 maxime
1221 328 1277 372 sit
1316 328 1410 372 veri
1450 328 1610 373 simile.

105 414 271 458 Nititur
311 417 463 455 autem
498 410 754 454 Aristotelis
796 410 998 453 recensio
1035 416 1130 452 tum
1171 408 1438 452 auctoritate
1479 408 1609 451 codi-

106 507 222 542 cum,
268 491 426 547 quibus
461 490 552 533 eius
584 489 750 547 scripta
779 488 906 531 nobis
938 494 1200 532 conservata
1231 493 1347 541 sunt,
1389 492 1485 530 tum
1516 487 1610 531 fide

106 577 306 613 veterum
337 570 646 627 interpretum,
682 567 756 623 qui
781 567 854 610 vel
886 567 1005 610 hanc
1033 567 1107 611 vel
1138 567 1264 610 illam
1298 566 1540 610 lectionem
1562 567 1610 611 in

108 649 231 692 libris
257 648 342 691 suis
364 647 584 690 invenisse
610 645 776 688 dicunt.

205 726 439 770 Bekkerus
464 726 510 768 in
527 724 803 768 recensendo
817 723 1004 784 Organo
1026 730 1238 783 quattuor
1257 724 1487 768 codicibus
1506 740 1610 769 usus

106 812 194 861 est,
232 821 421 864 quorum
442 805 638 865 optimos
662 801 738 863 (A
759 810 804 847 et
825 801 895 862 Β)
919 804 1119 864 integros
1141 805 1302 848 iterum
1323 804 1609 859 contulimus„

104 885 286 928 tertium
320 881 422 943 (C)
458 883 534 926 hic
563 883 657 926 illic
688 884 987 942 inspeximus,
1017 890 1067 927 ut
1088 883 1343 927 videremus
1364 898 1471 927 num
1493 898 1611 927 nova

107 964 350 1006 collatione
378 977 492 1022 opus
526 969 641 1005 esset
668 987 733 993 —
766 978 854 1020 qua
881 977 930 1006 re
957 977 1064 1006 vera
1091 977 1206 1022 opus
1241 977 1337 1007 esse
1368 967 1413 1006 et
1443 978 1495 1006 ea
1523 962 1610 1005 do-

106 1042 271 1084 cebunt
303 1056 417 1098 quae
455 1057 480 1083 a
524 1041 735 1084 Bekkero
766 1041 1083 1100 praetermissa
1126 1042 1173 1085 in
1200 1039 1453 1101 Categoriis
1495 1042 1611 1085 infra

105 1119 357 1163 notabimus
402 1125 448 1162 et
486 1134 600 1176 quae
632 1119 833 1163 dabimus
868 1120 925 1163 ad
963 1119 1197 1172 124b103
1243 1121 1482 1174 125b26‚
1523 1121 1610 1172 393

109 1198 316 1243 126a33
339 1214 419 1255 sq„
450 1198 580 1250 b20;
616 1198 785 1243 127a3
810 1198 866 1241 al.
924 1198 1073 1252 Quem
1107 1198 1292 1255 quidem
1329 1199 1532 1242 codicem
1564 1205 1614 1243 ut

104 1292 195 1320 non
223 1258 822 1336 integrumuetractaremus,
841 1283 937 1320 tum
958 1276 1118 1336 copiae
1138 1291 1219 1321 nos
1242 1284 1479 1321 moverunt
1501 1293 1611 1335 quas

105 1356 194 1398 iam
208 1355 389 1398 aliunde
405 1361 685 1414 comparatas
701 1355 995 1409 habebamus,
1012 1361 1108 1399 tum
1125 1356 1344 1415 temporis
1364 1357 1612 1417 angustiae,

105 1447 214 1491 quas
237 1432 296 1475 ad
319 1432 633 1476 describendas
655 1434 806 1492 Pappi
831 1434 1123 1478 collectiones
1152 1434 1496 1480 mathematicas
1527 1436 1613 1480 ad-

104 1511 194 1555 huc
225 1510 419 1554 ineditas
450 1511 654 1555 conferre
689 1512 954 1568 maluimus,
1001 1514 1267 1572 praesertim
1297 1529 1435 1572 quum
1467 1515 1611 1561 codex

102 1590 202 1649 ipse
226 1589 408 1648 reliquis
431 1589 619 1645 duobus,
645 1604 756 1648 quos
775 1590 1011 1634 Bekkerus
1035 1591 1240 1646 contulit,
1266 1593 1405 1653 longe
1425 1594 1611 1639 inferior

103 1669 171 1712 sit.
234 1668 454 1723 Quartum
475 1668 637 1712 librum
663 1683 798 1726 quem
828 1669 1064 1714 Bekkerus
1091 1670 1300 1715 adhibuit
1320 1688 1399 1716 cur
1418 1687 1508 1716 non
1538 1674 1611 1717 in-

104 1748 327 1808 spexerim
356 1747 447 1791 dixi
474 1763 522 1806 p.
547 1749 621 1793 11.
657 1748 832 1791 Novam
861 1755 1009 1792 autem
1029 1747 1162 1808 quam
1186 1751 1457 1796 instituimus
1478 1752 1610 1796 codi-

105 1841 206 1869 cum
231 1824 369 1868 ABC
393 1825 683 1868 collationem
710 1840 800 1869 non
828 1827 1034 1870 inutilem
1055 1828 1195 1872 fuisse
1214 1830 1455 1889 apparebit
1482 1847 1536 1875 ex
1555 1832 1609 1876 iis

104 1919 220 1961 quae
239 1919 265 1946 a
285 1902 499 1946 Bekkero
527 1904 574 1946 in
601 1901 854 1964 categoriis
877 1906 1042 1950 omissa
1062 1905 1139 1950 hic
1160 1907 1480 1954 adscribamus.

306 2009 394 2043 1114
441 2006 543 2048 τινὸς
566 2021 625 2043 om
643 2011 681 2044 A.

305 2064 418 2099 2326
442 2065 505 2099 καὶ
527 2066 620 2112 ζῷον
644 2078 688 2111 pr
713 2078 774 2102 om
798 2070 840 2102 A.

298 2120 421 2155 3b37
445 2118 541 2166 αὕτη
564 2124 639 2156 ΑΒ.

304 2177 393 2213 437
442 2190 481 2222 γε
506 2189 567 2217 om
593 2180 635 2213 B.

373 2235 396 2268 8
443 2234 553 2270 οὐσία
568 2237 674 2270 ABG.

372 2293 415 2326 31
440 2292 655 2337 μετέβαλλεν
678 2294 790 2327 habet
814 2295 857 2336 B,
880 2305 948 2328 non
968 2296 1006 2329 G.

337 2349 414 2382 1121
440 2346 489 2383 τὰ
511 2347 578 2393 μὲν
602 2350 676 2385 BC.
699 2370 745 2375 —
769 2349 899 2392 αὐτοῖς
925 2353 962 2385 C.

372 2406 418 2439 22
441 2403 487 2439 τὰ
513 2405 553 2440 δὲ
577 2407 652 2439 ΑΒ.

371 2462 416 2495 23
442 2459 522 2496 οἷον
546 2463 657 2496 habet
681 2464 723 2496 B.

374 2519 416 2552 31
443 2516 503 2554 ἀεὶ
526 2530 585 2552 om
610 2520 651 2552 B.

303 2575 360 2611 50
376 2576 415 2609 19
441 2570 487 2610 οὗ
511 2578 550 2609 A.

336 2632 393 2666 b8
439 2627 486 2667 ἂν
510 2644 569 2666 om
594 2633 667 2666 Bc.

303 2687 392 2723 627
443 2686 553 2735 αὐτὸ]
578 2688 641 2723 καὶ
665 2685 758 2724 αὐτὸ
783 2701 850 2724 non
873 2691 986 2726 habet
1013 2692 1050 2733 G,
1074 2692 1138 2726 sed
1157 2693 1198 2726 B.

370 2746 411 2778 21
438 2743 524 2780 οὔτε
551 2747 622 2780 BC.

371 2802 415 2835 29
440 2804 472 2835 A
494 2803 622 2837 eadem
645 2803 758 2838 habet
780 2814 872 2848 quae
897 2805 1071 2849 praebent
1090 2805 1162 2839 BC.

336 2857 360 2890 b
375 2858 413 2891 11
438 2857 511 2894 ἔστι
536 2860 607 2894 AC.
