1780 3100
218 178 297 223 420
727 180 982 225 Analytica
1004 182 1184 225 priora.

273 274 459 328 ἀνάγκης
484 275 573 316 τινὶ
608 274 666 327 μὴ
691 275 1290 328 dndpxewh‘quare-deductio
1317 279 1356 317 iu
1385 279 1447 317 his
1472 279 1599 316 locum
1625 279 1695 317 ha-

275 340 383 380 bere.
405 340 555 390 nequit.
608 339 683 378 His
711 342 898 392 expositis
934 341 1080 379 clarum
1108 342 1205 388 erit,
1234 342 1425 392 quomodo
1453 354 1518 379 res
1545 342 1627 391 ipsa
1655 353 1699 378 se

273 402 438 458 habeat:
474 403 619 448 restat,
655 407 698 440 ut
732 403 953 441 Aristotelis
982 403 1098 441 verba
1130 416 1381 454 exponamus.
1435 403 1612 453 Duplex,
1640 403 1699 440 iu-

267 467 371 515 quit,
394 473 531 503 sensu·
561 471 623 503 est
647 466 727 504 τοῦ
754 461 810 516 μὴ
839 462 1080 517 ἐνδέχεσθαι
1107 465 1256 517 μηδενί
1282 467 1391 512 (11110,
1421 466 1584 516 triplex:
1611 476 1700 502 nam

276 529 390 565 ctiam
419 528 469 564 de
507 540 555 565 eo
584 529 686 577 quod
714 524 919 579 ἐνδέχεται
945 527 1026 568 τινὶ
1054 531 1115 567 vel
1144 529 1195 569 οὐ
1216 526 1346 568 παντὶ
1374 528 1576 570 enuntiare
1603 528 1698 564 lice-

275 590 332 628 bit
364 585 412 627 τὸ
449 587 506 639 μὴ
546 587 786 640 ἐνδέχεσθαι
821 591 1010 642 μηδενί);
1049 593 1192 631 dicitur
1231 593 1332 630 enim
1369 596 1409 628 et
1445 591 1494 628 (16
1521 603 1568 627 60
1597 588 1700 638 quod

276 652 500 689 necessario
540 655 786 702 praedicatur
820 656 870 693 de
897 655 1023 705 aliquo
1051 660 1092 692 et
1118 656 1169 693 de
1196 668 1242 700 eo
1270 655 1374 704 quod
1401 652 1622 691 necessario
1650 651 1701 688 de

277 713 406 763 aliquo
433 727 509 752 non
530 716 790 766 praedicatur.
833 718 890 754 Ac
917 717 1011 754 illud
1039 718 1197 766 quidem
1226 717 1373 754 clarum
1400 720 1474 762 est,
1502 715 1579 752 hoc
1607 724 1701 750 vero

279 776 402 824 (quod
430 777 582 815 dicatur
609 779 659 815 (16
685 791 734 816 60
762 779 865 828 quod
903 779 1125 815 necessario
1155 782 1317 827 negetur
1351 778 1402 814 (16
1429 777 1575 825 aliquo)
1610 775 1702 813 inde

277 842 455 888 apparet,
484 840 587 887 quod
621 853 696 877 11011
724 842 884 890 proprie
911 841 1055 878 dicitur
1082 839 1329 890 „praedicari
1357 837 1501 888 posse''
1531 837 1570 875 id
1597 836 1702 886 quod

279 900 499 949 praedicari
530 901 668 938 debet:
708 914 845 950 quare,
873 903 906 940 si
944 903 1037 951 quid
1066 902 1115 939 (16
1141 901 1271 950 aliquo
1299 900 1416 937 debet
1443 912 1517 937 non
1546 899 1702 949 praedi-

279 962 359 999 cari
388 962 495 1005 (11.6.
518 962 551 998 si
571 964 790 1000 necessario
819 976 892 1001 non
923 965 1204 1014 praedicatur),
1233 964 1282 1000 (16
1310 975 1356 1000 60
1384 975 1457 1000 11011
1487 962 1617 1000 licebit
1645 961 1702 998 di-

279 1036 370 1061 cere
397 1020 640 1074 ἐνδέχεσθαι
667 1024 816 1076 μηδενί
843 1032 980 1076 (posse
1007 1030 1155 1064 tautum
1184 1026 1284 1071 fieri,
1314 1030 1356 1063 ut
1382 1025 1632 1076 praedicetur
1651 1021 1702 1060 de

278 1085 428 1133 1111110),
462 1087 531 1124 sed
571 1088 779 1127 dicendum
818 1089 892 1126 erit
919 1087 976 1140 μὴ
1004 1087 1243 1140 ἐνδέχεσθαι
1271 1086 1430 1139 μηδενί,
1456 1088 1556 1124 sicut
1584 1085 1702 1123 etiam

277 1149 317 1186 in
344 1149 390 1186 iis
418 1161 517 1199 quae
535 1149 775 1190 affirmantur
803 1165 950 1202 „posse
978 1152 1027 1190 de
1055 1154 1158 1190 omni
1188 1151 1430 1202 praedicari''
1458 1163 1535 1188 non
1563 1148 1704 1185 dicitur

280 1211 320 1250 id
359 1211 464 1261 quod
491 1215 716 1252 necessario
747 1216 998 1265 praedicatur
1026 1215 1074 1253 de
1102 1216 1243 1265 aliquo.
1297 1214 1482 1265 Argutius
1508 1213 1585 1249 hoc
1613 1209 1703 1249 Ari-

281 1274 446 1312 stoteles
475 1287 590 1324 quam
617 1277 760 1315 verius.
824 1278 910 1316 Non
939 1290 1036 1327 nego
1053 1278 1220 1328 ‘quidem
1249 1277 1380 1314 inesse
1405 1277 1444 1313 in
1470 1275 1547 1312 illis
1575 1271 1704 1310 verbis

280 1336 572 1386 ambiguitatem
601 1351 714 1387 quam
743 1340 980 1378 Aristoteles
1010 1341 1126 1386 dicit,
1156 1340 1242 1389 quis
1271 1345 1413 1385 autem‚
1443 1348 1601 1388 quaeso,
1629 1334 1706 1372 erit

282 1400 347 1448 qui
374 1398 500 1437 altero
527 1412 644 1438 sensu
673 1403 872 1453 accipiat?
914 1402 1010 1451 Quis
1048 1403 1122 1440 erit
1150 1403 1215 1451 qui
1242 1400 1289 1440 τὸ
1316 1402 1357 1439 A
1383 1397 1438 1452 μὴ
1469 1397 1707 1448 ἐνδέχεσθαι

281 1458 430 1512 μηδενὶ
466 1461 525 1514 τῷ
562 1462 598 1500 Β
638 1465 782 1502 dictum
820 1469 934 1514 putet
961 1477 1031 1514 pro
1059 1463 1106 1502 τὸ
1134 1466 1174 1502 A
1202 1462 1241 1512 ἐξ
1267 1463 1453 1514 ἀνάγκης
1487 1461 1543 1513 μὴ
1571 1459 1705 1509 ὑπάρ-

279 1536 367 1575 χειν
387 1521 470 1562 τινὶ
487 1526 545 1574 τῷ
566 1524 635 1563 B?
663 1525 771 1564 Idem
800 1532 909 1564 esset
935 1528 1050 1573 enim,
1078 1528 1111 1564 si
1138 1528 1225 1576 quis
1252 1523 1355 1566 τὸΑ
1382 1525 1439 1577 μὴ
1467 1523 1707 1574 ἐνδέχεσθαι

280 1584 408 1626 παντὶ
433 1589 490 1637 τῷ
518 1586 554 1624 Β
582 1588 635 1624 ita
663 1589 843 1638 accipere
872 1589 976 1635 velit,
1005 1592 1049 1626 ut
1076 1590 1109 1626 A
1137 1590 1187 1627 de
1215 1591 1318 1627 omni
1346 1590 1503 1639 quidem
1533 1588 1561 1624 B
1589 1599 1706 1638 prae-

280 1650 404 1688 dicari
429 1652 610 1698 nequeat,
639 1651 710 1688 sed
737 1652 787 1688 de
815 1651 946 1700 aliquo
975 1651 1004 1687 B
1035 1653 1256 1690 necessario
1285 1653 1543 1702 praedicetur.

229 1713 374 1750 371126
402 1709 533 1762 δῆλον
561 1705 640 1750 οὖν
665 1740 674 1749 .
695 1740 705 1749 .
722 1739 732 1749 .
761 1713 871 1750 Haec
908 1713 1026 1751 verba
1055 1725 1172 1751 sensu
1201 1715 1356 1752 omnino
1384 1714 1573 1751 destituta
1601 1714 1706 1755 sunt,

280 1774 355 1813 nisi
381 1786 438 1812 vs.
466 1775 518 1811 28
553 1773 761 1812 lectionem
802 1777 949 1813 codicis
977 1775 1017 1812 B
1045 1788 1133 1813 cum
1165 1777 1328 1814 Boethio
1355 1775 1536 1825 recipias.
1589 1773 1708 1812 Nam-

282 1849 360 1886 que
381 1837 416 1874 si
443 1849 577 1874 servas
605 1837 816 1875 lectionem
845 1838 1026 1885 Bekkeri‚
1055 1851 1130 1875 11011
1158 1839 1270 1876 video
1298 1839 1390 1887 quid
1418 1839 1481 1883 sit,
1509 1837 1612 1875 unde
1639 1849 1708 1886 ap-

280 1902 420 1949 pareat
454 1911 530 1936 nou
567 1899 643 1936 nisi
679 1899 846 1937 alterum
881 1913 1036 1938 sensum
1077 1903 1154 1939 τοῦ
1191 1897 1249 1951 μὴ
1286 1897 1524 1950 ἐνδέχεσθαι
1557 1898 1710 1936 admitti

283 1972 423 2010 posse:
461 1961 556 2009 quid
592 1966 652 1998 est
679 1961 805 2009 enim,
843 1963 970 2011 quod,
1007 1963 1040 1998 si
1067 1975 1207 2001 seusus
1236 1963 1379 2013 duplex
1408 1969 1491 2008 est,
1531 1963 1629 2000 alter
1656 1960 1710 1999 al-

283 2022 359 2060 teri
395 2022 678 2072 praeferendus
705 2023 786 2060 sit?
825 2023 867 2060 Si
902 2024 995 2073 quid
1029 2025 1251 2074 ambiguum
1290 2030 1352 2062 est
1384 2025 1423 2063 in
1461 2024 1709 2070 deductione,

284 2097 353 2123 cur
387 2097 463 2123 11011
498 2085 618 2125 liceat
654 2085 814 2123 definita
847 2086 1098 2134 ambiguitate
1126 2087 1319 2136 duplicem
1350 2086 1480 2124 facere
1508 2086 1709 2124 deductio-

283 2147 404 2186 nem?
429 2134 653 2184 Hoc³certe
682 2146 903 2185 faciendum
931 2153 1016 2186 erat
1044 2149 1258 2197 Aristoteli,
1283 2154 1329 2187 ut
1358 2149 1634 2187 deductionem
1661 2147 1711 2185 ad

285 2209 498 2248 absurdum
522 2208 609 2246 fieri
636 2221 711 2247 non
738 2222 857 2260 posse
883 2211 1180 2258 demonstraret,
1210 2215 1250 2249 et
1275 2212 1351 2249 hoc
1378 2218 1440 2249 est
1467 2212 1571 2260 quod
1599 2211 1709 2248 fecit.

287 2272 590 2321 Argumentatur
625 2272 726 2309 enim
763 2272 838 2314 hoc
874 2273 1003 2312 modo.
1072 2273 1277 2324 Duplicem
1310 2285 1469 2311 sensum
1507 2274 1627 2312 habet
1662 2271 1711 2312 τὸ

286 2332 344 2385 μὴ
372 2331 613 2384 ἐνδέχεσθαι
639 2332 809 2384 μηδενί,
848 2336 951 2385 quod
980 2337 1013 2373 si
1042 2335 1165 2373 altero
1192 2348 1308 2374 sensu
1337 2336 1539 2384 accipitur,
1567 2335 1613 2373 fit
1639 2336 1711 2373 de-

287 2397 433 2443 ductio,
456 2397 515 2434 sin
535 2401 665 2435 autem
693 2397 828 2445 altero,
855 2410 932 2435 non
960 2399 1026 2436 fit:
1055 2411 1189 2448 quare,
1218 2411 1335 2448 quum
1365 2402 1404 2435 et
1431 2398 1500 2435 fiat
1527 2398 1711 2436 deductio

289 2462 331 2497 et
357 2470 434 2497 11011
460 2458 543 2507 fiat,
571 2460 672 2498 hanc
693 2460 986 2499 demonstrandi
1021 2461 1212 2500 rationem
1238 2461 1314 2499 hoc
1341 2460 1429 2498 loco
1457 2461 1609 2498 admitti
1635 2473 1712 2500 non

288 2533 405 2572 posse
431 2521 676 2573 intelligitur.

240 2585 320 2627 3ἵὸ
333 2585 383 2622 35
410 2582 605 2630 τεθέντος
631 2582 712 2635 γὰρ
734 2613 744 2624 .
767 2613 778 2623 .
802 2614 812 2625 .
842 2586 1131 2636 Explicabimus
1158 2586 1254 2635 hoc,
1290 2597 1341 2624 ne
1373 2585 1460 2635 quis
1488 2598 1559 2635 per
1585 2585 1709 2636 intpp.

290 2646 332 2684 iu
357 2658 530 2685 errorem
558 2648 775 2687 inducatur.
821 2648 921 2698 Quia
948 2650 1145 2688 conclusio
1171 2649 1258 2686 fieri
1286 2648 1417 2697 utique
1444 2648 1608 2686 deberet
1633 2648 1712 2687 τοῦ

289 2704 532 2760 ἐνδέχεσθαι
567 2714 632 2757 (ut
657 2712 775 2750 docet
801 2723 859 2751 vs.
885 2714 980 2761 38),
1010 2713 1042 2751 si
1068 2711 1162 2762 quid
1189 2710 1396 2762 colligitur,
1424 2714 1490 2750 aut
1517 2710 1712 2760 colligitur
