1820 3100
493 239 689 276 Scholia
720 240 767 274 in
797 240 983 286 Analyt.
1011 249 1076 284 pr.
1461 239 1515 279 47

70 337 114 375 τὸ
133 337 180 374 τά
197 340 264 373 ΔΗ
283 336 332 373 τὰ
357 335 457 373 αὐτὰ
484 334 594 373 εἶναι.
641 336 706 374 καὶ
730 335 806 373 ἔστι
830 335 1017 383 γραφικόν
1028 333 1072 373 τὸ
1092 333 1304 384 ἁμάρτημα.
1352 334 1427 372 ἔδει
1442 334 1515 384 γάρ

70 394 156 431 ἀντὶ
175 396 252 430 τῶν
270 395 335 429 ΒΘ
351 391 398 430 τά
414 397 485 429 ΔΗ
493 392 720 441 γεγράφθαι.
767 394 884 429 Marc.

164 449 235 493 „roi
259 447 477 497 πρότερον”,
512 447 571 487 ὅτι
595 447 739 495 ἀνάγκη
755 450 840 496 τρία
853 449 951 493 μόνα
967 447 1062 486 εἶναι
1076 447 1124 485 τὰ
1142 447 1311 494 σχήματα
1322 461 1331 470 ·
1356 449 1419 485 καὶ
1443 448 1514 497 γὰρ
1530 451 1577 484 47
1590 462 1609 484 a

70 507 134 542 καὶ
151 506 220 552 τὴν
237 507 378 553 γένεσιν
405 508 481 543 τῶν
505 507 754 552 συλλογισμῶν
776 504 1023 548 ἀποδιδόντες
1045 506 1131 552 τρία
1150 503 1249 550 μόνα
1277 505 1398 541 ταῦτα
1421 504 1514 542 ἐδεί-
1532 496 1554 529 6

70 576 226 609 κνυμεν,
251 561 343 599 ἀλλὰ
365 563 428 599 καὶ
447 561 517 609 τὴν
545 562 725 610 εὐπορίαν
748 563 824 598 τῶν
846 561 1075 609 προτάσεων.
1125 562 1162 598 εἰ
1179 561 1308 597 τοίνυν
1330 561 1395 597 καὶ
1419 561 1515 598 ἀνα-

69 620 219 661 λύοντες
237 621 289 661 εἰς
312 622 433 655 ταῦτα
456 619 554 665 μόνα
574 618 852 664 ἀναλυομένους
876 616 1047 666 εὕροιμεν
1068 617 1192 664 αὐτὴν
1219 617 1336 666 ἑαυτῇ
1360 618 1515 665 σύμφω-

70 689 148 720 νον,
171 673 372 722 εὑρήσομεν
389 675 458 721 τήν
478 674 673 720 ἀλήθειαν.
720 677 772 711 ld.

158 731 233 778 ἄρα
253 732 303 778 μή
329 729 451 779 ὥσπερ
470 732 508 768 αὶ
525 731 781 778 ἀσυλλόγιστοι
798 728 902 778 παρὰ
927 731 998 777 τὴν
1014 728 1110 776 ὕλην
1128 731 1309 776 συνῆγον,
1334 727 1434 766 οὕτω
1450 729 1515 766 καὶ
1531 732 1574 766 49
1587 733 1610 765 1)

71 788 111 823 αὶ
140 790 409 834 συλλογιστικαὶ
441 789 545 836 παρὰ
570 789 618 825 τὰ
644 791 807 834 στοιχεῖα
835 788 899 823 καὶ
928 785 1027 823 αὐτὰ
1052 784 1122 833 ὕλη
1150 785 1256 823 ὄντα.
1303 784 1467 832 τάληθὲς
1490 783 1515 832 ἢ
1532 779 1576 812 33

70 846 211 889 ψεῦδος
231 847 365 882 τοῦτο·
395 846 458 882 καὶ
482 845 553 893 γὰρ
578 842 649 882 κὸὶν
669 843 775 891 ἕτερα
798 839 825 891 ᾖ
850 844 898 880 τὰ
919 847 1094 890 στοιχεῖα,
1117 843 1160 879 τὸ
1181 842 1275 879 αὐτὸ
1305 842 1517 889 συνάγεται,

69 900 247 948 χρωμεθα
278 902 318 937 δὲ
350 906 429 943 τοῖς
457 904 649 969 στοιχείοις
675 901 739 938 δια
764 900 832 937 τὸν
848 900 1097 946 μανθάνοντα
1113 897 1235 947 ὥσπερ
1255 900 1319 935 καὶ
1338 896 1357 936 ό
1375 900 1518 945 γεωμέ-

70 970 160 1005 τρης
183 961 262 998 τοῖς
288 959 637 1005 καταγραφομένοις
666 958 705 994 ἐν
729 971 780 1005 τῳ
809 956 965 1006 ἀβακίῳ.
1011 959 1065 992 ld.

161 1014 203 1050 τὰ
218 1015 285 1060 μὲν
302 1013 476 1062 δευτερον
496 1016 638 1061 βιβλίον
657 1015 731 1050 τῶν
747 1012 988 1050 Ἀναλυτικῶν
1007 1011 1254 1059 συμβάλλεται
1274 1012 1326 1054 εἰς
1340 1011 1410 1057 τὴν
1430 1013 1518 1048 δια·
1532 1015 1578 1049 52
1590 1014 1612 1046 b

70 1069 240 1114 λεκτικὴν
256 1071 424 1115 μέθοδον
440 1068 561 1118 ω’σπερ
579 1069 621 1106 τὸ
637 1072 787 1118 πρῶτον
806 1071 858 1112 εἰς
874 1070 943 1115 τὴν
963 1067 1242 1114 ἀποδεικτικήν.
1289 1070 1397 1104 Laur-
1533 1060 1579 1094 38

158 1124 343 1162 υπόθεσίν
363 1139 456 1173 φησι
472 1127 541 1172 τὴν
565 1140 715 1174 πρωτην
739 1126 959 1173 εἰλημμένην
981 1125 1165 1174 πρότασιν
1189 1126 1264 1162 εἴτε
1286 1121 1412 1166 ἀπλῶς
1444 1125 1517 1160 εἴτε
1535 1127 1577 1160 63
1593 1138 1615 1160 a

71 1181 136 1218 διὰ
151 1185 407 1228 συλλογισμου
455 1185 508 1218 ld.
1537 1171 1580 1205 15

163 1240 267 1280 ἰδίως
293 1238 451 1285 γράφειν
477 1238 644 1283 ἐλέγοντο
672 1239 708 1275 οἳ
739 1237 777 1275 ἐν
820 1240 1023 1285 γεωμετρίᾳ
1046 1234 1354 1279 ἀποδεικνύντες,
1388 1237 1516 1283 ἐπειδή
1536 1239 1614 1273 658

73 1295 376 1342 καταγράφοντες
395 1293 651 1330 ἀπεδείκνυον.
699 1294 794 1340 λέγει
811 1295 851 1331 δὲ
879 1294 918 1330 ἐν
943 1295 1041 1342 ἀρχῇ
1067 1296 1269 1339 αἰτεῖσθαι,
1297 1293 1363 1329 ἐάν
1387 1307 1443 1335 τις
1460 1292 1518 1330 ὅτι
1534 1285 1557 1318 5

71 1351 302 1398 παράλληλοί
317 1353 408 1388 εἰσιν
429 1348 658 1398 ἀποδεικνύῃ
686 1352 749 1388 διὰ
774 1353 842 1387 τοῦ
863 1353 988 1387 πᾶσαν
1008 1349 1164 1387 εὐθεῖαν
1189 1351 1240 1391 εἰς
1265 1348 1335 1385 δύο
1365 1348 1519 1391 εὐθείας

74 1407 328 1453 ἐμπίπτουσαν
354 1405 422 1448 τὰς
453 1405 559 1448 ἐντὸς
583 1410 720 1453 γωνίας
755 1407 823 1444 δυό
852 1405 987 1455 ὀρθαῖς
1011 1408 1092 1448 ἴσας
1125 1410 1266 1442 ποιεῖν·
1307 1407 1419 1442 τοῦτο
1447 1407 1518 1454 γὰρ

73 1461 168 1500 αὐτὸ
196 1461 246 1499 ἂν
269 1465 446 1509 δειχθείη,
476 1462 519 1499 τὸ
545 1464 612 1499 δύο
639 1462 775 1511 ὀρθαῖς
800 1465 884 1505 ἴσας
910 1462 1007 1499 εἶναι
1021 1462 1090 1505 τὰς
1115 1460 1221 1503 ἐντὸς
1246 1463 1395 1507 γωνίας,
1421 1462 1520 1499 διότι

73 1520 300 1567 παράλληλοί
314 1522 405 1557 εἰσιν
422 1520 461 1555 αἱ
477 1518 637 1557 εὐθεῖαι.
683 1523 737 1556 Id.

163 1574 300 1622 ὁμοίως
319 1577 409 1623 φησὶ
428 1575 475 1612 τά
495 1575 716 1622 ἀποφατικα
732 1575 1023 1624 συμπεράσματα
1038 1571 1135 1611 κατὰ
1159 1574 1229 1619 τὴν
1259 1575 1329 1611 δύο
1345 1574 1440 1622 πρὸς
1453 1574 1520 1611 τὸν
1537 1575 1580 1609 65
1595 1587 1615 1609 a

73 1631 174 1670 gvoe‘
154 1635 289 1678 ομοίαν
305 1631 444 1679 αδηλον
463 1634 583 1679 σχέσιν
604 1634 643 1670 ἐν
660 1633 795 1681 πρώτῳ
817 1634 880 1669 καὶ
907 1634 1040 1680 τρίτῳ,
1073 1628 1150 1667 ἀλλ’
1170 1629 1208 1666 ἐν
1233 1632 1300 1677 μὲν
1315 1633 1368 1681 τῷ
1385 1631 1518 1679 πρώτῳ
1537 1622 1581 1655 33

73 1689 230 1736 σχήματι
255 1691 319 1726 καὶ
347 1690 560 1737 προτάσεως
587 1691 651 1726 καὶ
678 1690 986 1738 συμπεράσματος
1013 1687 1329 1733 ἀντιστραφέντος
1353 1686 1377 1734 ἠ
1408 1690 1523 1731 δεῖξις

72 1748 142 1782 τοῦ
172 1746 212 1782 ἐν
239 1746 333 1794 ἀρχῇ
356 1748 410 1794 τῷ
436 1748 486 1792 μὴ
513 1746 770 1794 ἀντιστρέφειν
800 1745 842 1782 τὸ
866 1745 927 1781 ἐπὶ
953 1745 1089 1792 μέρους
1111 1742 1372 1789 ἀποφατικόν
1406 1746 1521 1780 τοῦτο

72 1800 143 1849 γὰρ
158 1804 267 1848 δηλοῖ
285 1801 328 1839 τὸ
355 1804 444 1847 ,,καὶ
461 1803 530 1848 οὐχ
558 1800 694 1848 ὁμοίως
715 1801 926 1848 ἀμφότεραι
943 1801 984 1838 αὶ
1002 1800 1224 1848 προτάσεις”
1321 1800 1524 1847 προτάσεις

74 1858 170 1905 λέγει
183 1860 253 1895 νῦν
272 1873 320 1894 τα
341 1859 643 1906 συμπεράσματα.
690 1859 746 1893 ld.

166 1916 430 1960 ,,συστοιχίαν”
459 1913 575 1959 εἶπεν,
609 1928 668 1951 οτι
692 1913 754 1950 ἐπὶ
777 1927 854 1949 των
879 1925 1042 1958 συνεχων
1066 1910 1283 1959 προτάσεων
1306 1926 1384 1948 των
1408 1911 1448 1948 ἐν
1471 1913 1524 1959 τῷ
1539 1913 1616 1947 661)

74 1973 300 2018 συλλογισμῳ
324 1968 434 2012 ἄλλος
455 1970 520 2007 υπ’
543 1968 655 2006 αλλον
678 1968 905 2017 λαμβάνεται
930 1968 1049 2014 μέσο.ς
1096 1970 1150 2003 Ῑᾱ.
1539 1959 1583 1992 27

163 2027 331 2063 τουτέστι
353 2041 424 2063 καν
449 2029 619 2072 δοκοῦμεν
649 2026 690 2063 δὲ
715 2025 872 2067 εἰδέναι,
903 2038 972 2070 ουχ
995 2038 1046 2066 ως
1070 2022 1256 2070 αἰσθητὸν
1281 2026 1406 2071 ἴσμεν,
1444 2021 1521 2061 ἀλλ’
1538 2026 1618 2060 671)

75 2082 127 2125 ὥς
147 2083 317 2120 καθόλου
350 2085 402 2130 τῷ
433 2082 694 2129 φαντάζεσθαι
718 2081 812 2118 αὐτὸ
837 2081 901 2117 καὶ
926 2081 1022 2127 ἔχειν
1053 2078 1126 2126 τὴν
1149 2080 1270 2117 αὐτοῦ
1296 2082 1522 2126 φαντασίαν,
1541 2072 1558 2105 l

75 2137 152 2176 ἀλλ’
175 2138 244 2185 οὐχ
267 2139 317 2181 ὥς
340 2140 573 2186 ἐνεργοῦντες
595 2137 644 2175 δι’
668 2137 773 2174 αὐτό.
821 2139 936 2173 Marc.

163 2195 233 2237 τὰς
254 2195 464 2242 ’ὑπολήψεις
491 2194 706 2241 κοινότερον
729 2193 931 2239 ἐπιστήμας
954 2192 1135 2230 ἐκάλεσεν.
1172 2195 1283 2229 Laur-
1477 2194 1521 2228 67
1538 2194 1560 2227 b
1575 2195 1595 2227 3

176 2248 268 2299 ὅπερ
292 2250 376 2298 γάρ,
400 2253 504 2297 φησί,
526 2252 590 2287 καὶ
614 2250 676 2287 ἐπὶ
697 2252 769 2288 τοῦ
785 2250 928 2292 εἰκότος
947 2249 1110 2296 (εἰδότος
1123 2250 1228 2292 fort.)
1253 2246 1321 2294 ἀφ’
1344 2248 1523 2295 ἑκατέρου
1539 2251 1582 2284 67
1596 2249 1618 2282 b

77 2309 322 2354 συλλογισμοῦ
351 2309 441 2352 μίαν
463 2306 644 2354 πρότασιν
665 2307 730 2343 καὶ
754 2306 793 2343 ἐν
824 2307 945 2351 ἑαυτῷ
974 2306 1205 2352 γινώσκοντι,
1240 2303 1311 2349 ὅτι,
1337 2306 1373 2340 εἰ
1395 2303 1524 2350 ἀμφο-
1540 2296 1561 2328 7

78 2364 188 2412 τέρας
212 2363 388 2411 ἑκατέρου
413 2365 525 2409 εἴποι,
550 2363 673 2411 ἑαυτῷ
696 2364 944 2399 ἐναντιοῦται.
991 2365 1108 2398 Marc.

169 2422 274 2457 δοκεῖ
294 2434 390 2465 αυτη
422 2420 582 2467 δευτέρα
613 2421 725 2462 δεῖξις
757 2417 854 2455 εἶναι
876 2432 944 2455 του
972 2417 1103 2463 αὐτοῦ,
1129 2416 1297 2453 τουτέστι
1320 2417 1388 2462 τῆς
1419 2413 1524 2452 ἀντι-
1541 2416 1619 2450 671)

79 2478 244 2524 στροφῆς
266 2478 332 2522 τῆς
355 2479 422 2512 ΒΔ
442 2479 534 2522 (leg.
560 2478 655 2521 BA),
682 2489 750 2511 ουκ
770 2475 845 2512 ἔστι
869 2475 928 2511 δέ·
952 2475 1016 2511 καὶ
1039 2474 1110 2522 γὰρ
1134 2473 1158 2520 ή
1180 2472 1428 2520 προειρημένη
1449 2474 1525 2509 δεῖ·
1541 2462 1586 2495 38

81 2534 136 2576 ξις
163 2533 187 2578 ἢ
219 2532 284 2569 διὰ
316 2534 384 2578 τῆς
415 2531 670 2579 ἀντιστροφῆς
701 2533 771 2578 τῆς
803 2531 1000 2573 ἐλάττονος
1033 2545 1078 2567 ου
1113 2532 1310 2577 προβαίνει
1342 2528 1432 2565 ανευ
1457 2530 1526 2574 τῆς

79 2590 149 2625 τοῦ
173 2590 480 2636 συμπεράσματος
503 2587 768 2635 ἀντιστροφῆς,
799 2589 862 2624 καὶ
888 2585 984 2633 αὕτη
1008 2586 1121 2623 πάλιν
1146 2585 1190 2622 οὐ
1214 2587 1409 2632 προβαίνει
1434 2583 1525 2622 ἄνευ

80 2646 147 2691 τῆς
171 2645 421 2693 ἀντιστροφῆς
442 2647 510 2691 τῆς
533 2645 741 2690 ἐλάττονος,
776 2644 834 2681 διὸ
860 2645 924 2680 καὶ
950 2644 1142 2689 ἐπήγαγεν,
1167 2640 1225 2678 ὅτι
1249 2637 1278 2688 ᾧ
1301 2639 1346 2677 τὸ
1369 2645 1399 2677 Β
1423 2640 1466 2677 τὸ
1494 2644 1531 2676 Γ

81 2699 250 2749 ὑπάρχει
294 2702 437 2748 ἀσαφες
460 2701 502 2738 δέ
526 2702 599 2738 ἐστι
622 2701 665 2738 τὸ
692 2699 806 2748 ῥητὸν
828 2702 892 2736 καὶ
915 2698 1177 2744 ἀκαταλλήλως
1199 2698 1378 2742 κείμενον.
1425 2698 1479 2732 ld.

171 2760 292 2800 καλῶς
322 2758 402 2795 εἷπε
432 2757 654 2805 ,,βούλεται”
665 2768 673 2777 ·
710 2771 730 2794 ο
755 2771 822 2802 μεν
852 2757 924 2804 γὰρ
950 2755 1015 2793 διὰ
1039 2756 1190 2802 σημείου
1214 2752 1450 2799 συλλογισμὸς
1475 2767 1526 2794 ως
1541 2753 1622 2787 7oa

84 2811 327 2862 ἀποδεικτικῇ
348 2813 526 2863 προτάσει
548 2815 722 2863 κέχρηται
742 2812 858 2860 αὐτῷ,
898 2810 967 2850 οὐκ
990 2811 1066 2848 ἔστι
1089 2811 1130 2848 δε
1154 2809 1410 2857 ἀποδεικτική,
1442 2797 1563 2847 οόδ’7
