1826 3112
214 213 294 253 2⁸16
810 213 1105 259 categoriae.
1141 210 1150 242 .“

268 322 390 362 quare
426 310 544 350 etium
578 311 776 350 1042229
802 322 875 361 pro
903 310 1073 362 simplici
1100 309 1306 362 χωριστὸν
1331 310 1476 350 dicitur
1501 308 1560 364 τῷ
1587 309 1700 364 λόγῳ
1735 316 1739 318 “

267 373 486 426 χωριστόν.
540 372 746 422 Quomodo
773 373 929 413 differat
954 372 1002 413 τὸ
1028 373 1234 425 χωριστὸν
1260 376 1308 414 ab
1346 385 1393 413 eo
1426 373 1531 424 quod
1560 373 1701 412 dicitur

269 433 312 485 ἐξ
346 433 631 487 ἀφαιρέσεως,
677 447 714 473 v.
743 435 859 475 Biese
886 437 913 475 1.
939 449 980 487 p.
1007 438 1086 476 448
1112 441 1193 476 not.
1221 439 1259 487 1,
1288 437 1417 476 Ritter
1445 435 1592 474 Gesch.
1630 435 1702 474 der

270 499 367 540 Phil.
395 500 459 538 ΠΙ.
490 513 527 550 p.
552 500 630 536 204
656 501 736 537 not.
765 500 810 537 1:
837 497 916 547 ,,τὰ
942 500 1138 551 χωριστά,
1168 500 1236 538 das
1258 499 1599 548 Uebersinniiche‚
1628 510 1702 537 von

270 564 362 601 dem
389 561 618 600 Sinnlichen
642 561 908 608 Abstrahirte,
934 560 986 602 τὰ
1013 559 1054 611 ἐξ
1081 560 1343 614 ἀφαιρέσεως
1370 575 1401 602 ε.
1429 558 1480 601 τὰ
1507 558 1553 601 έν
1579 559 1703 613 ἀφαι-

271 622 379 677 ρέσει
407 624 523 671 ὄντα,
551 621 768 674 λεγόμενα,
797 624 862 664 die
888 627 1109 666 abstracten
1125 626 1576 676 Erscheinungsweisen,
1603 623 1704 663 wel-

270 688 345 726 che
372 687 488 726 keine
514 687 634 725 Form
664 687 752 725 sind
779 687 859 726 und
888 695 1086 728 worunter
1114 702 1158 728 er
1185 688 1486 741 hauptsiichlich
1516 688 1586 726 das
1614 687 1704 725 Ma-

268 750 532 788 thematisohe
567 747 783 788 versteht''.
837 750 1122 790 Mathematica
1158 753 1276 800 enim,
1315 755 1358 790 ut
1395 763 1497 801 quae
1523 762 1600 788 non
1627 749 1705 788 sint

270 810 424 857 οὐσίαι,
445 824 521 850 non
549 811 732 850 dicuntur
757 812 951 863 χωριστά,
979 827 1107 864 neque
1133 815 1343 864 quidquam
1371 813 1456 851 τῶν
1474 812 1703 862 φθαρτῶνε

270 876 490 920 10591113,
526 876 731 912 10641233.
758 877 835 913 403
852 877 873 913 b
891 878 937 914 14
962 876 1049 915 τῶν
1077 873 1122 915 δὲ
1148 874 1206 927 μὴ
1244 875 1463 926 χωριστῶν
1489 873 1577 926 μέν,
1604 867 1633 925 ᾗ
1661 871 1707 913 δὲ

269 936 328 989 μὴ
347 935 545 977 τοιούτου
567 935 759 986 σώματος
774 936 894 989 πάθη
914 935 985 978 καὶ
1003 936 1045 987 ἐξ
1063 936 1337 989 ἀφαιρέσεως,
1358 937 1382 978 6
1399 936 1705 990 μαθηματικός,

271 993 300 1052 ’ᾗ
329 999 374 1040 δὲ
411 997 716 1050 κεχωρισμένα,
753 997 777 1038 6
816 1001 984 1050 πρῶτος
1021 1001 1281 1052 φιλόσοφος;
1317 1013 1551 1052 quamquam
1587 1011 1707 1039 sensu

270 1063 400 1102 minus
439 1075 580 1113 presso
607 1059 790 1113 χωριστὰ
816 1064 893 1101 (1ῖοί
921 1069 1087 1115 possunt
1114 1063 1166 1104 τὰ
1193 1062 1490 1116 μαθηματικάε
1530 1063 1706 1102 195b33

272 1124 340 1166 διὸ
359 1122 431 1165 καὶ
451 1124 613 1177 χωρίζει
641 1123 686 1171 (ὁ
713 1126 1025 1177 μαθηματικός)
1040 1140 1050 1150 ·
1076 1126 1258 1180 χωριστὰ
1283 1125 1365 1178 γὰρ
1393 1130 1446 1178 τῇ
1473 1125 1618 1177 νοήσει
1643 1138 1706 1164 κι-

271 1187 430 1242 νήσεώς
455 1185 562 1236 ἐστι,
602 1185 673 1228 καὶ
701 1187 827 1229 οὐδὲν
853 1188 1057 1241 διαφέρει,
1088 1189 1188 1232 οὐδὲ
1214 1190 1372 1243 γίνεται
1397 1188 1558 1238 ψεῦδος
1583 1201 1707 1241 χωρι-

272 1252 453 1302 ζόντωυ·
491 1251 761 1292 λανθάνουσι
802 1251 847 1293 δὲ
881 1257 1009 1294 τοῦτο
1047 1257 1268 1302 ποιοῦντες
1304 1251 1375 1294 καὶ
1409 1251 1453 1293 οἱ
1484 1251 1558 1299 τὰς
1594 1250 1709 1298 ἰδέας

271 1315 462 1368 λέγοντες
475 1326 484 1336 ·
512 1313 563 1355 τὰ
587 1314 669 1367 γὰρ
699 1315 861 1368 φυσικὰ
877 1317 1130 1369 χωρίζουσιν
1149 1310 1276 1370 ἦττον
1297 1318 1404 1357 ὄντα
1420 1313 1605 1368 χωριστὰ
1621 1315 1708 1355 τῶν

271 1378 606 1431 μαθηματικῶν,
634 1379 686 1419 cf.
715 1382 928 1422 10401128.
995 1382 1083 1420 Alio
1120 1383 1222 1421 enim
1264 1393 1381 1420 semu
1420 1381 1567 1419 dicitur
1603 1379 1709 1430 quod

272 1457 347 1496 per
383 1456 428 1483 se
460 1441 667 1495 χωριστὸν
693 1446 876 1492 vocatur,
917 1444 994 1483 alio
1021 1444 1061 1482 id
1089 1445 1193 1495 quod
1221 1442 1426 1496 χωριστὸν
1453 1446 1616 1481 vocatur
1640 1453 1710 1481 re-

271 1510 411 1558 spectu
447 1506 582 1545 habito
622 1506 722 1544 alius
761 1506 841 1554 rei,
884 1519 907 1544 a
944 1519 1020 1557 qua
1058 1520 1134 1546 non
1168 1512 1301 1559 potent
1329 1506 1505 1557 seiungit
1533 1506 1605 1544 sed
1632 1504 1710 1542 hoc

274 1581 394 1608 sensu
417 1567 479 1607 vel
498 1568 656 1607 additur
672 1568 955 1618 aliquid,sic=1t
978 1571 1176 1609 1092a19
1203 1567 1385 1621 χωριστὰ
1411 1567 1539 1621 τόπῳ,
1565 1567 1627 1606 vel
1651 1566 1710 1605 di-

273 1632 376 1671 citur
391 1630 689 1682 χωριζόμενον,
703 1643 777 1670 non
798 1630 1015 1683 χωριστόν,
1030 1644 1065 1671 v.
1082 1634 1254 1672 1971133
1271 1632 1448 1683 μάλιστα
1471 1630 1508 1671 δ’
1533 1627 1617 1670 ἐστὶ
1634 1642 1710 1681 χω-

273 1693 495 1746 ριζόμενον
531 1698 596 1742 (es
633 1694 742 1733 stent
776 1695 864 1733 sich
900 1708 962 1733 am
1002 1696 1172 1735 reinsten
1202 1696 1292 1745 dar)
1325 1695 1373 1735 τὸ
1401 1693 1484 1734 ἀπὸ
1510 1693 1637 1746 τύχης
1663 1690 1711 1733 ἐν

272 1759 363 1805 τοῖς
390 1757 517 1809 φύσει
542 1755 797 1808 γινομένοις,
825 1758 877 1797 cf.
908 1759 1118 1799 1036235.

223 1822 319 1861 1b6
346 1819 394 1860 ἓν
421 1819 603 1873 ἀριθμῷ,
632 1820 793 1859 Biesel.
816 1833 857 1871 p.
882 1823 932 1858 51
960 1824 1043 1862 not.
1072 1822 1110 1868 2,
1139 1821 1193 1862 ib.
1221 1835 1262 1873 p.
1292 1823 1346 1860 60
1372 1824 1469 1862 not.·
1480 1822 1520 1869 2,
1547 1819 1710 1859 Aristot-

273 1885 451 1923 999b33
487 1883 535 1924 τὸ
573 1882 654 1936 γὰρ
693 1881 862 1935 ἀριθμῷ
898 1881 946 1923 ἓν
977 1882 1003 1935 ἢ
1031 1883 1079 1924 τὸ
1106 1882 1206 1924 καθ’
1234 1881 1413 1924 ἕκαστον
1448 1881 1583 1935 λέγειν
1619 1881 1710 1922 δια-

275 1944 394 1997 φέρει
422 1945 566 1987 οὐθέν.
609 1944 721 1986 οὕτω
748 1944 830 1998 γὰρ
857 1945 1036 1997 λέγομεν
1061 1943 1109 1987 τὸ
1136 1947 1233 1987 καθ’
1261 1945 1439 1987 ἕκαστον
1465 1945 1512 1986 τὸ
1541 1945 1711 1996 ἀριθμῷ

274 2006 334 2057 ἓν,
354 2010 548 2050 καθόλου
569 2008 614 2049 δὲ
628 2010 682 2049 τὸ
703 2007 770 2049 ἐπὶ
795 2009 973 2049 τούτων.
1005 2011 1138 2048 10161)
1149 2012 1198 2047 31
1226 2007 1278 2048 τὰ
1304 2008 1382 2061 μὲν
1406 2010 1497 2050 κατ’
1526 2006 1713 2058 ἀριθμόν

275 2069 390 2112 ἐστιν
408 2085 470 2118 εν,
492 2070 544 2112 τὰ
565 2070 609 2112 δὲ
632 2071 721 2112 κατ’
745 2066 871 2120 εἶδος,
893 2070 945 2111 τὰ
972 2069 1018 2112 δε
1044 2070 1150 2112 κατὰ
1177 2070 1312 2122 γένος,
1339 2071 1391 2112 τα
1418 2070 1464 2112 δὲ
1489 2072 1581 2112 κατ’
1608 2070 1712 2110 ἀνα-

275 2133 448 2186 λογίαν,
489 2133 657 2188 αριθμῷ
683 2134 762 2186 μὲν
788 2126 850 2175 ὧν
876 2133 905 2188 ἦ
931 2133 1009 2187 ὕλη
1036 2134 1134 2186 μία,
1163 2134 1262 2175 ε’ίδει
1288 2134 1326 2175 δ’
1353 2127 1415 2175 ὧν
1442 2134 1465 2176 6
1491 2134 1616 2187 λόγος
1643 2128 1713 2183 εἷς,

274 2195 385 2249 γένει
421 2197 460 2238 δ’
498 2197 560 2238 ὡν
595 2198 643 2238 τὸ
671 2198 775 2239 αὐτὸ
803 2200 940 2252 σχῆμα
966 2199 1041 2252 τῆς
1067 2198 1334 2251 κατηγορίας,
1362 2200 1453 2239 κατ’
1481 2196 1714 2249 ἀναλογίαν

278 2260 324 2301 δὲ
352 2259 431 2302 ὅσα
458 2257 539 2313 ἔχει
565 2260 622 2309 ὡς
643 2263 744 2303 ἄλλο
771 2262 875 2314 πρὸς
902 2263 1015 2302 ἄλλο.
1062 2265 1212 2301 10339
1238 2261 1408 2315 ἀριθμῳ
1434 2261 1513 2313 μὲν
1539 2260 1710 2309 (ταύτὰ)

279 2337 342 2364 ων
382 2323 570 2376 ὀνόματα
595 2324 745 2373 πλείω,
772 2324 821 2366 τὸ
848 2323 893 2366 δὲ
919 2328 1091 2377 πρᾶγμα
1118 2339 1202 2366 εν
1241 2325 1380 2367 ,εἴδει
1407 2324 1453 2365 δὲ
1479 2323 1559 2365 ὅσα
1584 2323 1711 2365 πλείω

279 2389 384 2428 ὄντα
417 2386 631 2439 ἀδιάφορα
658 2387 764 2430 κατὰ
795 2387 844 2429 τὸ
880 2384 991 2436 εἶδός
1026 2387 1145 2429 ἐστι.
1180 2387 1322 2440 ,γένει
1353 2387 1486 2428 ταύτὰ
1513 2386 1591 2428 ὅσα
1626 2387 1711 2428 ὑπὸ

280 2450 409 2491 ταύτὸ
434 2448 559 2502 γένος
586 2449 710 2495 ἐστίν.
739 2453 794 2493 lb.
820 2455 872 2493 25
900 2451 1023 2493 ειωθε
1050 2451 1095 2492 δὲ
1121 2450 1192 2492 καὶ
1217 2454 1344 2492 τοῦτο
1374 2452 1440 2498 (τὸ
1456 2450 1504 2492 ἓν
1520 2450 1709 2502 ἀριθμῷ)

279 2513 566 2554 ἀποδίδοσθαι
599 2516 863 2568 πλεοναχῶς,
905 2515 1146 2566 κυριώτατα
1180 2513 1258 2566 μὲν
1290 2512 1360 2555 καὶ
1395 2514 1571 2565 πρώτως
1609 2512 1712 2554 ὅταν

280 2576 458 2629 ὀνόματι
489 2576 516 2630 ἢ
545 2576 630 2632 ὅρῳ
655 2578 703 2618 τὸ
730 2579 885 2620 ταύτὸν
911 2579 1112 2631 ἀποδοθῇ
1133 2609 1142 2619 .
1165 2607 1174 2617 .
1194 2606 1204 2616 .
1229 2577 1429 2627 δεύτερον
1456 2577 1494 2618 δ’
1523 2576 1626 2617 ὅταν
1652 2580 1710 2629 τῷ

283 2640 376 2693 ἰδίῳ
477 2641 620 2692 τρίτον
657 2638 696 2681 δ’
730 2640 834 2683 ὅταν
869 2641 952 2683 ἀπὸ
990 2645 1069 2683 τοῦ
1097 2641 1424 2694 συμβεβηκότος.
1489 2641 1711 2693 Opponitur

282 2704 402 2743 etiam
439 2704 486 2744 τὸ
519 2704 633 2758 λόγῳ
669 2704 738 2745 ἔνι
771 2709 948 2747 262820
984 2707 1115 2757 τριῶν
1139 2703 1220 2758 γὰρ
1247 2705 1385 2745 ὄντων
1413 2703 1544 2757 ἀρχῆς
1571 2701 1704 2755 μέσου

281 2767 492 2820 τελευτῆς,
524 2768 572 2810 τὸ
606 2767 738 2821 μέσον
771 2768 877 2822 πρὸς
909 2765 1109 2821 ἑκάτερον
1141 2769 1269 2820 ἄμφω
1303 2764 1410 2818 έστί,
1437 2766 1510 2809 καὶ
1544 2771 1602 2820 τῷ
1628 2766 1707 2819 μὲν
