1734 3100
228 197 307 236 460
745 197 992 243 Aualytion
1020 196 1191 242 ‘px-lora.

228 294 312 333 46⁸
320 295 373 346 31
400 291 589 332 Dedimus
617 289 681 332 ὅτι
707 305 780 345 pro
806 291 831 332 ὅ
856 305 897 333 τι
917 297 1110 348 (quocum⁸
1136 292 1317 334 convenit
1337 292 1472 342 versio
1489 294 1706 336 Boethiana

280 360 322 396 et
347 359 426 395 vet.
446 353 549 407 imp.
578 356 665 397 cod.
693 355 957 404 Gothan.)*et
983 369 1039 396 vs;
1069 359 1119 396 38
1141 354 1467 408 διαιρουμένους
1499 370 1572 410 pro
1599 357 1705 398 διαι-

281 417 484 469 ρούμενοι
511 431 598 457 cum
627 418 741 457 codd.
768 431 848 459 nm.
888 419 1166 459 'Alexandrum
1193 420 1380 460 habuisse
1406 418 1438 460 ’ὅ
1463 433 1504 460 τι
1528 419 1704 461 etorm-

279 478 519 533 ρουμένους
546 492 595 519 ex
623 480 785 519 scholiis
813 485 986 520 constat:
1017 495 1137 532 quare
1164 483 1292 522 locum
1320 483 1603 534 interpretatur
1627 484 1705 523 hoc

278 545 420 583 modo:
447 547 519 591 „et
544 543 778 582 imbecillum
796 545 988 596 quendam
1010 545 1097 583 fieri
1117 558 1139 583 e
1162 545 1415 584 divisionibus
1435 546 1702 597 syllogismum

281 609 323 644 et
351 607 407 644 sic
427 605 516 643 fieri
536 617 655 657 posse
682 606 952 657 syllogismum
981 620 1053 658 per
1080 607 1289 646 divisiones
1317 611 1363 645 ut
1389 607 1567 656 diximus,
1594 609 1709 658 igno-⁴

279 668 459 717 rabant''‚
488 667 593 719 quod
621 667 794 719 ineptum
824 674 904 707 est:
934 676 994 707 est
1022 669 1124 708 enim
1152 682 1261 708 mera
1285 667 1548 720 ταύτολογία.
1578 670 1705 719 Quam

278 731 329 769 ob
356 743 440 769 rem
468 730 557 776 erit,
585 731 737 782 opinor,
766 731 829 769 cui
856 731 1030 769 arrideat
1056 731 1175 769 lectio
1202 730 1512 783 διαιρούμενοι,
1540 745 1640 782 quae
1663 735 1730 771 et-

277 793 515 844 optimorum
543 793 724 832 codicum
761 793 996 830 auctoritate
1016 792 1161 830 ,nititur
1188 797 1229 831 et
1257 806 1413 832 sensum
1440 794 1608 833 habeta
1635 806 1705 832 no-

278 861 362 907 stro
390 856 476 894 loco
504 867 581 894 non
608 855 800 892 alienum:
829 855 972 892 etenim
1001 866 1139 892 sensus
1167 855 1361 895 exit-hic:
1392 860 1466 904 „et
1492 856 1595 906 quod
1623 856 1705 894 col-

278 918 403 970 ligere
432 918 536 965 licet,
565 915 669 966 quod
697 921 788 964 non,
816 916 1058 967 ignorabant,
1087 929 1204 967 quum
1232 918 1455 958 dividebant
1471 922 1577 964 (nam
1598 931 1622 957 e
1645 918 1705 956 di-

279 980 489 1019 visionibus
517 977 610 1028 quid
638 979 689 1016 sit
715 990 779 1015 res
806 978 891 1029 ipsa
919 978 1099 1017 evincere
1125 979 1201 1018 sibi
1231 981 1491 1031 videbantur),
1519 985 1559 1019 et
1579 980 1705 1019 imbe-

278 1043 412 1081 cillum
440 1042 597 1093 quidem
624 1041 717 1079 inde
742 1041 831 1078 fieri
857 1053 977 1092 posse
1005 1042 1272 1092 syllogismum
1301 1041 1567 1083 nesciebant’'.
1621 1042 1706 1081 Ne-

278 1118 357 1155 que
382 1109 513 1143 tumen
540 1104 618 1142 hoc
645 1104 692 1141 ab
721 1103 824 1141 omni
852 1106 963 1153 parte
989 1104 1229 1155 probandum
1258 1111 1340 1144 est:
1368 1118 1456 1145 nam
1476 1118 1553 1146 non
1577 1105 1704 1144 solum

279 1168 617 1223 lectionis2quum
639 1166 902 1205 Alexandrum
930 1166 1117 1206 habuisse
1144 1170 1310 1217 constat,
1337 1169 1461 1207 maior
1487 1172 1549 1208 est
1569 1171 1704 1207 aucto-

278 1231 373 1270 ritas
401 1243 516 1282 quam
545 1230 628 1268 eius
656 1241 769 1279 quam
798 1229 921 1267 nostri
948 1230 1107 1268 codices
1142 1230 1356 1280 praebent,
1377 1230 1466 1270 'sed
1495 1231 1633 1277 etiam,
1670 1229 1706 1267 si

278 1293 395 1331 aliam
424 1292 645 1343 explicandi
671 1285 862 1330 rationem
891 1292 1146 1342 adoptamus,
1186 1305 1324 1332 sensus
1352 1294 1433 1332 exit
1459 1296 1592 1332 nostro
1619 1293 1706 1330 loco

277 1355 394 1407 plane
419 1355 667 1394 conveniens.
722 1353 847 1392 Nemo
884 1354 963 1392 erit
998 1355 1100 1392 enim
1135 1355 1202 1405 qui
1228 1356 1390 1405 dubitet,
1410 1356 1501 1407 quin
1530 1355 1604 1394 sibi
1631 1367 1708 1405 op-

278 1422 472 1471 ponantur
499 1418 595 1456 οὔτε
623 1414 818 1465 ξυνίεσαν
845 1414 909 1456 ὅτι
936 1414 1155 1469 ἐνδέχεται,
1183 1418 1279 1457 οὔτε
1305 1416 1369 1459 ὅτι
1396 1414 1706 1468 οὕτως’ἐνδέχε-

277 1493 358 1520 ται.
398 1479 660 1519 Scribendum
687 1481 764 1519 erit
790 1481 908 1530 igitur
934 1477 998 1519 ὅτι
1024 1493 1095 1531 pro
1122 1478 1147 1520 ὅ
1172 1493 1213 1520 τι
1238 1494 1296 1520 vs.
1324 1484 1389 1528 3⁷,
1415 1486 1459 1521 ut
1486 1481 1590 1532 quod
1618 1480 1707 1519 Ari-

281 1543 445 1583 stoteles
474 1542 577 1581 dicat
604 1542 657 1581 sit
683 1542 785 1581 hoc:
827 1538 904 1590 „et'
924 1543 1070 1593 aliquid
1109 1544 1237 1595 colligi
1275 1556 1396 1594 posse
1422 1544 1611 1581 divisione
1646 1542 1706 1580 fa-

278 1611 340 1645 cta
367 1606 599 1657 ignorabant
625 1610 666 1643 et
693 1606 749 1643 sic
777 1605 905 1655 colligi
931 1617 1050 1655 posse
1075 1609 1121 1643 ut
1148 1605 1357 1652 diximus'’‚
1383 1606 1506 1646 intell.
1525 1618 1599 1655 per
1626 1604 1706 1655 syl-

280 1669 488 1719 logismum
518 1669 710 1719 quendam
738 1667 979 1704 imbecillum
1007 1670 1048 1705 et
1073 1672 1145 1717 per
1173 1668 1399 1717 petitionem
1427 1667 1601 1717 quaesiti.

226 1733 375 1772 46340
411 1730 453 1768 ln
494 1730 722 1780 syllogismo
760 1727 926 1779 simplici
951 1749 1005 1758 ·-
1030 1729 1180 1779 primae
1215 1729 1365 1781 figurae
1391 1730 1535 1778 intell„
1573 1727 1627 1769 δι’
1655 1720 1708 1768 οὗ

281 1792 528 1846 (σχήματος)
558 1790 608 1830 αἴ
629 1804 672 1831 τε
699 1788 928 1839 ἀποδείξεις
955 1788 1001 1829 αἱ
1023 1791 1180 1842 κυρίως
1215 1790 1286 1831 καὶ
1310 1790 1358 1831 τὸ
1385 1790 1511 1831 παντὶ
1536 1789 1608 1833 καὶ
1632 1805 1707 1832 κα-

278 1856 419 1897 θόλου
438 1856 550 1907 ἄλλῳ
569 1855 670 1894 ἄλλο
683 1852 886 1905 ὑπάρχειν
903 1852 1117 1893 δείκνυται
1134 1855 1244 1896 AleX.
1256 1855 1325 1894 fol.
1344 1854 1447 1893 138a
1462 1855 1526 1896 ed.
1543 1855 1641 1894 lunt.
1653 1877 1707 1883 —-

279 1919 434 1958 medius
462 1919 650 1956 terminus
679 1917 857 1967 superari
880 1917 999 1956 debet
1019 1930 1042 1954 a
1058 1917 1205 1956 maiore
1225 1918 1406 1965 termino,
1433 1931 1511 1968 quo
1530 1918 1707 1957 contine-

279 1987 356 2031 tur,
385 1981 455 2019 sed
476 1982 508 2018 si
533 1981 578 2018 fit
589 1979 839 2031 syllogismus
849 1990 921 2029 per
939 1979 1182 2026 divisionem,
1213 1992 1235 2017 a
1255 1980 1385 2018 medio
1400 1985 1610 2030 superatur
1626 1980 1706 2021 ille.

227 2045 350 2083 46b5
386 2035 439 2083 οὗ
473 2042 549 2082 τὸν
575 2041 704 2094 λόγον
731 2039 797 2080 δεῖ
819 2040 984 2091 λαβεῖνι
1019 2053 1108 2080 nam
1137 2042 1204 2092 qui
1228 2055 1276 2081 ex
1303 2043 1391 2092 ipsa
1418 2043 1608 2081 divisione
1635 2042 1706 2080 ali-

280 2107 376 2158 quid
404 2107 604 2158 colligunt,
632 2105 724 2155 quid
751 2104 803 2142 sit
829 2116 895 2142 res
919 2116 1033 2154 quam
1051 2104 1243 2142 terminus
1264 2105 1392 2143 minor
1411 2104 1607 2156 significet
1626 2104 1707 2143 col-

280 2170 403 2220 ligere
431 2170 649 2221 opinantur.
703 2166 834 2215 Quare
862 2166 1013 2205 duobus
1042 2166 1230 2218 exemplis
1258 2166 1382 2205 allatis
1400 2167 1638 2206 demonstrat
1657 2179 1724 2205 ex·

280 2233 368 2284 ipsa
383 2232 571 2270 divisione
585 2243 661 2269 non
673 2229 852 2268 concludi
862 2229 1061 2268 hominem
1073 2242 1161 2268 esse
1174 2230 1316 2268 animal
1326 2231 1492 2268 mortale
1501 2230 1563 2268 vel
1574 2230 1707 2278 etiam,

280 2295 316 2334 si
336 2296 414 2334 hoc
437 2294 692 2340 concedatur,
719 2304 796 2330 non
817 2291 1000 2330 concludi
1017 2291 1216 2331 hominem
1236 2305 1325 2332 esse
1343 2292 1485 2331 animal
1505 2292 1707 2343 pedestre.

228 2359 377 2397 46b20
404 2358 459 2397 Et
487 2357 545 2397 sic
572 2362 731 2406 semper
755 2355 804 2393 iis
823 2351 978 2402 accidit,
1006 2358 1050 2393 ut
1066 2355 1285 2394 dividentes
1304 2354 1477 2394 medium
1496 2353 1706 2393 terminum

281 2421 427 2460 faciant
454 2433 545 2459 eum
574 2418 640 2470 qui
667 2418 834 2456 maxime
861 2417 1091 2456 universalis
1118 2418 1183 2457 sit.

230 2488 380 2527 46b24
406 2484 484 2539 τὴν
511 2486 642 2538 ἄλλην
667 2483 772 2524 ὁδὸν
791 2513 801 2523 .
819 2512 830 2523 .
855 2514 864 2524 .
885 2481 983 2530 ὁδὸς
1019 2484 1060 2523 h.
1090 2485 1113 2524 Ι.
1150 2485 1254 2524 idem
1281 2487 1342 2523 est
1376 2484 1478 2534 quod
1507 2480 1706 2533 μέθοδος,

285 2551 370 2589 sive
405 2551 509 2601 quod
545 2548 719 2600 appellat
753 2560 808 2587 vs,
837 2549 888 2585 36
924 2546 999 2587 τὸν
1029 2546 1189 2599 τρόπον
1225 2548 1297 2600 τῆς
1325 2545 1541 2598 ζητήσεως.
1596 2546 1706 2585 Nihil

281 2613 490 2663 proferunt
526 2610 725 2663 perspicui
761 2611 867 2662 quod
894 2612 1171 2650 necessitatem
1197 2614 1355 2661 arguat:
1403 2610 1548 2649 etenim
1583 2612 1706 2647 totam

282 2676 383 2714 viam
412 2675 557 2714 frustra
582 2676 872 2726 persequuntur
899 2685 1000 2724 quae
1026 2674 1176 2724 reliqua
1203 2678 1265 2713 est
1282 2675 1330 2714 ab
1352 2673 1427 2712 alia
1448 2671 1638 2712 divisione
1656 2669 1707 2710 ad

284 2736 398 2776 aliam
426 2737 748 2789 progredientes,
784 2749 861 2789 qua
886 2736 926 2776 in
951 2749 997 2776 re
1022 2736 1080 2776 ita
1106 2735 1288 2788 occupati
1313 2740 1426 2786 sunt,
1451 2739 1497 2776 ut
1521 2746 1572 2775 ne
1597 2732 1707 2785 cogi-
1733 2759 1734 2762 =
