1734 3100
182 164 261 204 474
684 169 934 213 Analytica
963 169 1129 213 priora.

234 263 453 314 quomodo,
490 265 523 303 si
550 264 724 303 definitio
753 269 884 304 coacta
913 265 985 314 sit,
1023 265 1267 306 inveniantur
1290 268 1576 320 propositiones
1603 282 1651 309 ex

234 325 372 375 quibus
399 327 562 365 collecta
589 327 653 365 sit.
706 327 882 368 Similem
908 341 1020 368 usum
1048 329 1345 381 praepositionis
1371 329 1477 380 πρός
1501 333 1650 371 notavi-

232 399 321 426 mus
347 388 396 426 ad
422 383 586 427 41a39:
622 389 770 429 dicitur
796 391 900 430 enim
928 391 1245 444 συλλογίζεσθαι
1270 392 1377 444 πρός
1401 407 1453 444 τι,
1481 392 1506 434 ὁ
1523 393 1652 436 τοῦδε

230 447 338 500 πρὸς
347 449 442 490 τόδε
453 451 741 503 συλλογισμός,
761 453 813 492 cf.
833 456 884 494 45
896 455 919 493 b
931 458 977 504 53
997 458 1140 495 42a39
1158 455 1284 496 πλείω
1304 457 1390 497 τῶν
1408 456 1650 510 ἀναγκαίων

231 512 418 565 ἠρώτηκε
453 513 558 563 πρὸς
595 513 673 567 τὴν
707 514 840 556 θέσιν.
893 518 959 557 Sic
997 519 1093 558 dicit
1118 521 1264 559 59b19
1300 520 1340 559 in
1375 522 1492 560 tertia
1525 522 1650 572 figura

233 577 334 615 sumi
370 579 656 629 propositiones
689 579 794 630 πρὸς
819 579 867 620 τὸ
895 577 1068 632 ἔσχατον
1094 582 1247 633 ἄκρους
1289 595 1376 622 nam
1404 584 1506 635 quod
1535 598 1649 635 prae-

228 639 385 678 dicatur
409 640 450 679 in
476 641 521 678 iis
550 643 659 693 quasi
686 645 886 683 contendit
908 644 955 682 ad
976 645 1183 684 terminum
1207 646 1409 694 minorem,
1438 647 1489 687 cf.
1506 648 1585 686 791)
1598 649 1648 686 1¹1

229 701 521 755 καταφατικὴν
560 702 641 756 γὰρ
688 704 754 746 δεῖ
786 704 863 758 τὴν
898 706 1003 757 πρὸς
1038 710 1166 748 τοῦτο
1203 707 1398 759 γίνεσθαι
1432 709 1647 760 πρότασιν.

232 767 375 804 159a4
403 770 444 805 et
466 771 490 806 7
527 768 597 806 Iul.
623 768 762 808 Pacius
790 767 1054 821 διαλέγεσθαι
1087 770 1192 821 πρός
1216 785 1256 811 τι
1281 773 1369 823 ipse
1395 773 1514 811 vertit
1538 775 1647 821 „dis-

229 840 364 867 serere
403 830 454 868 de
488 831 615 881 aliqua
652 833 735 871 re''.
798 833 980 871 Ceterum
1031 834 1081 872 de
1125 835 1415 886 praepositione
1450 835 1556 885 πρός
1593 837 1645 878 cf.

227 892 531 933 183a21—26.
579 893 777 932 Sententia
805 900 939 933 nostro
967 895 1054 934 loco
1083 909 1269 947 expressa
1295 898 1392 937 haec
1418 905 1492 937 est.
1532 900 1646 949 Quod

224 954 363 992 attinet
409 955 457 992 ad
495 968 563 994 eas
597 956 929 1002 ratiocinationes,
976 971 1074 1007 quae
1111 959 1344 999 definitionis
1383 962 1646 1002 conficiendae

225 1028 344 1054 causa
371 1017 568 1056 institutae
597 1019 644 1055 ad
672 1024 823 1069 partem
852 1020 1089 1060 definitionis
1118 1018 1184 1069 (ἕν
1208 1035 1249 1062 τι
1274 1023 1359 1062 τῶν
1385 1019 1431 1063 ἐν
1458 1025 1516 1080 τῷ
1538 1020 1645 1079 ὅρῳ)

224 1078 566 1118 demonstrandam
596 1086 819 1121 exstructae
846 1088 961 1130 sunt,
1002 1085 1039 1123 in
1076 1085 1137 1124 his
1173 1099 1248 1125 non
1288 1087 1459 1126 definitio
1493 1089 1645 1139 integra

222 1154 296 1192 pro
323 1144 490 1182 termino
519 1144 705 1182 sumenda
733 1149 807 1190 est,
836 1147 906 1184 sed
934 1159 979 1185 ea
1006 1148 1091 1198 ipsa
1118 1162 1209 1200 pars
1237 1149 1472 1189 definitionis
1499 1152 1549 1190 de
1568 1165 1644 1202 qua

223 1205 449 1245 conclusum
478 1211 564 1244 est:
592 1219 626 1246 v.
646 1220 679 1244 c.
708 1207 741 1245 si
771 1210 856 1258 quis
878 1216 1067 1259 proponat
1083 1212 1347 1250 definitionem
1368 1226 1533 1264 „aquam
1555 1227 1645 1254 esse

221 1267 428 1307 humorem
454 1267 713 1319 potabilem”,
752 1269 953 1319 ἀνάλυσις
978 1274 1031 1311 ita
1057 1274 1236 1321 facienda
1263 1279 1347 1323 est,
1385 1281 1428 1315 ut
1454 1278 1642 1316 terminus

223 1331 347 1370 maior
374 1332 491 1370 modo
519 1332 570 1370 sit
597 1332 791 1380 „humor”
819 1336 937 1375 modo
964 1338 1202 1387 „potabile’'.

277 1434 376 1488 Cap.
405 1436 471 1475 44.
514 1436 581 1475 De
602 1438 850 1478 resolutione
875 1441 1197 1492 syllogismorum
1223 1441 1570 1494 hypotheticorum
1590 1446 1642 1483 29

171 1502 212 1536 et
241 1511 380 1537 eorum
407 1500 477 1551 qui
503 1499 658 1538 ducunt
687 1500 742 1539 ad
768 1504 1021 1555 impossibile.
1054 1506 1105 1542 39
1127 1504 1344 1556 Reliquam
1371 1505 1423 1544 de
1441 1506 1641 1558 'hypothe-

168 1562 264 1600 ticis
291 1562 535 1613 syllogismis
565 1562 882 1615 disputationem
909 1567 953 1604 in
981 1565 1096 1604 aliud
1122 1571 1280 1619 tempus
1308 1567 1456 1620 differt.

169 1647 316 1684 50a21
343 1646 581 1698 Recepimus
609 1651 723 1687 πᾶσα
750 1650 852 1699 quod
881 1654 922 1688 et
949 1651 1182 1700 optimorum
1211 1652 1388 1690 codicum
1409 1654 1641 1693 auctoritate

219 1710 514 1748 commendatur
554 1715 593 1748 et
629 1712 676 1748 ab
712 1712 936 1750 Alexandro
972 1713 1224 1752 confirmatur
1261 1715 1402 1760 (schol.
1432 1717 1637 1762 184b20).

224 1771 341 1821 Quod
368 1772 465 1810 Bkk.
493 1773 602 1811 dedit
627 1772 702 1824 μία
737 1776 992 1813 correctionis
1026 1777 1196 1826 speciem
1224 1777 1344 1816 habet
1369 1778 1456 1819 coll.
1484 1791 1561 1821 vss.
1589 1782 1641 1818 19

225 1840 266 1873 et
292 1837 354 1872 23.
410 1836 453 1874 Si
481 1836 716 1875 Aristoteles
754 1838 976 1888 scripsisset
1010 1837 1083 1888 μία
1121 1852 1177 1877 vs.
1206 1842 1275 1889 21,
1310 1842 1431 1879 oratio
1464 1843 1641 1895 ambigua

223 1902 330 1936 esset
359 1901 466 1943 (nam
497 1896 549 1935 οὐ
576 1897 651 1948 μία
677 1900 782 1938 idem
812 1906 872 1938 est
899 1903 1001 1952 quod
1024 1900 1232 1952 οὐδεμία),
1262 1917 1491 1953 quamquam
1504 1918 1560 1944 vs.
1574 1909 1639 1955 23,

220 1961 286 1998 ubi
314 1961 457 1999 adiecit
483 1960 666 2011 πάντων,
695 1964 792 2001 nihil
819 1965 985 2013 ambigui
1012 1966 1137 2003 inest:
1165 1978 1284 2015 quare
1311 1970 1445 2004 nostro
1470 1967 1558 2006 loco
1577 1969 1638 2007 di-

219 2023 277 2062 xit
304 2022 356 2063 οὐ
382 2026 507 2072 πᾶσα,
539 2026 644 2076 quod
673 2026 790 2064 etiam
821 2039 960 2065 sensus
987 2028 1170 2078 postulat.
1227 2028 1406 2066 Conditio
1433 2030 1528 2068 haec
1555 2035 1639 2070 erat

220 2091 296 2132 (vs.
313 2089 398 2134 19),
425 2094 481 2137 ut,
509 2089 542 2126 si
565 2101 663 2139 quae
682 2088 849 2128 facultas
869 2101 944 2128 non
963 2096 1070 2130 esset
1088 2091 1383 2136 contrariorum,
1412 2104 1545 2131 eorum
1568 2106 1638 2133 ne-

220 2162 297 2200 que
332 2163 407 2188 una
445 2156 553 2190 esset
590 2151 771 2189 scientia:
812 2164 932 2202 quare
958 2154 1024 2203 qui
1050 2154 1125 2192 hoc
1152 2154 1338 2204 colligere
1364 2155 1447 2193 vult
1473 2159 1637 2207 probare

219 2213 341 2251 debet
378 2214 545 2265 aliquam
583 2214 813 2253 facultatem
853 2228 929 2254 non
968 2229 1056 2254 esse
1083 2217 1308 2255 facultatem
1343 2220 1636 2267 contrariorum,

216 2275 256 2314 h.
286 2288 319 2313 e.
361 2289 436 2315 non
475 2289 628 2329 omnem
656 2277 882 2316 facultatem
910 2291 1000 2317 esse
1028 2279 1322 2331 contrariorum.
1375 2280 1635 2322 Restituimus

220 2336 349 2378 οἱονεὶ
376 2341 480 2389 quod
507 2340 663 2379 codices
691 2341 827 2391 optimi
855 2341 1000 2380 habent
1027 2354 1117 2380 cum
1145 2342 1213 2380 lul.
1241 2342 1368 2381 Pacio.
1404 2343 1447 2382 In
1475 2345 1634 2394 reliquis
1706 2370 1708 2372 -

221 2402 312 2440 edd.
341 2403 484 2454 legitur
509 2401 538 2455 ἦ
561 2416 636 2453 pro
664 2401 712 2442 εἰ.
767 2403 848 2441 Gur
875 2406 1146 2456 scripserimus
1174 2403 1326 2452 οἱονεί,
1366 2418 1443 2445 non
1468 2400 1560 2446 οἷον
1585 2406 1633 2458 εἰ,

220 2465 388 2504 diximus
417 2466 465 2504 ad
494 2468 651 2505 34a32.

164 2530 246 2567 5011
258 2530 309 2566 24
338 2529 524 2569 Dedimus
553 2526 823 2569 ἐπιδέδεικται
860 2543 909 2569 ex
937 2531 1092 2581 optimis
1121 2531 1258 2581 codd.‚
1299 2531 1402 2581 quod
1440 2545 1508 2570 cur
1534 2533 1632 2572 Bkk.

214 2592 402 2630 reiecerit
427 2604 503 2631 non
528 2605 741 2643 assequor:
780 2606 949 2643 namque
975 2590 1257 2634 ἐπιδεικνύναι
1282 2606 1358 2632 non
1385 2598 1444 2633 est
1470 2596 1632 2636 demon-

215 2657 355 2702 strare,
384 2655 454 2694 sed
472 2657 603 2707 potius
618 2657 883 2695 ratiocinando
898 2657 1140 2708 patefacere,
1159 2656 1262 2708 quod
1278 2656 1369 2695 huic
1387 2657 1472 2696 loco
1485 2659 1632 2709 optime

217 2717 422 2757 convenit:
447 2708 537 2758 nam
565 2719 681 2759 allato
707 2719 890 2771 exemplo
915 2721 993 2761 τοῦ
1017 2718 1205 2771 ὑγιεινοῦ
1230 2717 1396 2760 καὶτοῦ
1413 2719 1632 2769 νοσώδους
