1838 3086
615 194 871 240 Analytica
899 193 1075 239 pri-ora.
1534 192 1617 236 419

213 294 316 348 Gap.
345 292 411 335 1⁷.
442 292 613 333 Iudicat
649 305 761 346 quae
796 292 931 332 tribus
957 305 1079 345 capp.
1104 291 1372 346 sequentihus
1399 294 1614 346 expositu-

99 372 171 399 rus
199 363 273 398 est.
305 360 356 397 35
384 357 571 397 Termini
590 357 887 411 propositionis
909 356 1120 410 possibilie
1146 357 1376 408 negativae
1403 371 1488 397 non
1517 372 1614 398 con-

99 428 347 470 venantum
373 424 423 460 3⁴1
438 425 498 460 ⁸9
524 435 703 474 namque
744 433 813 460 eos
851 421 1040 460 converte·
1074 433 1129 459 ne
1164 419 1420 461 deductione
1448 422 1618 476 quidem

88 489 219 539 facta
253 486 309 526 ad
347 486 571 525 absurdum
599 485 879 525 demonstrari
902 489 1055 537 potest.
1085 486 1136 522 32
1163 484 1210 523 Ε
1237 485 1344 524 binis
1365 488 1614 539 propositio-

99 551 220 590 nibus
253 550 518 604 possibilibus
555 551 600 588 in
635 548 824 588 secunda
846 550 998 600 figura
1037 560 1119 587 non
1135 550 1197 602 fit
1223 549 1499 602 syllogismus,
1524 551 1615 591 sive

98 615 355 653 universales
380 619 490 661 sunt,
520 614 607 652 b13
636 614 726 652 sive
749 613 1052 665 particulares.

97 678 250 717 36b30
277 677 366 715 Non
395 676 544 715 adiecit
569 677 646 729 τῆς
678 673 725 716 δὲ
753 678 999 729 στερητικῆς
1025 672 1287 728 ἐνδέχεσθαι,
1314 677 1421 717 sicut
1447 680 1613 728 anzo,

151 741 243 792 qnia
281 741 320 779 in
359 741 535 778 secunda
570 741 700 794 figura
739 741 908 780 alteram
935 740 1255 792 propositionem
1282 746 1493 792 negantem
1523 755 1615 783 esse

149 817 224 857 per
251 816 296 842 se
323 804 568 854 intelligitur.

98 870 246 909 36b3l
274 863 351 907 τὸν
389 865 523 907 αὐτὸν
560 865 607 908 δὲ
641 866 817 919 τρόπον.
879 866 982 906 Nam
1012 879 1131 917 quem
1162 866 1296 906 iocum
1323 866 1364 906 iu
1392 867 1474 907 inis
1501 872 1615 909 tenet

148 931 199 972 τὸ
220 929 428 983 ὑπάρχον,
457 935 502 970 ut
529 933 716 982 diximus,
744 945 835 971 eum
863 932 902 970 in
929 932 994 970 his
1020 929 1071 971 τὸ
1098 929 1353 982 ἀναγκαῖον.

98 998 224 1036 37³4
253 997 467 1048 Postquam
490 997 734 1035 deductione
753 996 862 1034 facta
884 995 933 1034 ad
963 995 1180 1033 absurdum
1209 994 1392 1046 probavit
1418 1006 1498 1034 non
1518 1007 1614 1036 con-

149 1060 251 1099 verti
275 1061 465 1098 terminos
486 1061 771 1112 propositionis
792 1058 842 1099 τὸ
863 1060 904 1098 A
925 1056 1137 1111 ἐνδέχεται
1164 1056 1316 1111 μηδενὶ
1341 1061 1400 1109 τῷ
1428 1058 1480 1108 Β,
1508 1059 1616 1099 idem

149 1124 271 1163 etiam
299 1123 376 1162 alia
404 1125 557 1164 ratione
580 1125 841 1163 demonstrat.
886 1124 1046 1163 Etenim
1078 1123 1111 1162 si
1138 1124 1296 1174 quando
1323 1123 1383 1173 fit,
1411 1129 1458 1163 ut
1483 1125 1516 1163 B
1545 1136 1615 1164 ne-

149 1188 324 1227 cessario
358 1194 528 1239 negetur
564 1188 616 1227 de
653 1189 786 1238 aiiquo
823 1188 881 1237 A,
917 1201 995 1226 non
1030 1192 1141 1226 recte
1170 1187 1331 1237 dicitur,
1360 1188 1394 1227 si
1420 1185 1470 1227 τὸ
1498 1184 1615 1228 ἐνδέ-

146 1253 298 1305 χεσθαι
326 1265 447 1291 sensu
473 1253 636 1305 proprio
664 1252 910 1303 accipiatur,
951 1252 982 1290 B
1010 1264 1132 1303 posse
1171 1251 1396 1303 praedicari
1424 1253 1477 1291 de
1505 1253 1614 1292 nullo

147 1317 185 1356 A
225 1317 324 1361 (hoc
362 1320 426 1355 est
461 1318 565 1356 enim
602 1315 709 1367 quod
747 1316 847 1355 dicit
884 1330 943 1357 vs.
972 1318 998 1355 8
1037 1314 1086 1355 τὸ
1115 1313 1153 1355 δ’
1181 1314 1424 1368 ἀναγκαῖον
1450 1314 1533 1357 οὐκ
1559 1310 1615 1369 ἦν

150 1377 481 1431 ἐνδεχόμενον),
519 1380 612 1432 quia
648 1380 757 1431 quod
785 1380 836 1419 de
864 1380 989 1430 nulio,
1018 1380 1059 1419 id
1087 1380 1208 1419 etiam
1237 1381 1289 1420 de
1316 1381 1424 1420 omni
1451 1382 1614 1433 praedi-

147 1446 229 1484 cari
255 1449 401 1497 potest.

94 1510 215 1548 3⁸1a9
243 1505 348 1548 ἀλλὰ
375 1506 463 1560 μὴν
484 1536 493 1546 .
515 1536 524 1547 .
547 1536 558 1548 .
588 1506 770 1558 Namque
807 1513 900 1547 sunt
935 1508 1111 1547 fortasse
1139 1507 1207 1559 qui
1235 1506 1480 1547 deductione
1506 1508 1616 1548 facta

146 1572 196 1610 ad
223 1573 443 1611 absurdum
473 1571 772 1610 conversionem
801 1571 1066 1610 demonstrari
1095 1584 1216 1623 posse
1242 1574 1399 1623 putent.

94 1637 244 1675 3⁷a15
285 1635 339 1675 οὐ
372 1632 456 1687 γὰρ
492 1632 528 1673 εἰ
555 1631 613 1686 μὴ
644 1664 655 1675 .
690 1662 698 1671 .
733 1664 744 1675 .
775 1634 1167 1674 Demonstrationem
1208 1634 1329 1673 modo
1365 1635 1612 1686 propositam

144 1712 204 1741 vs,
234 1701 410 1738 10-14
438 1698 610 1746 refutat,
638 1698 710 1737 ned
741 1711 916 1747 causam,
945 1712 1018 1738 cur
1053 1711 1133 1738 non
1161 1698 1411 1737 admittenda
1440 1699 1507 1747 sit,
1535 1712 1614 1738 non

146 1765 241 1802 satis
262 1764 423 1802 videtur
446 1763 724 1814 perspexisse:
753 1762 861 1800 unde
888 1762 1041 1800 factum
1070 1765 1146 1810 est,
1175 1765 1220 1799 ut
1248 1761 1459 1800 obscurius
1487 1763 1539 1801 de
1567 1775 1615 1802 ea

146 1827 427 1879 disputaverit.
499 1825 679 1864 Diximus
721 1838 842 1876 supra
880 1838 1039 1863 omnem
1077 1825 1156 1863 vim
1193 1823 1448 1863 deductionis
1485 1826 1526 1864 in
1564 1839 1614 1865 eo

144 1891 317 1943 positam
342 1903 447 1937 esse,
471 1895 513 1927 ut
530 1890 636 1941 quod
661 1894 840 1927 sumatur
867 1901 913 1927 re
936 1901 1030 1927 vera
1058 1892 1252 1939 repugnet
1280 1887 1319 1926 ei
1346 1889 1615 1939 propositioni

145 1967 247 2006 quae
274 1953 478 2005 probanda
517 1953 592 1991 sit:
631 1965 767 2003 quare,
806 1953 841 1990 si
869 1952 963 2002 quid
993 1952 1170 2004 ambigui
1200 1952 1306 1990 inest
1332 1951 1374 1990 in
1402 1952 1491 2002 ipsa
1518 1965 1612 2005 pro-

143 2018 344 2071 positione
381 2017 445 2056 vel
483 2015 523 2056 in
560 2029 609 2055 eo
638 2017 744 2067 quod
772 2016 1038 2066 propositioni
1066 2019 1277 2067 repugnet,
1307 2015 1498 2055 deductio
1524 2017 1614 2057 fieri

143 2095 221 2123 non
243 2082 391 2132 poterit
425 2084 481 2126 (v.
501 2093 603 2131 quae
623 2080 796 2118 diximus
818 2080 867 2117 ad
891 2080 1078 2126 331230).
1121 2079 1304 2130 Apparet
1329 2084 1461 2118 autem
1483 2093 1540 2119 vs.
1564 2083 1613 2120 ll

142 2144 193 2185 τὸ
231 2143 477 2195 ἐνδέχεσθαι
509 2140 662 2194 μηδενὶ
690 2156 812 2181 sensu
839 2143 1003 2195 proprio
1031 2143 1141 2194 poni,
1168 2147 1213 2180 ut
1240 2143 1292 2180 sit
1317 2155 1469 2193 „posse
1496 2156 1615 2194 prae·

144 2209 270 2249 dicari
300 2209 351 2246 de
379 2207 537 2246 nulio'':
574 2212 858 2246 convertuntur
890 2207 1013 2258 igitur
1041 2204 1089 2246 τὸ
1118 2202 1366 2257 ἐνδέχεσθαι
1393 2204 1546 2258 μηδενὶ
1573 2213 1615 2247 et

145 2271 195 2312 τὸ
248 2268 494 2324 ἐνδέχεσθαι
529 2268 681 2318 παντί,
727 2274 772 2308 ut
809 2270 1065 2321 quod‘aiteri
1101 2274 1299 2321 repugnet
1337 2270 1459 2308 etiam
1496 2271 1615 2310 alteri

144 2349 369 2388 repugnare
397 2337 555 2374 debeat.
610 2333 690 2373 Iam
717 2336 775 2384 τῷ
804 2330 1051 2386 ἐνδέχεσθαι
1077 2331 1228 2386 μηδενί
1255 2335 1471 2385 opponitur
1496 2333 1546 2375 τὸ
1574 2331 1616 2385 ἐξ

145 2398 337 2452 ἀνάγκης
372 2396 457 2440 τινὶ
481 2395 713 2449 ὑπάρχειν,
750 2397 810 2453 τῷ
840 2395 1089 2451 ἐνδέχεσθαι
1115 2395 1245 2437 παντὶ
1273 2409 1368 2436 vero
1397 2400 1618 2450 opponitur

145 2464 195 2506 τὸ
224 2462 267 2514 ἐξ
294 2463 483 2516 ἀνάγκης
509 2460 594 2503 τινὶ
620 2459 679 2514 μὴ
705 2459 933 2515 ύπάρχεινε
974 2476 1097 2515 quare
1124 2463 1158 2501 si
1186 2459 1236 2502 τὸ
1264 2458 1511 2513 ἐνδέχεσθαι
1536 2477 1614 2517 μη-

144 2527 238 2570 δενὶ
286 2529 553 2569 demonstrari
598 2531 735 2578 potest
770 2541 845 2579 per
885 2527 1190 2574 deductionem,
1254 2526 1417 2565 absurdi
1465 2527 1617 2580 aliquid

144 2595 358 2645 provenire
396 2593 574 2642 debebit,
616 2594 658 2630 et
694 2591 728 2629 si
763 2592 957 2630 sumimus
995 2590 1044 2631 τὸ
1082 2587 1125 2639 ἐξ
1152 2588 1342 2641 ἀνάγκης
1368 2587 1453 2630 τινὶ
1477 2589 1616 2642 ὑπάρ-

143 2669 232 2708 χειν
272 2662 315 2696 et
354 2658 389 2696 si
428 2657 623 2695 sumimus
660 2652 710 2695 τὸ
750 2652 793 2704 ἐξ
828 2654 1017 2707 ἀνάγκης
1058 2651 1144 2694 τινὶ
1183 2651 1241 2706 μὴ
1282 2652 1501 2706 ὑπάρχειν.
1572 2656 1617 2696 Si

144 2720 243 2759 illud
282 2721 500 2770 sumimus,
553 2721 599 2758 fit
643 2719 833 2759 deductio
876 2733 995 2771 quam
1030 2719 1225 2759 habemus
1257 2731 1316 2759 vs.
1347 2721 1545 2769 10—143
1582 2721 1617 2759 si

144 2784 248 2833 hoc,
285 2785 380 2824 nibil
424 2784 589 2824 absurdi
630 2784 885 2835 consequitur
916 2787 993 2829 (vs.
1022 2784 1075 2822 29
1112 2781 1301 2831 τούτου,
1334 2783 1374 2825 h.
1402 2797 1437 2826 e.
1465 2786 1547 2826 τοῦ
1574 2780 1617 2833 ἐξ

1268 2845 1351 2880 27*
