1884 3100
618 192 953 226 ΠΡΟΤΕΡΩΝ
979 194 1019 226 Β.
1464 189 1545 229 24Ϊ

94 289 242 346 αὑτοῦ
262 287 460 353 γνωστὸν
475 288 533 337 δι’
552 288 700 338 αὑτοῦ
715 309 782 348 τις
793 290 986 373 ἐπιχειρῇ
1003 286 1242 346 δεικνύναι,
1260 285 1352 334 τότ’
1363 287 1542 336 αἰτεῖται

89 357 141 406 τὰ
169 357 263 415 ἐξ’
233 362 383 422 αρχῆς.
405 361 543 405 τοῦτο
561 357 600 405 δ’
618 359 704 406 ἔστι
723 359 804 419 μὲν
820 356 942 404 ούτω
961 362 1103 405 ποιεῖν
1121 353 1225 403 ὥστ’
1246 341 1392 412 εύθῦς
1406 353 1437 401 α’
1462 359 1539 401 ²03-

91 439 168 474 σαι
210 424 263 473 τό
315 427 627 486 προκείμενον,
682 426 894 486 ἐνδέχεται
942 426 990 472 δὲ
1041 426 1116 471 καὶ
1167 422 1433 485 μεταβάντας
1464 421 1539 469 ἐπ’

89 492 244 540 αλλα”
215 511 320 540 αττα
332 497 419 540 τῶν
436 493 703 555 πεφυκότων
723 492 779 540 δι’
796 494 967 540 ἐκείνου
986 494 1248 539 δείκνυσθαι
1270 488 1344 538 δια
1364 489 1537 537 τούτων
1551 506 1588 534 40

91 560 402 608 ἀποδεικνύναι
439 558 490 606 τὸ
516 559 562 616 ἐξ
577 559 744 621 ἀρχῆς,
782 557 880 606 οἷον
908 561 948 606 εἰ
973 557 1024 606 τὸ
1054 564 1092 606 Α
1124 558 1321 606 δεικνύοι
1346 556 1420 605 διὰ
1450 562 1535 605 τοῦ
1551 566 1642 610 p.65

90 632 148 684 B,
177 626 230 674 τό
261 629 308 674 δὲ
336 631 374 673 Β
407 625 480 673 διὰ
518 631 602 674 τοῦ
639 631 702 683 Γ,
739 624 790 674 τὸ
819 628 866 674 δὲ
897 630 944 672 Γ
964 625 1170 687 πεφυκὸς
1189 629 1255 690 εἴη
1273 627 1536 673 δείκνυσθαι

88 693 162 742 διὰ
187 698 271 741 τοῦ
303 698 365 740 A·
397 695 628 754 συμβαίνει
657 692 742 756 γὰρ
775 692 886 741 αὐτὰ
915 693 970 741 δι’
1003 693 1151 741 αὑτοῦ
1177 692 1228 740 τὸ
1249 697 1287 747 Α
1306 692 1537 740 δεικνύναι

86 760 195 820 τούς
211 758 331 808 οὕτω
352 762 767 823 συλλογιζομένους.
792 759 902 822 ὅπερ
915 766 1126 808 ποιοῦσιν
1146 762 1190 807 οἱ
1207 759 1286 818 τὰς
1303 760 1536 824 παραλλή-
1587 795 1589 797 -

88 834 199 886 λους
215 828 407 889 οἰόμενοι
427 830 633 890 γράφειν·
671 828 952 876 λανθάνουσι
971 826 1057 891 γάρ
1078 826 1207 875 αὐτοὶ
1229 825 1422 885 ἑαυτοὺς
1439 846 1534 874 τοι-
1550 843 1568 871 ⁵

89 915 207 943 αυτα
237 895 543 957 λαμβάνοντες,
574 893 602 943 ἃ
633 894 720 957 οὐχ
749 893 845 943 οἶόν
870 914 914 943 τε
938 895 1160 952 ἀποδεῖξαι
1183 894 1245 958 μὴ
1269 893 1426 942 ούσων
1448 899 1537 942 τῶν

87 963 397 1025 παραλληλων.
415 962 523 1010 ὥστε
535 965 765 1024 συμβαίνει
783 969 875 1022 τοῖς
886 961 1008 1011 οὕτω
1027 963 1449 1025 συλλογιζομένοις”
1431 963 1535 1009 ε’κα-

89 1043 197 1078 στον
215 1036 324 1077 εἰναι
342 1031 492 1092 λέγειν,
507 1032 580 1077 εἰ”
556 1044 672 1077 εστιν
682 1031 888 1079 ἕκαστον·
911 1029 1032 1079 οὕτω
1051 1030 1090 1078 6’
1103 1029 1222 1078 ἅπαν
1239 1031 1358 1078 ἔσται
1382 1027 1439 1077 δι’
1447 1028 1535 1077 αὑ-

86 1103 171 1145 τοῦ
187 1097 406 1164 γνωστόν·
436 1096 546 1158 οπερ
564 1096 799 1145 αδύνατον.

221 1166 282 1211 Εἰ
320 1165 406 1211 οὐν
443 1183 508 1221 τις
541 1164 721 1227 α’δήλου
752 1164 883 1222 ὄντος
920 1183 990 1211 οτι
1017 1162 1069 1211 τὸ
1101 1168 1140 1210 Α
1169 1162 1358 1225 ὑπάρχει
1388 1167 1451 1246 τῷ
1481 1166 1534 1221 Γ,
1551 1182 1586 1210 10

87 1229 250 1291 ὁμοίως
280 1232 328 1278 δὲ
365 1233 440 1278 καὶ
483 1228 549 1278 ὅτι
588 1236 650 1298 τῷ
674 1236 735 1289 Β,
776 1234 940 1279 αιτοῖτο
976 1235 1042 1296 τῷ
1083 1234 1122 1277 Β
1140 1229 1382 1314 ὑπάρχειν
1402 1228 1455 1277 τὸ
1481 1235 1534 1288 A,

86 1297 214 1346 οὔπω
242 1302 384 1362 δῆλον
408 1300 448 1345 εἰ
483 1297 534 1345 τό
562 1299 606 1346 ἐν
638 1298 750 1360 άρχῇ
780 1301 978 1356 αἰτεῖται,
1008 1278 1108 1344 ἄλλ’
1136 1296 1202 1345 ὅτι
1235 1297 1325 1345 οὐκ
1353 1295 1535 1344 άποδεί-

86 1378 234 1422 κνυσι,
265 1370 430 1429 δῆλον·
465 1364 626 1449 οὐγὰρ
647 1364 759 1429 ἀρχὴ
784 1365 1048 1422 ἀποδείξεως
1076 1363 1130 1412 τό
1161 1364 1329 1427 ὁμοίως
1350 1363 1535 1449 αδηλον.

87 1434 126 1480 εἰ
142 1433 287 1494 μέντοι
308 1432 359 1479 τὸ
379 1437 416 1478 Β
433 1431 546 1493 πρὸς
577 1431 629 1480 τὸ
659 1438 706 1480 Γ
729 1432 871 1491 οὕτως
899 1435 979 1495 ἔχει
1012 1430 1120 1480 ὥστε
1148 1431 1312 1480 ταύτὸν
1342 1438 1472 1489 εἰναι,
1503 1429 1535 1496 ἢ

87 1497 275 1564 δηλον”
247 1519 315 1546 οτι
334 1498 714 1560 άντιστρέφουσιν,
732 1498 763 1564 ἢ
788 1500 973 1562 ὑπάρχει
992 1499 1185 1582 θάτερον
1204 1500 1395 1583 θατέρῳ,
1415 1498 1466 1547 τὸ
1488 1500 1534 1547 ἐν
1549 1517 1583 1545 1⁵

87 1566 200 1629 οἷρχῇ
242 1569 430 1614 αἰτεῖται
487 1568 562 1613 καὶ
589 1587 672 1630 γαρ
707 1566 786 1626 ἄν,
819 1565 887 1615 ὅτι
914 1572 976 1614 τω
1007 1571 1046 1613 Β
1073 1565 1125 1614 τὸ
1157 1572 1195 1614 A
1226 1566 1437 1628 ὑπάρχει,
1475 1565 1532 1614 δι’

86 1635 263 1682 ἐκείνων
292 1633 501 1692 δεικνύοι,
533 1636 572 1682 εἰ
605 1634 895 1717 άντιστρέφοι.
917 1640 1001 1682 νῦν
1023 1636 1070 1682 δε
1088 1640 1224 1682 τοῦτο
1241 1635 1417 1694 κωλύει,
1437 1632 1534 1681 αλλ’

88 1701 175 1763 ούχ
210 1701 236 1749 6
256 1702 437 1761 τρόπος.
472 1704 510 1749 ει
530 1703 577 1748 δε
598 1708 735 1750 τοῦτο
759 1709 894 1759 ποιοῖ,
911 1702 963 1750 τὸ
989 1703 1217 1764 εἰρημένον
1237 1700 1292 1749 ἆν
1312 1708 1438 1749 ποιοῖ
1457 1703 1533 1749 καὶ

88 1767 368 1829 ά-ντιστρέφοι
396 1766 469 1815 διά
498 1787 645 1828 τριων.
677 1769 895 1828 ωσαύτως
917 1772 964 1817 δε
982 1788 1067 1816 καν
1086 1771 1123 1816 εἰ
1143 1768 1195 1817 τό
1220 1774 1258 1816 Β
1277 1774 1339 1836 τῷ
1361 1774 1407 1815 Γ
1419 1773 1533 1831 λαμ-

86 1835 214 1897 βάνοι
237 1835 465 1897 ὑπάρχειν,
506 1835 673 1896 ὁμοιως
702 1836 872 1901 ἄδηλον
901 1835 954 1884 ὂν
982 1839 1055 1883 καὶ
1091 1838 1129 1883 εἰ
1160 1834 1210 1884 τὸ
1238 1840 1289 1892 Α,
1308 1818 1447 1884 οὔπω
1478 1834 1583 1883 {5620

88 1901 136 1959 ἐξ
168 1902 320 1966 ἀρχῆς,
349 1902 445 1950 ἀλλ’
475 1902 563 1950 ουίι
594 1904 922 1952 ἀποδείκνυσιν.
964 1902 1041 1951 ἐαν
1074 1906 1120 1951 δὲ
1155 1903 1324 1952 ταιῖτὸν
1353 1924 1383 1965 ῃ
1411 1902 1463 1951 τὸ
1494 1908 1534 1951 A

85 1973 161 2021 καὶ
196 1975 235 2017 Β
274 1969 308 2034 ἢ
343 1975 405 2034 τῷ
446 1968 744 2033 άντιστρέφειν
778 1970 810 2035 ἢ
851 1977 916 2056 τῷ
947 1972 1133 2019 ἕπεσθαι
1160 1977 1222 2038 τῷ
1252 1975 1291 2018 Β
1322 1970 1374 2018 τὸ
1401 1976 1454 2030 Α,
1482 1969 1534 2019 τὸ

85 2035 133 2093 ἐξ
163 2037 305 2100 ἀρχῆς
333 2039 510 2085 αἰτεῖται
544 2039 619 2087 διὰ
651 2039 732 2104 τὴν
762 2038 903 2103 αὐτὴν
930 2040 1093 2087 αἴτι’·αν
1125 2038 1178 2087 τὸ
1204 2037 1289 2101 γὰρ
1318 2037 1365 2095 ἐξ
1392 2038 1533 2102 ἀρχῆς

85 2106 128 2152 τί
169 2105 376 2161 δύναται,
415 2107 579 2168 εἴρηται
621 2106 750 2172 ἡμῖν,
792 2105 860 2155 ὅτι
887 2105 939 2154 τὸ
971 2105 1026 2154 δι’
1056 2106 1204 2155 αυτοῦ
1231 2106 1456 2155 δεικνύναι
1481 2104 1533 2154 τὸ

86 2170 148 2236 μὴ
166 2172 221 2219 δι’
241 2171 385 2219 αυτοῦ
403 2176 554 2235 δῆλον.
1546 2190 1583 2218 2⁵

222 2241 283 2285 Εἰ
305 2240 389 2286 οὐν
412 2239 501 2286 ἐστὶ
524 2238 576 2286 τὸ
601 2239 687 2287 ἐν’
659 2245 772 2301 αρχῇ
786 2242 1004 2288 αἰτεισθαι
1015 2259 1069 2288 το
1082 2239 1138 2288 δι’
1151 2239 1296 2287 αὑτου
1277 2239 1533 2287 δεικνύναι

86 2303 138 2352 τὰ
165 2304 227 2370 μὴ
256 2305 312 2353 δι’
346 2304 494 2354 αὑτοῦ
514 2310 665 2370 δῆλον,
687 2312 823 2355 τοῦτο
843 2307 882 2355 δ’
904 2309 993 2356 ἐστὶ
1013 2306 1064 2355 τὸ
1082 2306 1143 2372 μὴ
1165 2304 1453 2366 δεικνύναι,“
1426 2325 1532 2354 οταν

178 2469 223 2503 37
242 2465 361 2503 αιῗτοῦ
382 2468 434 2501 bis
454 2470 551 2513 ABn,
578 2481 620 2513 pr
643 2470 678 2502 C.
705 2489 747 2496 —
771 2471 816 2504 40
833 2468 928 2505 ἅττα
942 2483 998 2504 om
1016 2483 1051 2503 π.
1071 2487 1112 2494 -—
1138 2468 1286 2505 ἐκείνων
1304 2470 1416 2512 ΑΒεῙ,
1440 2468 1534 2505 ἐκεί-

86 2526 155 2550 νου
173 2515 247 2548 τῶν
266 2515 303 2556 ἐξ
321 2512 436 2558 ἀρχῆς
450 2527 484 2548 ιι.

175 2559 257 2593 65a1
282 2559 488 2595 δεικνύοιτο
506 2562 610 2603 cums,
632 2558 796 2594 δεικνύοι
813 2558 855 2595 τὸ
880 2562 916 2594 C.
938 2581 975 2586 -
1005 2563 1036 2603 3,
1050 2561 1084 2602 8,
1101 2561 1157 2597 2⁴
1176 2560 1219 2593 ‘25
1232 2572 1318 2604 seqq
1336 2572 1452 2594 αντου
1439 2560 1531 2593 “Am

87 2623 142 2632 —
150 2606 172 2639 5
192 2602 329 2646 αὐτοῦς
346 2606 432 2662 (sic)
452 2618 485 2638 π.
512 2623 550 2629 -
587 2607 626 2639 13
644 2604 715 2650 γάρ
731 2604 827 2640 ἐστιν
847 2603 939 2651 ἀρχὴ
957 2618 991 2638 τι.
1018 2625 1059 2630 —-
1089 2605 1128 2638 14
1145 2601 1180 2648 ἢ]
1201 2605 1279 2648 tls,
1307 2617 1387 2638 corr
1407 2606 1481 2649 Ac,
1506 2602 1532 2649 ἧ

89 2653 210 2693 con-f.
236 2670 279 2678 —
320 2654 358 2707 157
379 2649 614 2707 ἀντιστρέφει
632 2663 675 2684 m.
701 2669 748 2676 —
779 2652 821 2684 18
839 2655 940 2686 ποιεῖ
962 2652 1029 2693 Cu,
1053 2652 1184 2684 σοι-ΓΑ.
1203 2667 1247 2673 -
1279 2651 1426 2697 ποιῇιι,
1451 2663 1532 2685 corr

88 2696 163 2729 Ac.
185 2714 232 2722 —
257 2697 298 2730 19
303 2695 540 2753 ἅντισνρὲφῃ
559 2709 636 2729 corr
659 2697 695 2730 C.
720 2716 765 2722 —
790 2694 840 2736 οὖς
858 2705 938 2729 aute
957 2695 1022 2730 διὰ
1041 2708 1079 2728 rc
1100 2696 1170 2728 add
1193 2696 1254 2729 Cn.
1280 2714 1322 2721 —
1347 2687 1402 2730 20
1418 2696 1462 2739 δη
1449 2697 1532 2732 ’λον

89 2751 130 2784 pr
151 2741 194 2774 B·
207 2761 247 2768 -
272 2740 316 2777 τὸ
337 2756 361 2777 α
379 2743 474 2789 τῷν,
494 2742 601 2778 οὔπω
619 2754 686 2776 mu.
701 2743 798 2777 -21
810 2742 971 2778 αἰτεῖται
985 2748 1068 2786 post
1077 2736 1193 2787 ἆςχῆς
1212 2741 1270 2774 adi
1282 2742 1425 2785 Acyz—
1436 2743 1532 2788 22ριτ

89 2785 158 2832 τῷ]
180 2784 282 2822 τόΰ.
303 2790 649 2834 -τόαρτοωπ,
