1826 3112
299 174 378 212 Im
800 173 1196 208 ΑΝΑΑΤΤΙΚΩΝ

251 290 286 318 so
300 267 405 318 εἶναι
415 267 445 332 ἢ
456 268 721 331 στερητικήν,
736 267 844 314 ἄλλα
861 270 1002 335 καὶτῷ
1012 268 1285 333 ἄναγκαίανῆ
1296 269 1587 331 ὑπάρχουσαν
1595 270 1628 335 ἢ
1637 272 1707 319 ἐν·

299 338 542 398 δεχομένην.
577 335 894 390 ἐπισκέψασθαι
912 337 958 382 δὲ
977 339 1044 382 δεῖ
1060 338 1132 382 καὶ
1154 335 1231 393 τὰς
1253 336 1387 394 ἄλλας
1403 338 1675 399 κατηγορίας.

435 400 637 459 Φανερὸν
666 402 712 446 δὲ
738 402 811 446 καὶ
838 399 983 458 ἅπλῶς
1012 401 1106 448 πότ’
1135 403 1249 448 ἔσται
1272 404 1345 448 καὶ
1373 401 1466 449 πότ’
1493 402 1577 449 οὐκ
1598 404 1712 449 ἔσται

300 466 610 528 συλλογισμός,
645 467 716 511 καὶ
746 465 847 513 πότε
879 466 1064 524 δυνατὸς
1094 470 1166 513 καὶ
1194 467 1295 514 πότε
1325 469 1506 526 τέλειος,
1550 470 1624 514 καὶ
1648 465 1714 514 ὅτι

300 536 601 593 συλλογισμοῦ
633 530 761 589 ὄντος
790 531 1027 595 α’ναγκαῖον
1053 535 1159 594 ἔχειν
1186 533 1292 591 τούς
1320 532 1456 595 ὅρους
1483 534 1591 580 κατά
1617 552 1713 580 τινα

251 618 285 646 35
299 603 384 645 τῶν
407 599 638 659 εἰρημένων
659 597 840 656 τρόπων.

220 676 284 720 25
432 669 583 727 Δῆλον
599 665 645 709 δὲ
664 666 736 709 καὶ
758 662 822 710 ὅτι
841 668 961 710 πᾶσα
990 662 1205 722 ἀπόδειξις
1226 665 1340 711 ἔσται
1363 663 1434 710 διὰ
1452 668 1584 725 τριῶν
1596 662 1714 722 ὅρων

299 731 372 776 καὶ
406 729 464 776 οὐ
496 730 727 788 πλειόνων,
774 729 849 777 ἐὰν
882 728 941 792 μὴ
975 729 1029 776 δι’
1063 730 1206 776 ἄλλων
1238 733 1310 776 καὶ
1345 729 1488 777 ἄλλων
1520 729 1569 776 τὸ
1604 727 1713 776 αὐτὰ

299 797 588 855 συμπέρασμα
607 797 796 858 γίνηται,
831 793 924 841 οἷον
942 794 992 840 τὸ
1018 799 1058 840 Ε
1080 795 1151 841 διά
1176 815 1218 842 τε
1238 801 1326 842 τῶν
1345 800 1419 841 ΑΒ
1440 798 1513 841 καὶ
1536 794 1609 841 διὰ
1625 799 1715 840 τῶν

302 865 395 917 ΓΔ,
430 860 459 924 ἢ
486 860 558 907 διὰ
583 866 671 907 τῶν
691 865 766 906 ΑΒ
799 862 872 906 καὶ
890 865 975 906 ΑΓ
990 863 1062 905 καὶ
1081 865 1184 906 ΒΓ·
1221 863 1351 906 πλείω
1380 860 1462 921 γαρ
1492 861 1602 920 μέσα
1630 864 1716 906 τῶν

250 949 285 976 40
301 926 445 973 αὐτῶν
475 926 607 973 οὐδὲν
638 924 744 972 εἶναι
778 925 950 972 κωλύει.
1006 926 1175 972 τούτων
1203 925 1241 972 δ’
1265 925 1401 972 ὄντων
1422 925 1504 986 οὐχ
1526 923 1585 982 εἷς
1608 922 1717 971 ἄλλα

196 1016 229 1046 p.
240 1003 284 1036 42
299 994 478 1048 πλείους
498 993 606 1037 εἰσὶν
624 993 666 1036 οἱ
685 992 984 1051 συλλογισμοί.Δ
1017 989 1046 1053 ἢ
1063 992 1194 1038 πάλιν
1212 989 1314 1038 ὅταν
1334 992 1532 1051 ἑκάτερον
1548 996 1632 1037 τῶν
1641 994 1716 1037 ΑΒ

300 1056 371 1104 διὰ
395 1061 695 1117 συλλογισμοῦ
727 1061 898 1117 ληφθῇ,
934 1054 1028 1102 οἶον
1061 1055 1110 1103 τὸ
1143 1062 1180 1103 A
1213 1056 1284 1103 διὰ
1316 1062 1405 1103 τῶν
1423 1061 1506 1103 ΛΕ
1536 1059 1610 1103 καὶ
1627 1057 1713 1103 πά-

298 1127 368 1169 λιν
399 1121 449 1169 τὸ
483 1126 520 1168 Β
552 1120 626 1175 διὰ
659 1127 745 1168 τῶν
767 1126 862 1168 ΖΘ.
907 1120 939 1184 ἢ
970 1121 1021 1168 τὰ
1040 1125 1116 1182 μὲν
1136 1125 1335 1184 ἐπαγωγῇ
1367 1122 1416 1169 τὸ
1444 1126 1490 1170 δὲ
1512 1127 1716 1183 συλλογι-

300 1193 407 1253 σμῷ.
450 1186 559 1234 ἀλλὰ
587 1189 660 1233 καὶ
687 1186 828 1244 οὕτως
855 1189 1034 1244 πλείους
1064 1190 1106 1234 οἱ
1138 1191 1441 1250 συλλογισμοί·
1476 1190 1606 1235 πλείω
1635 1186 1716 1249 γὰρ

265 1254 351 1301 5τὰ
379 1253 718 1314 συμπεράσματά
750 1254 884 1309 ἐστιν,
935 1252 1028 1300 οἷον
1059 1254 1108 1300 τό
1137 1273 1179 1301 τε
1201 1259 1238 1300 Α
1268 1257 1341 1300 καὶ
1359 1253 1408 1300 τὸ
1432 1259 1468 1299 Β
1496 1256 1569 1300 καὶ
1590 1252 1642 1300 τὸ
1665 1258 1716 1300 Γ.

301 1323 338 1368 εἰ
360 1320 398 1366 δ’
424 1313 508 1366 οὖν
528 1318 587 1381 μὴ
608 1321 787 1375 πλείους
807 1317 899 1364 ἄλλ’
918 1317 990 1375 εἷς,
1027 1318 1143 1366 οὕτω
1172 1322 1247 1380 μὲν
1280 1321 1487 1380 ἐνδέχεται
1517 1320 1719 1381 γενέσθαι

300 1384 372 1433 διὰ
402 1382 615 1432 πλειόνων
634 1385 685 1432 τὸ
718 1383 829 1430 αὐτὸ
858 1386 1169 1446 συμπέρασμα,
1213 1385 1273 1442 ὥς
1305 1388 1351 1432 δὲ
1383 1384 1433 1432 τὰ
1468 1389 1512 1431 Γ
1533 1383 1607 1432 διὰ
1634 1389 1720 1431 τῶν

300 1456 388 1506 ΑΒ,
424 1451 655 1499 ἀδύνατον.
720 1452 825 1496 ἔστω
853 1449 934 1512 γαρ
969 1450 1019 1497 τὸ
1042 1455 1084 1496 Ε
1118 1452 1529 1511 συμπεπερασμένον
1557 1453 1604 1498 ἐκ
1634 1454 1720 1497 τῶν

299 1522 470 1564 ΑΒΓΔ.
508 1516 680 1563 οὐκοῦν
700 1515 865 1578 ἀνάγκη
883 1535 922 1562 τι
940 1516 1086 1563 αὐτῶν
1106 1516 1214 1563 ἄλλο
1237 1516 1347 1576 πρὸς
1364 1517 1471 1563 ἄλλο
1491 1518 1717 1578 εἰλῆφθαι,

252 1604 286 1631 10
298 1583 349 1630 τὸ
381 1586 458 1643 μὲν
493 1581 554 1639 οἷς
577 1581 684 1629 ὅλον
702 1581 752 1629 τὸ
780 1581 819 1628 δ’
839 1580 901 1639 οἱς
929 1583 1060 1642 μέρος
1075 1600 1084 1609 ·
1117 1588 1251 1630 τοῦτο
1274 1582 1355 1644 γὰρ
1375 1584 1583 1630 δέδεικται
1603 1582 1719 1641 πρό-

299 1668 447 1709 τερον,
483 1647 548 1694 ὅτι
578 1647 705 1704 ὄντος
725 1652 1025 1713 συλλογισμοῦ
1045 1647 1279 1710 ἀναγκαῖον
1312 1647 1454 1705 οὕτως
1473 1647 1591 1704 τινας
1612 1649 1718 1708 ἔχειν

299 1720 386 1762 τῶν
408 1713 534 1773 ὅρων.
562 1715 687 1774 ἐχέτω
708 1714 794 1760 οὐν
810 1712 860 1759 τὸ
877 1718 914 1759 Α
934 1710 1200 1773 οὕτως’πρὸς
1219 1713 1270 1760 τὸ
1293 1719 1341 1760 Β.
1378 1716 1490 1761 ἔστιν
1508 1712 1591 1772 ἄρα
1611 1732 1651 1759 τι
1675 1712 1720 1768 ἐξ

302 1781 448 1827 αὐτῶν
466 1781 766 1839 συμπέρασμα.
802 1778 973 1826 ου’κοῦν
994 1779 1091 1841 ἤτοι
1108 1779 1157 1826 τὸ
1183 1785 1224 1826 Ε
1245 1778 1278 1842 ἢ
1297 1784 1384 1827 τῶν
1398 1785 1479 1826 ΓΔ
1490 1777 1720 1842 θάτερονῆ

301 1845 411 1894 ἄλλο
443 1865 483 1892 τι
516 1845 634 1904 παρὰ
668 1851 818 1892 ταῦτα.
874 1848 948 1892 καὶ
982 1848 1019 1892 εἰ
1050 1848 1127 1905 μὲν
1157 1845 1208 1892 τὸ
1242 1850 1296 1900 Ε,
1333 1847 1380 1892 ἐκ
1410 1850 1500 1892 τῶν
1532 1849 1607 1891 ΑΒ
1639 1844 1720 1904 μό-

253 1933 286 1962 1⁶
301 1931 381 1960 νον
401 1911 455 1958 ἂν
477 1913 544 1974 εἴη
566 1910 591 1957 ὁ
616 1911 921 1971 συλλογισμός,
963 1910 1015 1956 τὰ
1038 1913 1083 1957 δὲ
1109 1916 1191 1957 ΓΔ
1211 1913 1247 1958 εἰ
1267 1913 1343 1970 μὲν
1363 1913 1442 1972 ἔχει
1464 1909 1606 1967 οὕτως
1623 1909 1721 1956 ὥστ’

302 1976 410 2026 εἶναι
433 1976 484 2023 τὸ
504 1979 581 2036 μὲν
597 1976 659 2033 ὦς
682 1975 786 2022 ὅλον
817 1975 867 2022 τὸ
896 1975 934 2022 δ’
962 1975 1021 2033 ὥς
1048 1978 1199 2036 μέρος,
1241 1978 1358 2023 ἔσται
1381 1995 1422 2023 τι
1443 1979 1516 2022 καὶ
1545 1975 1592 2031 ἐξ
1609 1977 1719 2022 ἐκεί-

301 2063 410 2101 νων,
455 2044 528 2089 καὶ
560 2041 657 2105 ἤτοι
685 2041 734 2088 τὸ
770 2045 811 2087 Ε
845 2039 875 2104 ἢ
907 2047 995 2088 τῶν
1027 2047 1101 2088 ΑΒ
1127 2042 1314 2102 θάτερον
1346 2041 1378 2104 ἢ
1399 2042 1507 2088 ἄλλο
1534 2061 1574 2088 τι
1603 2040 1719 2102 παρὰ

300 2115 453 2157 ταῦτα.
473 2109 546 2155 καὶ
577 2110 613 2155 εἰ
632 2109 708 2168 μὲν
724 2106 840 2160 τὰΕ
863 2106 893 2171 ἢ
912 2113 996 2155 τῶν
1014 2113 1087 2154 ΑΒ
1109 2110 1318 2167 θάτερον,
1353 2107 1382 2168 ἢ
1398 2110 1575 2164 πλείους
1596 2108 1721 2154 ἔσον-

301 2195 372 2223 ται
404 2177 446 2222 οἱ
480 2176 784 2236 συλλογισμοί,
827 2172 857 2237 ἢ
903 2173 961 2231 ὥς
995 2175 1203 2235 ἐνεδέχετο
1235 2173 1370 2220 ταύτὸ
1403 2172 1474 2220 διὰ
1507 2173 1721 2220 πλειόνων

252 2241 418 2303 ωὸρων
459 2243 740 2298 περαίνεσθαι
774 2242 1019 2299 συμβαίνει·
1055 2243 1093 2287 εἰ
1124 2240 1163 2286 δ’
1205 2239 1312 2286 ἄλλο
1346 2259 1384 2286 τι
1417 2238 1536 2299 παρὰ
1570 2243 1719 2295 ταῦτα,

301 2309 479 2364 πλείους
513 2308 680 2353 ἔσονται
713 2307 787 2352 καὶ
806 2305 1048 2358 ιῖσύναπτοι
1080 2308 1122 2353 οἱ
1142 2308 1426 2367 συλλογισμοὶ
1444 2303 1557 2366 πρὸς
1578 2303 1716 2368 ιῖλλή-

393 2444 436 2476 30
451 2438 662 2487 στερητικὴν
675 2439 780 2481 εἶναι,
799 2437 889 2474 ἄλλα
900 2442 934 2482 f.
957 2458 998 2465 —
1023 2441 1074 2485 τῷ
1093 2452 1146 2473 om
1164 2453 1196 2473 n.
1220 2458 1265 2464 —
1288 2441 1326 2473 31
1348 2439 1407 2472 δεῖ
1420 2450 1475 2470 orn
1491 2450 1525 2471 n.
1541 2456 1582 2462 —
1607 2438 1650 2471 34
1667 2450 1719 2470 τι-

303 2499 370 2526 νας
390 2499 431 2530 pr
447 2487 478 2520 d.
504 2505 549 2512 —-
572 2487 615 2519 37
629 2483 718 2519 αὐτὸ
737 2497 789 2517 om
805 2487 838 2527 s.
862 2504 905 2510 —
929 2485 971 2518 39
992 2485 1054 2518 καὶ
1074 2497 1119 2526 αγ
1135 2497 1170 2517 rc
1189 2496 1289 2526 supra
1305 2496 1342 2515 vs
1365 2484 1435 2525 Bu,
1462 2494 1515 2514 om
1533 2483 1575 2515 A.
1598 2499 1640 2507 —-
1671 2481 1718 2525 αβ

303 2532 365 2566 καὶ
384 2544 428 2574 αγ
448 2530 509 2564 καὶ
527 2529 589 2564 διὰ
607 2530 679 2563 τῶν
695 2530 739 2573 βγ
760 2542 838 2562 corr
851 2531 893 2563 A.
921 2549 959 2555 —
995 2525 1017 2573 ἢ
1036 2527 1098 2563 διὰ
1124 2530 1195 2563 τῶν
1212 2529 1258 2573 αβ
1273 2527 1335 2562 καὶ
1358 2539 1404 2570 ay
1421 2526 1482 2560 καὶ
1500 2524 1562 2559 διὰ
1583 2525 1656 2559 τῶν
1674 2526 1718 2570 βγ

311 2577 377 2609 Vat
401 2576 471 2608 199.
497 2593 541 2600 -
563 2576 608 2607 40
624 2571 704 2617 οὐχὶ
726 2575 761 2608 C.

391 2618 478 2654 42³2ss
504 2621 533 2653 θ
553 2631 632 2651 corr
655 2631 687 2653 n.
713 2637 756 2643 —
791 2619 811 2651 6
840 2617 1007 2659 γίνεσθαι
1029 2617 1113 2650 Cdn.
1144 2635 1180 2642 —
1211 2617 1231 2650 9
1253 2616 1300 2647 alt
1319 2611 1403 2647 ἄλλο
1431 2625 1472 2656 pr
1498 2624 1552 2645 om
1573 2614 1647 2647 AB.
1673 2632 1714 2639 —

306 2664 349 2698 12
366 2662 449 2708 ἄρα]
470 2664 616 2703 πάντως
632 2664 664 2696 d.
688 2682 733 2690 —
758 2664 799 2697 14
816 2662 878 2707 αβ]
899 2659 966 2696 δύο
982 2674 1014 2694 π.
1038 2680 1080 2686 -
1102 2659 1224 2704 μόνων
1240 2661 1278 2700 G,
1303 2670 1382 2691 corr
1398 2659 1472 2690 vult
1489 2659 1532 2699 A,
1557 2665 1594 2690 ut
1612 2659 1714 2692 vsssl.

302 2726 348 2734 —
361 2709 401 2741 15
420 2706 439 2742 ὁ
460 2720 499 2751 pr
518 2720 573 2741 om
593 2709 625 2742 d.
649 2726 694 2734 —
716 2709 757 2741 21
775 2708 922 2747 πλείους
935 2718 973 2741 τε
990 2706 1133 2741 ἔσονται
1155 2706 1191 2738 G.
1217 2721 1260 2730 —
1283 2703 1318 2738 οὶ
1334 2714 1389 2736 om
1408 2702 1524 2735 ABdu.
