1780 3100
167 205 246 245 384
676 204 928 249 Analytica
951 204 1120 247 priora.

194 307 197 309 ’
222 313 368 354 negans
397 313 639 352 consequens
669 303 731 339 est
759 300 989 340 universalis
1016 299 1194 352 negantis
1221 303 1263 339 et
1288 300 1326 339 in
1355 312 1400 339 ea
1416 299 1646 347 continetur,

220 369 277 413 ut,
306 366 339 403 si
364 365 461 403 haec
488 363 756 414 syllogismum
786 375 860 401 non
890 363 1053 410 efficiat,
1082 363 1146 401 illa
1173 363 1234 401 vel
1262 364 1387 402 minus
1405 364 1566 402 efficere
1585 376 1648 401 va-

220 428 320 466 leat:
349 440 468 477 quare
497 428 529 464 si
558 438 580 463 e
610 426 710 463 binis
739 427 1069 476 propositionibus
1097 427 1391 476 quibuscunque
1418 426 1513 464 nihil
1541 426 1648 464 colli-

221 492 338 542 gitur,
367 501 493 538 neque
518 489 640 525 altera
662 489 713 525 ita
731 493 892 535 mutata,
921 494 962 526 ut
988 502 1037 527 ex
1065 489 1270 526 universali
1299 489 1368 526 fiat
1387 489 1646 539 particularis,

190 564 193 568 ’
222 554 431 603 quidquam
462 552 679 601 colligetur.
697 571 745 579 -
774 549 841 605 Vs.
858 553 904 589 16
933 546 997 590 ὅτι
1016 549 1096 590 τινὶ
1118 550 1195 601 οὐχ
1217 549 1390 602 ὑπάρχει
1411 551 1646 601 iungendum

223 619 284 654 est
322 628 409 653 cum
448 612 700 664 ἀληθεύεται
738 611 793 654 δέ.
834 635 886 643 ——
950 614 1139 652 Scholion
1178 615 1387 652 Alexandri
1423 615 1472 652 ad
1507 626 1563 653 vs.
1600 615 1651 650 19

224 678 370 723 (schol.
402 679 592 721 152b47)
624 678 779 715 brevius
806 677 904 715 fecit
932 677 1111 717 Brandis.
1166 677 1264 715 Nam
1285 678 1332 715 ad
1358 673 1649 727 συλλογιστικὴ

222 744 354 779 mente
374 740 666 791 intelligendum
689 746 751 777 est
774 738 952 791 συζυγία
967 737 1045 791 τὴν
1062 738 1260 779 ἐλάττονα
1274 739 1479 790 πρότασιν
1497 737 1651 790 ἔχουσα

221 800 489 853 ἀποφατικὴν
515 800 620 841 κατὰ
646 799 785 853 μέρος.

170 866 322 905 26b20
350 866 517 904 Codices
556 866 739 904 meliores
779 877 915 903 omnes
950 862 1031 903 κᾶν
1057 860 1105 903 τὸ
1132 863 1322 904 καθόλου
1357 861 1508 915 τεθείη,
1545 862 1652 902 solus

222 929 432 978 Angelicus
460 930 566 978 τεθῇ
596 928 697 978 qnod
732 928 769 964 in
799 932 1023 966 contextum
1055 929 1289 978 recepimus.
1342 927 1520 977 Namque
1547 925 1653 964 modi

224 992 432 1030 verborum
461 992 499 1028 in
528 990 643 1027 codd.
672 990 725 1027 ita
760 990 863 1028 inter
890 1003 932 1028 se
959 991 1265 1041 permiscentur,
1303 994 1348 1028 ut
1384 990 1539 1041 saepius
1576 1000 1654 1027 non

226 1066 372 1104 operae
397 1053 569 1103 pretium
591 1053 641 1089 sit
666 1052 764 1090 haec
781 1058 982 1102 annotare,
1011 1054 1115 1104 quod
1136 1067 1262 1104 neque
1274 1053 1494 1091 Bekkerum
1506 1051 1653 1090 fecisse

223 1116 340 1154 video
363 1128 489 1164 neque
507 1115 593 1166 ipse
614 1127 771 1164 semper
790 1115 889 1153 feci:
919 1128 1038 1165 quare
1059 1116 1160 1166 quod
1173 1117 1288 1154 codd.
1310 1115 1456 1153 habent
1476 1112 1557 1154 κᾶν
1580 1125 1652 1164 pro

225 1176 297 1219 καὶ
325 1176 360 1216 εἰ
388 1179 534 1216 certius
563 1182 626 1215 est
654 1190 768 1226 quam
796 1176 934 1228 τεθείη
961 1190 1032 1229 pro
1059 1180 1175 1230 τεθῇ.
1241 1178 1404 1217 Accedit
1433 1177 1535 1228 quod
1564 1176 1654 1215 Ari-

226 1242 390 1282 stoteles
418 1246 459 1279 et
485 1241 523 1278 in
552 1240 598 1277 iis
628 1253 727 1290 quae
754 1245 1056 1290 praecesserunt
1083 1246 1125 1279 et
1150 1242 1188 1279 in
1215 1241 1264 1278 iis
1294 1253 1393 1291 quae
1421 1242 1653 1289 sequuntur,

225 1306 292 1344 ubi
320 1304 490 1353 singulas
518 1303 808 1352 propositiones
838 1307 1130 1351 commemorat,
1167 1308 1209 1341 ut
1237 1302 1459 1340 consideret
1487 1314 1576 1340 num
1606 1313 1655 1340 ex

225 1369 273 1406 iis
302 1367 554 1418 syllogismus
583 1366 653 1404 fiat
681 1378 815 1414 necne,
846 1367 903 1404 uti
933 1367 1034 1404 solet
1062 1366 1251 1416 particula
1280 1359 1383 1404 ὅταν
1401 1361 1460 1403 vel
1481 1365 1547 1413 ἄν,
1568 1364 1654 1414 qui-

225 1432 299 1470 bus
335 1430 558 1480 adiungitur
595 1429 734 1466 modus
771 1429 1050 1467 coniunctivus.
1117 1427 1302 1466 Occurrit
1340 1428 1458 1466 etiam
1494 1425 1530 1466 εἰ
1566 1439 1656 1466 cum

225 1493 433 1532 indicativo
468 1492 587 1528 27b1
627 1496 667 1528 et
706 1493 778 1538 36,
829 1492 940 1529 cuius
986 1491 1286 1529 constructionis
1331 1491 1405 1528 alia
1452 1491 1549 1529 ratio
1595 1492 1657 1528 est

227 1557 392 1602 271238,
421 1554 581 1599 2812'24,
610 1553 686 1599 bv,
716 1553 781 1591 ubi
809 1554 1027 1603 praecessit
1056 1549 1159 1592 ὅταν
1186 1553 1246 1590 vel
1276 1549 1350 1591 ἐὰν
1378 1565 1464 1590 cum
1493 1552 1655 1591 coniun-

227 1619 344 1667 ctivo,
374 1616 475 1668 quod
505 1615 647 1653 deinde
675 1616 892 1666 explicatur
922 1629 993 1666 per
1011 1615 1046 1655 εἰ
1066 1615 1147 1668 γὰρ
1167 1629 1253 1655 cum
1274 1615 1498 1654 indicativo.
1546 1615 1658 1664 Quae

228 1693 346 1732 quum
384 1680 440 1716 ita
477 1678 568 1724 sint,
605 1675 676 1717 καὶ
711 1676 747 1716 εἰ
783 1691 870 1716 cum
900 1679 1015 1716 modo
1053 1680 1224 1729 optativo
1252 1679 1514 1727 coniunctum,
1553 1676 1657 1727 quod

228 1745 326 1782 Bkk.
354 1742 475 1786 dedit,
504 1745 640 1779 nostro
669 1742 755 1779 loco
784 1753 859 1779 non
886 1741 1094 1780 ferendum
1123 1741 1343 1779 videbatur.

176 1807 324 1847 26b30
352 1804 585 1854 Sylburgius
613 1804 720 1842 dedit
758 1799 1093 1853 ἐπιτελειοῦνται,
1136 1816 1367 1854 quamquam
1396 1802 1511 1841 codd.
1539 1814 1659 1854 prae-

228 1871 323 1910 bent
350 1865 637 1907 ἐπιτελοῦνται
664 1872 705 1906 et
731 1867 771 1906 h.
801 1867 824 1905 l.
863 1872 903 1906 et
931 1870 981 1905 28
993 1871 1060 1915 125,
1089 1868 1222 1912 29b6,
1250 1868 1302 1903 20
1329 1866 1377 1904 al.
1404 1866 1659 1905 τελειοῦνται

228 1933 421 1972 habemus
443 1932 526 1968 29⁸
544 1932 592 1967 16
613 1935 653 1968 et
677 1932 720 1967 31
729 1961 740 1979 ,
764 1931 835 1975 ba,
864 1933 1010 1978 39a23
1038 1929 1352 1970 α’ποτελειοῦται
1380 1930 1491 1967 5761)
1506 1931 1542 1968 ἵ.
1596 1939 1659 1967 τε-

228 1994 334 2035 λεόω
363 1998 403 2032 et
429 1991 594 2031 τελειόω
623 1994 708 2030 sine
735 1993 959 2031 discrimine
995 1998 1207 2043 ponuntur,
1245 2005 1280 2030 v.
1309 1993 1472 2035 752118,
1504 1993 1566 2038 10,
1594 1992 1658 2040 21,

229 2059 411 2102 753210,
428 2057 491 2101 12,
509 2058 570 2103 1⁵1,
601 2068 833 2106 quamquam
862 2054 1010 2095 τελεόω
1039 2057 1159 2105 magis
1186 2055 1343 2093 videtur
1370 2055 1407 2091 in
1436 2067 1509 2092 usu
1534 2053 1660 2092 fuisse

230 2118 434 2161 Aristoteli
457 2122 525 2156 aut
550 2122 658 2155 certe
678 2119 725 2155 iis
745 2119 811 2169 qui
826 2119 938 2157 codd.
962 2119 1270 2169 descripserunt.
1288 2138 1343 2145 ——-
1370 2115 1439 2156 Vs.
1455 2118 1504 2153 32
1520 2115 1659 2167 optimi

233 2184 391 2224 codices
417 2181 632 2219 omiserunt
653 2181 819 2219 alterum
842 2179 903 2228 τό,
933 2182 1037 2233 quod
1059 2194 1145 2220 cum
1160 2181 1256 2218 Bkk.
1275 2180 1527 2226 servavimus,
1565 2179 1669 2229 quia'

231 2247 399 2286 alterum
428 2256 515 2281 cum
545 2247 683 2292 quarto
719 2248 786 2283 aut
823 2244 1029 2282 delendum
1072 2244 1150 2282 erit
1187 2248 1253 2281 aut
1288 2243 1556 2289 retinendum,
1603 2240 1659 2282 ef.

231 2310 346 2348 4221>
363 2310 411 2345 13
438 2299 592 2357 μεταξὺ
620 2304 666 2346 δὲ
692 2306 857 2346 τούτων
876 2306 923 2346 τό
950 2319 993 2346 τε
1021 2302 1148 2356 δριμὺ
1175 2303 1245 2346 καὶ
1271 2302 1319 2345 τὸ
1347 2302 1559 2356 αὐστηρὸν
1586 2300 1658 2343 καὶ

233 2368 453 2423 στρυφνὸν
487 2367 559 2409 καὶ
587 2367 661 2418 ὀξύ
688 2374 728 2408 et
755 2383 854 2420 quae
884 2371 1111 2421 collegimus
1140 2370 1188 2408 ad
1217 2370 1349 2407 3³21.

179 2438 328 2476 26b33
357 2433 557 2485 σχήματα,
585 2433 733 2483 figuras
760 2434 1089 2484 syllogismorum,
1118 2445 1218 2483 quae
1251 2431 1432 2469 dicuntur
1459 2427 1658 2480 (Appule-

230 2502 290 2539 ius
317 2495 564 2547 „formulas”
603 2500 751 2544 vocat),
788 2497 835 2533 ab
863 2496 1080 2535 Aristotele
1115 2494 1326 2546 appellatas
1350 2491 1454 2531 >esse
1484 2492 1552 2530 lul.
1581 2490 1659 2529 Pa-

234 2563 318 2601 cius
347 2566 471 2612 putat‚
500 2560 589 2611 quia
616 2560 752 2608 figuris
779 2560 1027 2609 geometricis
1056 2557 1263 2608 adscriptis
1292 2555 1509 2606 syllogismi
1538 2554 1585 2592 ab
1611 2565 1659 2592 eo

231 2625 417 2663 illustrati
443 2624 533 2663 sint.
589 2622 781 2673 Equidem
811 2621 912 2660 hanc
939 2634 1075 2660 vocem
1103 2632 1177 2659 non
1205 2620 1283 2658 tam
1311 2632 1333 2657 a
1354 2618 1563 2668 geometris
1587 2628 1659 2667 pe-

232 2686 342 2725 titam
371 2699 484 2736 quam
523 2685 573 2723 de
612 2685 700 2736 ipso
740 2684 877 2724 ordine
914 2685 1171 2723 terminorum
1199 2681 1465 2732 accipiendam
1493 2683 1659 2731 putave-

230 2749 326 2799 rim,
361 2762 477 2800 quem
514 2749 651 2802 σχῆμα
686 2747 876 2800 appellari
913 2747 1225 2795 licebitsetiam
1257 2744 1292 2784 si
1329 2744 1379 2783 de
1405 2740 1659 2795 geometricis
