1838 3086
0 0 5 151 ἔ

702 169 1009 215 Catogorlae.
1533 171 1614 213 ³⁰7

149 281 284 310 νατον
311 266 485 315 πλείους
512 261 625 308 εἶναι
653 263 921 315 ἐναντιώσεις
946 265 1024 316 τὰς
1049 266 1231 319 πρώτας.
1271 267 1342 309 Vs.
1372 270 1425 308 16
1453 271 1615 322 scripsi-

149 347 238 373 mus
265 335 469 374 τοιοῦτον
495 333 602 383 quod
632 333 776 372 eodem
803 332 924 372 modo
951 332 1127 384 positum
1155 333 1234 372 fuit
1260 346 1318 374 vs.
1347 335 1387 375 9.

100 399 247 438 10b23
275 395 357 449 γὰρ
378 403 470 438 ante
488 395 537 437 τὸ
556 393 696 438 ποσὸν
717 396 925 436 omisimus
947 401 1044 447 optt.
1058 397 1174 436 codd.
1196 402 1237 437 et
1247 397 1460 437 Boethium
1476 399 1616 438 secuti.

100 464 250 502 10b2‘1
278 462 333 502 Et
370 463 446 501 alia
483 462 652 513 qualitas
691 474 779 500 cum
811 460 888 499 alia
916 466 1149 512 comparata
1176 463 1343 513 gradum
1371 463 1546 502 admittit
1575 467 1616 502 et

153 539 230 567 una
269 527 491 576 eademque
526 539 600 579 per
636 539 681 565 se
719 529 900 576 spectata
939 522 1031 571 (καὶ
1067 523 1172 566 αὐτὸ
1215 523 1261 566 δὲ
1288 539 1347 568 vs,
1375 529 1448 575 28)
1477 527 1614 580 augeri

151 594 291 642 potest
316 594 358 627 et
386 590 521 627 minui.

98 654 248 692 llalo
276 650 511 704 ῥηθήσεται
540 652 667 692 intell.
693 651 909 705 τρίγωνον
935 651 963 705 ἢ
989 652 1159 700 κύκλος.

97 718 245 756 11820
274 715 328 756 οὐ
365 715 433 756 δεῖ
463 715 748 766 ταράττεσθαι
783 718 908 758 intell.
950 718 1010 772 τῷ
1051 717 1194 758 δοκεῖν
1228 717 1277 758 τὸ
1306 716 1413 758 αὐτὸ
1440 717 1549 770 πρός
1575 730 1616 759 τι

148 778 348 833 λέγεσθαι
384 778 457 821 καὶ
483 779 634 821 ποιόντ
673 783 711 821 in
750 787 921 834 utroque
950 784 1056 822 enim
1085 784 1310 822 numeravit
1338 781 1425 831 ἕξιν
1453 788 1495 822 et
1523 781 1614 823 διοί-

147 848 286 895 θεσιν,
316 859 351 884 v.
381 846 507 884 &1127
531 851 573 884 et
592 846 706 884 6112.
732 845 908 886 Verbum
938 845 1161 898 ταράττειν
1188 847 1356 886 eandem
1387 848 1464 886 vim
1493 847 1617 887 habet

150 913 274 950 3³29
302 907 360 963 μὴ
387 907 622 961 ταραττέτω
651 907 698 950 δὲ
724 908 848 963 ἡμᾶς,
878 910 930 950 cf.
960 912 1075 950 2611)
1094 914 1142 949 15
1171 910 1224 951 οὐ
1254 910 1319 951 δεῖ
1345 908 1392 952 δὲ
1421 910 1615 962 ταράττε-

150 977 256 1015 σθαι
293 973 359 1015 ὅτι
394 973 443 1014 τὸ
473 973 578 1015 αὐτὸ
607 973 797 1015 πλείοσιν
825 972 940 1015 ἔσται
967 973 1179 1016 ἐναντίον.
1210 978 1385 1015 114320
1411 975 1616 1029 ταραττό-

149 1052 272 1091 μενοι
298 1037 381 1090 γὰρ
411 1030 540 1091 ἧττον
568 1038 779 1079 δύνανται
807 1039 1103 1091 φυλάττεσθαι
1124 1039 1291 1087 πάντες.
1322 1042 1398 1078 185
1410 1042 1495 1080 b25
1519 1039 1617 1081 ἐθο-

149 1103 372 1155 ρυβοῦντο
411 1102 457 1144 δὲ
494 1102 568 1144 καὶ
603 1102 646 1144 οῖ
671 1102 854 1154 ὕστεροι.
893 1105 953 1144 De
982 1106 1081 1146 coel.
1110 1106 1264 1145 293h9
1293 1101 1428 1144 οὐθὲν
1455 1099 1616 1154 αὐτοὺς

151 1166 218 1207 δεῖ
242 1168 534 1219 θορυβεῖσθαι
562 1166 659 1220 περὶ
684 1168 734 1209 τὸ
762 1172 864 1210 πᾶν.

94 1234 241 1271 11329
269 1232 457 1285 Singulae
495 1230 597 1283 ἕξεις
633 1238 676 1273 et
714 1230 927 1280 διαθέσεις
961 1246 1039 1273 non
1067 1236 1162 1272 sunt
1188 1224 1278 1272 τῶν
1304 1230 1412 1283 πρός
1437 1245 1499 1281 τι,
1539 1234 1617 1273 nisi

149 1302 342 1349 quatenus
372 1310 512 1336 eorum
541 1310 665 1348 genus
693 1298 746 1337 de
773 1299 821 1337 iis
851 1297 1117 1349 praedicatur,
1147 1298 1309 1337 scientia
1338 1297 1390 1336 de
1417 1311 1615 1352 gramma-

146 1362 226 1399 tica
255 1364 298 1399 et
326 1373 427 1411 quae
454 1361 519 1400 his
549 1361 691 1400 similia
721 1367 826 1403 sunt.

96 1427 243 1464 lla3‘1
273 1421 402 1464 οὐδὲν
429 1425 664 1466 ἄτοπον...
689 1427 842 1465 126ὸῖ
871 1421 964 1465 ἔνια
1000 1423 1084 1476 γὰρ
1124 1424 1205 1466 οὐκ
1241 1421 1356 1466 ἔστιν
1392 1423 1452 1473 εἰς
1477 1422 1526 1465 ἓν
1551 1423 1617 1477 γε’-

150 1501 227 1535 νος
254 1491 414 1529 θεῖναι.
456 1491 572 1529 1241)
590 1491 638 1528 15
667 1487 743 1530 ἐὰν
780 1489 818 1530 δ’
856 1485 886 1541 ᾗ
923 1489 1032 1541 πρός
1069 1503 1110 1530 τι
1135 1490 1185 1530 τὸ
1214 1485 1349 1538 εἶδος,
1378 1491 1555 1530 σκοπεῖν
1583 1488 1618 1530 εἰ

146 1551 220 1593 καὶ
255 1552 305 1593 τὸ
343 1551 471 1605 γένος
505 1553 615 1604 πρός
650 1568 759 1594 τι...
786 1553 822 1595 εἰ
862 1551 909 1594 δὲ
944 1554 993 1595 τὸ
1032 1553 1158 1604 γένος
1184 1554 1272 1594 τῶν
1299 1554 1408 1605 πρός
1433 1567 1496 1604 τι,
1538 1553 1620 1594 οὐκ

147 1616 314 1671 ἀνάγκη
340 1616 412 1658 καὶ
431 1617 479 1659 τὸ
504 1613 663 1666 εἶδος..
680 1651 688 1659 .
704 1618 731 1672 ἢ
762 1617 864 1660 οὐδὲ
892 1617 941 1659 τὸ
968 1618 1180 1671 πρότερον
1209 1617 1346 1671 ῥηθὲν
1374 1616 1534 1671 ἀληθὲς
1562 1617 1617 1659 ἂν

148 1681 321 1732 δόξειεν.
360 1682 389 1736 ἦ
426 1681 508 1734 γὰρ
546 1681 673 1736 ἀρετὴ
713 1683 816 1734 ὅπερ
853 1683 988 1723 καλὸν
1024 1682 1096 1724 καὶ
1134 1681 1237 1735 ὅπερ
1267 1683 1463 1735 ἀγαθόν,
1492 1680 1565 1724 καὶ
1590 1681 1619 1736 ἦ

149 1745 227 1799 μὲν
257 1745 385 1799 ἀρετὴ
413 1748 501 1787 τῶν
527 1747 635 1799 πρός
661 1761 728 1797 τι,
765 1747 815 1788 τὸ
845 1747 883 1788 δ’
911 1746 1082 1799 ἀγαθὸν
1108 1747 1182 1787 καὶ
1207 1746 1256 1788 τὸ
1284 1748 1419 1788 καλὸν
1447 1747 1501 1788 οὐ
1528 1748 1617 1788 τῶν

148 1811 255 1864 πρός
282 1825 320 1851 τι
349 1810 455 1852 ἀλλὰ
482 1811 608 1860 ποιά,
639 1826 728 1851 cum
759 1814 902 1864 quibus
933 1813 984 1850 cf.
1018 1814 1154 1851 10963
1170 1814 1222 1851 29
1250 1811 1305 1852 οὐ
1332 1810 1416 1864 γὰρ
1446 1810 1501 1852 ἂν
1528 1809 1618 1853 ἕλε’-

149 1875 234 1928 γετ’
255 1873 303 1917 ἐν
320 1876 475 1924 πάσαις
494 1878 587 1924 ταῖς
606 1875 880 1928 κατηγορίαις
900 1874 968 1923 (τὸ
991 1875 1198 1928 ἀγαθόν),
1217 1875 1308 1916 ἀλλ’
1328 1874 1375 1916 ἐν
1397 1879 1474 1930 μιᾷ
1494 1875 1618 1930 μόνῃ.

204 1999 303 2052 Gap.
330 2000 368 2038 9.
399 1999 565 2039 Facere
605 2003 647 2038 et
681 1999 781 2051 pati
819 2004 861 2038 et
904 2000 1163 2038 contrarium
1201 1998 1364 2052 aliquid
1390 1998 1546 2038 habent
1576 2005 1616 2038 et

93 2064 274 2118 gradum
304 2063 547 2104 admittunt.
577 2067 604 2103 8
626 2062 834 2115 Reliquae
864 2064 1106 2116 categoriae
1134 2068 1421 2113 recensentur,
1453 2063 1615 2111 Iacere,

98 2128 289 2180 Quando,
326 2127 406 2167 Ubi
433 2132 475 2167 et
505 2127 690 2168 Habere.

98 2215 221 2253 lle
250 2212 426 2265 εἴρηται.
455 2212 638 2264 Respicit
665 2211 715 2250 ad
743 2212 805 2252 61)
819 2213 866 2250 11
899 2226 986 2265 sqq.

207 2317 306 2371 Cap.
336 2319 400 2359 10.
433 2317 724 2372 Oppositorum
752 2322 952 2372 quattuor
979 2325 1076 2359 sunt
1105 2331 1278 2372 genera.
1313 2320 1366 2357 24
1397 2318 1518 2368 Quae
1545 2334 1618 2374 op-

95 2384 236 2437 posita
275 2388 372 2422 sunt
411 2389 458 2422 ut
494 2381 547 2422 τὰ
574 2380 683 2432 πρός
708 2394 749 2422 τι
784 2384 1021 2422 necessario
1062 2383 1120 2422 ad
1146 2397 1192 2421 se
1220 2383 1398 2422 invicem
1425 2385 1616 2435 referun—

98 2454 189 2487 tur:
219 2450 270 2486 33
309 2460 392 2486 non
427 2448 492 2486 ita
529 2460 639 2500 qnae
679 2447 896 2486 contraria
932 2452 1051 2495 sunt,
1096 2459 1270 2500 quorum
1307 2447 1396 2486 alia
1434 2447 1618 2488 medium

98 2511 261 2565 aliquid
298 2512 452 2551 habent
494 2512 606 2550 inter
642 2523 713 2559 se,
754 2511 843 2550 alia
878 2524 963 2550 non
1001 2511 1167 2550 habent.
1242 2512 1394 2549 12a26
1433 2510 1622 2551 Habitus

99 2573 220 2625 (ἕξις)
264 2581 306 2615 et
339 2576 528 2629 privatio
566 2587 649 2614 non
687 2574 886 2615 dicuntur
923 2576 1007 2615 nisi
1041 2575 1184 2614 relata
1220 2573 1277 2614 ad
1318 2574 1496 2614 eandem
1530 2588 1622 2615 rem

101 2638 169 2687 (τὸ
197 2639 412 2686 δεκτικόν)
449 2653 559 2693 quae
597 2641 811 2693 suscipere
845 2645 986 2692 potest
1013 2644 1246 2692 utrumque.
1298 2641 1350 2679 35
1378 2638 1624 2680 Praeditzcm

102 2716 190 2744 esse
218 2710 258 2745 et
280 2706 498 2758 privatum
540 2705 684 2758 aliqua
715 2717 763 2743 re
791 2703 992 2758 differunt
1021 2702 1073 2742 ab
1106 2704 1198 2756 ipso
1225 2702 1372 2744 habitu
1401 2709 1444 2744 et
1466 2705 1623 2758 priva-

101 2769 241 2818 tione,
276 2770 338 2809 bl
367 2782 618 2822 quamquam
653 2768 734 2808 sibi
771 2773 1036 2821 opponuntur
1073 2773 1121 2808 ut
1159 2767 1326 2808 habitus
1356 2771 1398 2809 et
1421 2770 1620 2823 privatio.

1275 2830 1356 2864 20ss
