1826 3112
316 199 394 238 136
744 200 1279 235 ΠΕΡῙΕΡΜΗΝΕΙΑΣ.

238 305 299 348 11
456 294 518 343 Τὸ
549 296 630 343 δὲ
625 297 670 342 ὲν
698 294 805 341 κατά
837 299 1013 343 πολλων
1043 294 1094 378 ἢ
1103 293 1242 342 πολλα
1274 295 1378 343 καθ’
1404 295 1504 354 ἓνὸς
1531 298 1728 359 καταφά-

318 379 389 407 ναι
419 359 449 424 ἢ
480 361 715 446 α’ποφάναι,
749 360 823 407 ἐὰν
843 360 903 424 μὴ
933 363 977 408 ἔν
1006 379 1045 408 τι
1066 356 1094 422 ᾗ
1115 361 1165 408 τὸ
1186 363 1231 408 ἐκ
1250 367 1339 409 τοῖν
1361 367 1536 410 πολλων
1563 364 1729 426 δηλού-

269 443 303 471 15
318 445 458 487 μενον,
489 427 573 473 οὐκ
603 429 688 474 ἔστι
715 427 959 508 κατάφασις
983 429 1059 488 μία
1089 426 1193 513 οιξδε
1218 426 1455 488 α’πόφασις.
1495 429 1603 490 λέγω
1620 430 1704 475 65⁰
1686 447 1730 475 εν

318 491 403 538 ουίι
434 491 564 538 ἐαν”
537 511 678 552 ονομα
704 493 751 538 ἓν
769 486 798 553 ᾗ
818 494 1023 553 κείιιενον,
1045 492 1103 556 μή
1127 487 1156 553 ἦ
1179 495 1258 540 δὲ’
1242 495 1285 539 ἐν
1306 512 1344 539 τι
1365 493 1410 549 ἐξ
1429 495 1609 551 ἐκείνων,
1635 492 1731 541 οἷον

318 556 344 604 ὃ
363 556 597 617 ανθρωπος
616 560 719 615 ἴσως
739 560 825 605 ἐστὶ
846 561 918 605 καὶ
941 564 1052 624 ζῷον
1072 562 1141 604 καὶ
1156 561 1315 605 δίπουν
1334 562 1405 605 καὶ
1429 558 1598 621 ἥμερον,
1619 558 1729 606 αλλα

318 625 387 668 καὶ
401 624 444 668 ἓν
452 642 490 669 τι
501 625 654 683 γίνεται
668 625 711 670 ἐκ
721 623 910 671 τούτων·
934 626 978 671 ἐκ
990 627 1036 671 δὲ
1047 643 1128 671 του
1109 629 1302 671 λευκοῦ
1312 627 1383 670 καὶ
1399 644 1480 671 του
1463 625 1731 685 ἀνθρώπου

318 690 392 733 καὶ
411 693 495 735 τοῦ
514 692 702 748 βαδίζειν
721 688 803 750 οὐχ
825 691 880 736 ἕν.
909 688 1017 737 ὥστε
1029 689 1109 737 οὔτ
1109 689 1251 736 'ssdv''
1226 709 1270 736 εν
1287 709 1327 736 τι
1347 709 1456 736 κατα
1475 691 1730 738 τούτωνκα-

267 773 303 800 20
320 754 497 816 ταφήση
545 774 608 811 τις
647 757 723 815 μιά
762 756 1028 817 κατάφασις,
1080 755 1190 801 ἄλλα
1228 775 1354 817 φωνη
1382 758 1459 816 μὲν
1486 759 1562 816 μία
1597 775 1729 803 κατα-

318 821 476 881 φάσεις
504 822 550 866 δὲ
578 822 748 877 πολλαί,
774 820 875 867 οὔτε
911 821 984 867 ἐὰν
1019 819 1121 867 καθ’
1144 819 1241 877 ἑνὸς
1268 839 1418 874 ταυτα,
1451 821 1543 867 αλλ’
1573 821 1731 882 ὁμοίως

316 888 488 932 πολλαί.
523 888 560 932 εἰ
572 888 654 933 οὐν
670 907 694 948 η
680 885 959 948 ἐρώτησις
931 906 959 947 η
984 885 1225 947 διαλεκτικὴ
1249 885 1514 945 αποκρίσεῶς
1531 888 1643 933 ἐστιν
1661 890 1729 933 αἴ-

317 963 452 1012 τησις,
471 949 502 1012 ἢ
519 956 597 1013 τῆς
614 951 860 1011 προτασεως
876 950 900 1013 ὴ
893 951 1105 1009 θατέρου
1125 953 1284 1011 μορίου
1302 956 1378 1033 τῆς
1399 951 1678 1012 άντιφάσεως,
1702 951 1731 1015 ἡ

319 1018 365 1062 δὲ
385 1016 598 1076 πρότασις
617 1015 889 1077 α’ντιφάσεως
908 1021 1006 1076 μιᾶς
1027 1017 1208 1076 μόριον,
1235 1016 1321 1063 οὐκ
1342 1015 1394 1063 &v
1413 1020 1478 1079 ειη
1504 1017 1732 1075 ἀπόκρισις

269 1083 395 1141 25μία
413 1080 526 1140 πρὸς
541 1086 700 1128 ταῦτα·
726 1081 829 1128 οὐδὲ
856 1101 936 1144 γαρ
960 1082 989 1145 ἡ
1017 1082 1225 1144 ἐρώτησις
1242 1084 1331 1142 μία,
1354 1082 1450 1129 οὐδ’
1471 1083 1544 1130 ἐὰν
1570 1078 1600 1144 ᾗ
1623 1082 1730 1145 αλη-

316 1146 416 1209 θής.
453 1149 614 1209 εἴρηται
639 1149 684 1193 δε
707 1149 751 1194 ἐν
770 1154 860 1204 τοῖς
886 1152 1091 1204 Τοπικοῖς
1109 1150 1203 1205 περὶ
1232 1146 1391 1194 αὐτῶν.
1425 1168 1511 1208 αμα
1530 1151 1575 1195 δε
1593 1153 1732 1211 δῆλον

319 1231 385 1258 οτι
398 1211 502 1258 ουδε
513 1212 563 1259 τὸ
574 1232 612 1258 τι
605 1214 738 1259 ’ἐστιν
748 1213 954 1275 ἐρώτησίς
964 1214 1052 1259 ἐστι
1063 1214 1325 1273 διαλεκτική·
1353 1218 1419 1260 δεῖ
1426 1233 1506 1275 γαρ
1519 1214 1731 1261 δεδόσθαι

316 1278 363 1324 ἐκ
380 1282 458 1340 τῆς
477 1278 719 1342 ἐρωτήσεως
735 1278 945 1325 ελέσθαι
922 1279 1131 1337 οπότερον
1148 1279 1352 1338 βουλεται
1367 1285 1444 1341 τῆς
1465 1279 1732 1340 ἀντιφάσεως

315 1343 469 1403 μόριον
489 1344 829 1407 ἀποφήνασθαι·
878 1343 987 1390 ἄλλα
1010 1348 1076 1391 δεῖ
1092 1343 1170 1391 τὸν
1191 1345 1409 1404 ἐρωτῶντα
1426 1347 1732 1407 προσδιορίσαι

267 1427 302 1454 80
316 1409 502 1470 πότερον
520 1410 617 1456 τόδε
639 1412 750 1456 ἐστὶν
777 1409 802 1456 ὁ
826 1408 1059 1469 ἄνθρωπος
1079 1408 1110 1472 ἢ
1129 1409 1187 1456 οὐ
1206 1415 1350 1456 τοῦτο.

446 1475 564 1522 Ἐπεὶ
605 1478 651 1522 δὲ
691 1475 744 1522 τά
788 1478 863 1535 μὲν
888 1482 1181 1538 κατηγορεῖται
1215 1476 1499 1535 συντιθέμενα
1528 1473 1586 1531 ὥς
1608 1476 1656 1521 ἓν
1682 1473 1733 1521 τὸ

317 1544 406 1587 πᾶν
425 1541 704 1604 κατηγόρημα
725 1546 812 1588 τοῖν
829 1544 958 1601 χωρὶς
976 1542 1373 1603 κατηγορουμένων,
1391 1540 1444 1587 τὰ
1467 1540 1504 1587 δ’
1524 1539 1595 1596 οὕ,
1621 1542 1684 1597 τίς
1703 1539 1732 1603 ἡ

317 1608 535 1668 διαφοράς
567 1626 674 1653 κατα
700 1627 782 1668 γαρ
811 1613 892 1653 τοῦ
926 1606 1171 1667 ἄνθρωπον
1192 1607 1355 1669 άληθες
1372 1609 1504 1653 εἰπεῖν
1518 1609 1590 1651 καὶ
1605 1608 1734 1666 χωρὶς

320 1675 432 1737 ζῷον
450 1674 523 1718 καὶ
551 1675 680 1733 χωρις
701 1676 872 1726 δίπουν,
892 1675 965 1718 καὶ
984 1678 1122 1719 ταῦτα
1144 1692 1205 1729 ως
1224 1692 1280 1728 εν,
1310 1674 1383 1717 καὶ
1407 1671 1642 1730 ἄνθρωπον
1661 1673 1734 1718 καὶ

267 1753 302 1780 35
317 1738 489 1794 λευκόν,
507 1740 577 1783 καὶ
599 1738 732 1784 ταυθ’
751 1737 812 1795 ὦς
834 1739 890 1784 εἰ.
938 1737 1030 1784 ἄλλ’
1054 1737 1168 1798 οὐχί,
1197 1740 1233 1784 εἰ
1253 1736 1439 1794 σκυτευς
1457 1739 1529 1783 καὶ
1550 1736 1734 1798 αγαθός,

317 1805 391 1850 καὶ
411 1802 599 1860 σκυτεύς
621 1803 800 1864 ἀγαθός.
852 1805 890 1849 εἰ
911 1803 1007 1864 γάρ,
1033 1802 1099 1850 ὅτι
1123 1803 1319 1861 εκάτερον
1340 1802 1514 1866 ἀληθές,
1544 1808 1650 1848 εἰναι
1672 1806 1739 1849 δεῖ

318 1871 390 1915 καὶ
424 1868 476 1914 τὸ
512 1871 754 1929 συνάμφω,
787 1868 928 1915 πολλὰ
955 1871 1026 1914 καὶ
1056 1868 1194 1915 ἄτοπα
1221 1871 1348 1915 ἔσται.
1400 1867 1508 1914 κατὰ
1537 1867 1618 1927 γὰρ
1650 1872 1735 1914 τοῦ

319 1933 566 1993 ἀνθρώπου
575 1937 647 1980 καὶ
659 1933 709 1980 τὸ
726 1934 962 1992 ἄνθρωπος
975 1934 1137 1995 ἄληθες
1148 1936 1217 1979 καὶ
1231 1933 1281 1979 τὸ
1297 1933 1470 1985 λευκόν,
1484 1931 1589 1978 ὥστε
1602 1934 1672 1978 καὶ
1684 1931 1735 1979 τὸ

319 1997 445 2046 ἅπαν.
479 1999 611 2045 πάλιν
629 2001 666 2045 εἰ
689 1998 739 2045 τὸ
760 1999 933 2054 λευκόν,
959 1998 1071 2045 αὐτὸ
1087 2002 1157 2045 καὶ
1178 1998 1228 2045 τὸ
1248 1997 1376 2053 ἅπαν,
1397 1997 1505 2045 ὥστε
1525 1999 1638 2044 ἔσται
1658 1997 1735 2044 ἅν-

269 2082 303 2109 40
320 2071 500 2126 θρωπος
528 2063 688 2120 λευκὸς
712 2064 884 2120 λευκός,
914 2066 989 2110 καὶ
1006 2069 1141 2110 τοῦτο
1161 2066 1220 2120 εἰς
1253 2063 1443 2121 ἄπειρον.
1505 2065 1578 2109 καὶ
1605 2063 1736 2110 πάλιν

214 2140 302 2186 p.2l
319 2129 531 2191 μουσικὸς
551 2128 707 2186 λευκὸς
724 2131 910 2189 βαδίζων
926 2148 936 2157 ·
966 2132 1038 2175 καὶ
1059 2134 1197 2176 ταῦτα
1231 2129 1440 2186 πολλάκις
1458 2130 1733 2189 πεπλεγμένα.

319 2198 377 2244 ἔτι
411 2199 448 2244 εἰ
478 2195 504 2243 ὃ
528 2195 766 2259 Σωκράτης
795 2195 1034 2260 Σωκράτης
1059 2197 1134 2242 καὶ
1159 2194 1417 2257 ἄνθρωπος,
1449 2196 1523 2241 καὶ
1551 2194 1735 2257 Σωκρά-

412 2381 452 2413 13
459 2375 542 2436 ἦ]
527 2376 550 2419 η’
567 2378 629 2413 καὶ
645 2391 678 2412 n.
689 2398 734 2405 ——
750 2372 867 2422 φάναι
884 2391 910 2413 e
937 2398 970 2405 -—
987 2380 1028 2412 16
1050 2391 1090 2423 pr
1101 2378 1143 2413 ἓν
1155 2386 1233 2411 ante
1245 2375 1427 2421 ὄνομα-Γπ,
1445 2390 1499 2411 om
1512 2378 1549 2418 C,
1561 2390 1602 2420 pr
1614 2378 1683 2412 dG.
1693 2396 1736 2405 —

317 2422 360 2458 ἐν
376 2419 469 2469 ῃ]ἦ’“
464 2422 501 2459 ὲν
519 2425 562 2458 Κ.
579 2443 623 2449 -
641 2425 681 2457 17
698 2435 823 2456 nome.
836 2443 876 2448 -
892 2424 1095 2465 18γίγυεται
1110 2435 1143 2456 n.
1156 2423 1278 2456 -τοῦ
1299 2424 1349 2454 bis
1373 2435 1425 2455 om
1444 2419 1704 2456 π.-19οὗ’τε
1689 2435 1735 2456 αν

321 2470 433 2511 ACnf.
449 2468 650 2524 -καταφῇ
661 2480 693 2500 η.
704 2468 891 2524 -ξ4μιᾶς
909 2467 982 2501 ἐστι
996 2467 1078 2512 μόρα
1071 2480 1125 2501 ιον
1139 2467 1174 2500 C.
1192 2486 1227 2492 -—
1246 2468 1312 2509 μία
1330 2464 1519 2511 ἆπὸκρισις
1532 2478 1565 2498 π.
1581 2487 1613 2492 ·—
1629 2464 1713 2500 25Ἃ
1690 2479 1736 2501 αν

322 2515 384 2546 Αη.
407 2533 447 2538 -
471 2514 516 2546 28
533 2503 697 2555 ἑλέσθαι]
717 2512 776 2546 καὶ
794 2511 941 2546 ἑλέσθαι
959 2524 987 2545 c.
1002 2532 1046 2537 —
1067 2514 1109 2545 30
1130 2512 1251 2555 τοῦτο]
1273 2510 1357 2544 τάδε
1373 2523 1400 2544 e.
1422 2530 1466 2537 —-
1490 2511 1532 2543 34
1557 2511 1676 2544 ταῦτα
1698 2523 1736 2543 ro

322 2568 375 2599 mg
392 2569 424 2590 n.
453 2576 491 2582 -
519 2558 572 2589 ult
586 2556 647 2591 καὶ
668 2569 722 2589 om
737 2569 754 2590 e
770 2564 804 2589 et
812 2569 861 2611 ‚pr
876 2557 910 2589 d.
936 2576 981 2582 —
1005 2559 1047 2590 35
1066 2553 1145 2598 οὐχὶ
1164 2568 1239 2588 corr
1258 2567 1290 2588 π.
1312 2575 1349 2580 -
1379 2557 1421 2589 36
1442 2554 1536 2588 διότι
1554 2557 1599 2596 ef.
1619 2574 1662 2580 ——
1687 2552 1734 2589 εἶ·

320 2613 383 2635 ναι
404 2602 480 2644 δεῖ]
501 2599 573 2635 ἐστι
589 2614 623 2634 π.
651 2621 690 2627 -
716 2602 757 2634 39
775 2598 863 2634 αὐτὸ
884 2613 938 2634 om
951 2603 1005 2643 fn.
1030 2620 1073 2626 —
1097 2601 1172 2634 πᾶν
1188 2601 1220 2633 d.
1243 2618 1287 2624 —-
1310 2598 1442 2633 ἔσται’
1424 2613 1442 2633 ο
1465 2598 1661 2642 ἅνθρωπος
1681 2610 1710 2632 e.

409 2644 492 2679 21a1
512 2644 628 2680 πολλὰ
642 2657 725 2690 pru.
738 2665 780 2671 —
798 2644 1093 2687 συμπεπλεγμένα
1106 2647 1198 2688 1.-
1220 2646 1241 2677 2
1259 2643 1326 2687 ε’τι]
1340 2641 1428 2682 εἶς’
1405 2655 1554 2685 απειρον
1571 2642 1621 2676 ἔτι
1640 2644 1736 2684 AKu,

322 2701 380 2722 rec
398 2689 432 2722 d·
460 2709 503 2715 —
528 2691 563 2725 εἰ
579 2702 633 2723 om
650 2702 682 2723 n.
709 2709 749 2715 —
777 2688 796 2724 ὁ
820 2689 1021 2747 Σωκράτης
1040 2701 1094 2722 om
1111 2701 1139 2722 e.
1161 2707 1207 2714 —
1240 2689 1287 2720 alt
1305 2689 1457 2723 καὶ..
1479 2688 1576 2731 ανθρ
1580 2699 1678 2725 ωπος
1701 2695 1737 2721 et

321 2739 391 2767 tert
408 2733 510 2768 καὶ..
522 2735 672 2775 .δι’πονς
688 2746 743 2768 om
757 2735 801 2769 Κ.
826 2754 869 2759 -
891 2734 954 2770 καὶ
969 2733 1169 2779 Σωκράτης
1187 2732 1385 2778 Σωκράτης
1402 2731 1600 2778 ανθρωπος
1621 2731 1713 2767 ch
