1884 3100
649 182 989 218 ΠΡΟΤΕΡΩΝ
1021 184 1058 216 Β.
1497 179 1579 220 239

124 281 387 331 ὑποθετέον.
425 280 559 329 πάλιν
569 279 831 328 ὑποκείσθω
851 278 904 327 τὸ
917 285 956 327 Α
972 281 1056 328 τινὶ
1076 282 1186 327 τῶΒ
1204 277 1431 340 ὑπάρχειν,
1454 278 1575 344 εἰλή-

125 356 234 411 φθω
272 351 319 397 δὲ
364 347 416 396 τὸ
453 353 500 396 Γ
524 350 655 396 παντὶ
681 353 743 396 τῶ
770 353 820 395 Α.
854 347 1024 411 ἀνάγκη
1061 365 1146 396 ουν
1178 345 1230 395 τὸ
1262 350 1309 394 Γ
1328 348 1414 394 τινὶ
1437 351 1504 412 τῷ
1537 350 1627 393 Bw

123 416 352 479 ὑπάρχειν.
373 420 507 464 τοῦτο
519 415 559 464 6'
574 417 682 464 ἔστω
693 415 929 471 αδύνατον,
951 414 1060 462 ὥστε
1079 419 1253 472 ψεῦδος
1266 412 1318 462 τὸ
1335 413 1574 462 ὑποτεθέν.

125 487 165 532 εἰ
184 484 224 532 δ’
252 482 408 542 οὕτως,
438 483 605 548 ἀληθὲς
634 482 686 530 vd
719 485 871 546 μηδενὶ
902 481 1134 543 ὑπάρχειν.
1175 481 1339 543 ὁμοίως
1364 483 1413 530 δὲ
1439 483 1516 529 καὶ
1537 483 1576 529 εἰ

125 550 379 615 στερητικὸν
408 551 591 614 ἐλήφθη
603 549 655 597 τὸ
678 555 765 597 ΓΑ.
803 552 840 597 εἰ
862 548 902 597 δ’
925 549 951 613 ἡ
972 548 1088 610 πρὸς
1106 553 1168 615 τῷ
1183 554 1222 596 Β
1238 553 1436 613 εἰληπται
1455 549 1576 611 πρό-

123 631 261 676 τασις,
280 617 367 665 οὐκ
387 619 506 664 ἔσται
525 617 834 679 συλλογισμός.
878 615 953 664 ἐάν
978 620 1025 663 d}
1055 616 1106 664 τὸ
1132 619 1332 665 ἐναντίον
1352 616 1574 678 ὑποτεθῇ,

123 683 425 747 συλλογισμός
445 686 524 744 μὲν
544 686 662 732 ἕσται
686 687 761 731 καὶ
779 683 830 731 τὸ
854 683 1092 740 α’ὀύνατον,
1122 683 1182 731 οὐ
1201 687 1423 732 δείκνυται
1444 687 1493 732 δὲ
1519 682 1573 731 τὸ
1589 697 1626 726 2⁵

118 754 350 814 προτεθέν.
404 750 665 800 ὑποκείσθω
704 750 801 835 γὰρ,
824 754 955 798 παντὶ
993 756 1059 816 τῷ
1087 756 1125 797 Β
1155 750 1207 798 τὸ
1232 756 1292 805 Α,
1329 753 1404 798 καὶ
1441 750 1495 798 τὸ
1535 755 1584 797 Γ

121 825 183 886 τῷ
222 825 259 867 Α
296 819 499 884 εἰλήφθω
536 820 678 866 παντί.
743 818 916 866 οὐκοῦν
962 817 1132 883 ἀνάγκη
1171 817 1222 865 τὸ
1264 822 1312 865 Γ
1343 819 1474 866 παντὶ
1509 822 1577 884 τῷ

124 870 163 934 Β
163 886 408 971 ὑπάρχειν.
438 891 575 934 τοῦτο
598 885 637 933 6'
658 884 897 944 α’ὅυνατον,
918 885 1027 934 ὥστε
1043 890 1216 943 ’ψεῦδος
1235 884 1288 933 vd
1300 888 1429 933 παντὶ
1447 890 1513 952 τῷ
1536 865 1576 932 Β

122 953 175 1002 τὸ
219 959 258 1001 Α
293 953 520 1015 ὑπάρχειν.
575 952 671 999 ἄλλ’
695 952 826 1000 οὔπω
857 973 904 1015 γε
947 953 1208 1015 ἀναγκαῖον,
1249 956 1287 1000 εἰ
1327 952 1389 1017 μή
1430 934 1575 1010 πάντί,

121 1023 276 1085 μηδενὶ
306 1020 532 1082 ὑπάρχειν.
572 1019 739 1081 ὁμοίως
769 1022 816 1067 δε
844 1023 919 1068 καὶ
947 1023 985 1068 εἰ
1011 1019 1124 1081 πρὸς
1153 1025 1215 1086 τῷ
1247 1025 1286 1068 Β
1318 1022 1519 1084 ληφθείη
1545 1019 1627 1085 ἡειο

121 1089 244 1149 ετέρα
283 1087 522 1148 πρότασις·
561 1086 860 1148 συλλογισμὸς
901 1107 981 1147 μεν
1007 1108 1091 1150 γαρ
1121 1090 1239 1135 εσται
1266 1090 1343 1135 καὶ
1370 1087 1422 1136 τὸ
1460 1087 1576 1136 0:²61}-

119 1174 266 1212 νατον,
295 1154 384 1202 οὐκ
405 1154 643 1215 ἀναιρεῖται
679 1154 720 1201 δ’
749 1153 779 1217 ἡ
811 1154 1047 1213 ὑπόθεσις,
1079 1154 1188 1202 ωστε
1205 1154 1259 1202 τὸ
1281 1155 1577 1217 ἀντικείμενον

119 1222 378 1271 ὑποθετέον.
413 1221 527 1283 πρὸς
558 1224 606 1269 δὲ
635 1220 687 1269 τὸ
718 1220 780 1286 μὴ
810 1224 942 1269 παντὶ
969 1222 1103 1279 δεῖξαι
1135 1221 1340 1284 ὑπάρχον
1367 1227 1430 1289 τῷ
1468 1227 1505 1269 Β
1524 1221 1576 1270 τὸ

122 1295 184 1348 Α,
219 1289 469 1337 ὑποθετέον
501 1291 631 1336 παντὶ
670 1288 913 1351 ὑπάρχειν·
957 1291 996 1337 εἰ
1027 1289 1113 1371 γάρ
1144 1288 1196 1337 τὰ
1221 1296 1259 1337 Α
1285 1293 1415 1337 παντὶ
1443 1295 1510 1356 τῷ
1537 1294 1576 1337 Β

119 1360 194 1405 καὶ
226 1356 278 1404 τὸ
299 1361 346 1403 Γ
366 1358 496 1404 παντὶ
527 1361 596 1422 τῷ
620 1361 680 1411 A,
730 1355 782 1403 τὸ
811 1361 857 1403 Γ
877 1358 1007 1404 παντὶ
1043 1362 1109 1423 τῷ
1138 1361 1201 1414 Β,
1242 1355 1346 1404 ὥστ’
1373 1359 1412 1405 εἰ
1439 1362 1627 1406 1:013on

121 1424 359 1480 ἀδύνατον,
382 1428 556 1482 ’ψευδος
576 1422 630 1471 τὸ
648 1422 881 1472 ὑποτεθέν.
919 1423 1085 1485 ὁμοίως
1105 1427 1153 1472 δε
1173 1427 1249 1471 καὶ
1266 1427 1307 1472 εἰ
1325 1424 1439 1484 πρὸς
1455 1430 1519 1491 τῷ
1536 1429 1576 1472 Β

119 1491 303 1556 ἐλήφθη
325 1490 354 1555 ἡ
379 1492 502 1551 ἑτέρα
527 1490 754 1550 πρότασις.
782 1494 857 1538 καὶ
879 1493 918 1539 εἰ
940 1490 1198 1555 στερητικὸν
1218 1485 1274 1555 ἦν
1292 1491 1344 1539 τὸ
1367 1497 1458 1551 ΓΑ,
1479 1491 1569 1540 ωσ-

120 1559 289 1617 αὕτως·
315 1561 391 1605 καὶ
421 1557 503 1621 γάρ
534 1557 653 1607 οὕτω
672 1560 834 1620 γίνεται
855 1559 1169 1622 συλλογισμός.
1211 1558 1288 1607 ἐάν
1306 1561 1354 1607 δε
1374 1558 1492 1620 πρὸς
1510 1565 1576 1627 τῷ

118 1632 158 1674 Β
177 1628 208 1688 ᾐ
225 1625 279 1674 τὸ
301 1626 584 1690 στερητικόν,
614 1625 749 1674 ουὸεν
768 1629 1002 1674 δείκνυται.
1045 1625 1121 1674 ἐάν
1150 1628 1198 1674 δε
1220 1626 1282 1690 μή
1303 1629 1434 1675 παντὶ
1462 1608 1576 1675 cmo}

115 1697 202 1742 τινὶ
223 1693 441 1755 ὑπάρχειν
468 1693 676 1754 ὑποτεθῇ
687 1729 699 1751 ,
728 1713 787 1741 ου
815 1696 1039 1741 δείκνυται
1068 1692 1135 1741 ὅτι
1156 1693 1216 1742 οὕ
1239 1697 1371 1742 παντὶ
1390 1694 1486 1742 ἀλλ’
1505 1693 1574 1743 ὅτι
1590 1710 1626 1738 4⁰

118 1760 283 1809 οὐδενί.
316 1763 356 1807 εἰ
379 1759 464 1822 γάρ
491 1759 543 1808 τὸ
579 1765 616 1808 Α
642 1762 727 1807 τινὶ
738 1766 819 1829 τῷ
851 1759 984 1818 Β,τὸ
1015 1763 1062 1808 δε
1094 1765 1140 1808 Γ
1159 1764 1289 1808 παντὶ
1322 1766 1385 1828 τῷ
1403 1767 1468 1819 Α,
1487 1765 1575 1810 τινὶ

117 1847 180 1895 τω
204 1832 243 1875 Β
264 1826 315 1875 τὸ
337 1827 596 1889 Γὺπάρξει.
638 1830 677 1875 εἰ
694 1820 783 1875 οὑν
813 1827 935 1876 τοῦτ’
954 1827 1203 1886 ἀδύνατον,
1231 1833 1404 1887 ψεῦδος
1418 1828 1471 1877 τὸ
1490 1831 1575 1877 τινὶ
1590 1855 1625 1888 p.
1629 1838 1683 1879 62

117 1876 336 1957 ὑπάρχειν
359 1914 421 1942 τω
454 1900 493 1942 Β
525 1894 578 1943 τὸ
606 1900 668 1952 Α,
700 1893 801 1943 τοῦτ’
838 1895 1006 1959 ἄληθες
1033 1895 1087 1943 τὸ
1120 1898 1287 1960 μηδενί.
1331 1896 1502 1945 τούτου
1527 1899 1575 1945 δε

117 1964 368 2025 δειχθέντος
397 1968 758 2024 προσαναιρεῖται
784 1961 837 2010 τὸ
872 1963 1064 2027 α’ληθές·
1093 1962 1147 2011 τὸ
1177 1962 1262 2026 γάρ
1289 1968 1328 2010 Α
1356 1969 1423 2031 τῷ
1438 1969 1477 2012 Β
1491 1966 1576 2013 τινὶ

117 2032 197 2092 μὲν
213 2029 398 2094 ὑπῆρχε,
425 2033 509 2078 τινὶ
529 2029 570 2078 δ’
587 2029 675 2091 οὐχ
709 2029 924 2094 ὑπῆρχεν.
962 2032 1020 2078 ετι
1042 2030 1103 2078 οὐ
1132 2030 1254 2092 παρά
1280 2051 1366 2096 την
1389 2012 1576 2080 ὑπόθε-

117 2111 190 2145 σιν
219 2100 450 2158 συμβαίνει
479 2097 531 2146 τὸ
562 2097 810 2145 ἀδύνατον·
841 2102 1015 2157 ψεῦδος
1047 2097 1134 2162 γάρ
1165 2119 1223 2146 αν
1253 2101 1349 2162 εἴη,
1380 2102 1501 2161 εἴπερ
1532 2099 1609 2156 ἕξε

119 2163 307 2228 ἀληθῶν
323 2163 384 2227 μὴ
400 2166 487 2212 ἔστι
499 2169 672 2222 ψεῦδος
689 2167 1050 2226 συλλογίσασθαι
1060 2185 1071 2194 ·
1093 2171 1179 2214 νῦν
1196 2166 1236 2213 δ’
1249 2167 1365 2214 ἐστὶν
1377 2166 1549 2230 οἷληθές
1564 2185 1574 2196 ·

117 2230 305 2293 ὑπάρχει
323 2230 407 2293 γὰρ
433 2230 484 2278 τὸ
503 2237 538 2278 Α
557 2233 640 2278 τινὶ
661 2236 727 2296 τῷ
747 2236 797 2278 Β.
821 2230 924 2280 ὥστ’
937 2232 1025 2295 οὐχ
1047 2232 1301 2280 ὑποθετέον
1319 2235 1403 2280 τινὶ
1422 2232 1575 2296 ὑπάρ-

118 2318 222 2361 χειν,
245 2298 358 2346 άλλά
384 2300 527 2347 παντί.
569 2297 732 2360 ὁμοίως
761 2300 808 2346 δὲ
836 2302 911 2347 καὶ
940 2302 979 2348 εἰ
1009 2302 1093 2348 τινὶ
1123 2299 1185 2364 μὴ
1213 2299 1423 2363 ὑπάρχον
1452 2306 1514 2369 τῷ
1536 2305 1575 2348 Β

209 2460 340 2494 2021521
350 2460 377 2517 β
390 2473 425 2494 π.
443 2479 485 2485 -
509 2461 555 2494 23
570 2459 634 2505 γα]
648 2472 706 2503 γα.
732 2473 756 2504 η
781 2458 861 2515 γὰρ
873 2462 1007 2506 μείζων
1022 2461 1124 2497 ἔσται
1144 2458 1312 2507 οντωςΟ,
1330 2463 1456 2508 quibus
1473 2474 1498 2497 n
1517 2465 1574 2498 adi

118 2507 226 2541 haec:
262 2505 304 2551 (ἡ
323 2505 363 2541 δὲ
384 2505 545 2542 ἐλάττων
571 2519 609 2539 rc
631 2507 705 2549 mg)
733 2504 866 2552 μερικὴ
897 2506 936 2542 ἐν
961 2505 1100 2554 πρώτῳ
1123 2508 1293 2564 σχήματι.
1330 2527 1378 2535 -
1410 2510 1455 2543 26
1479 2510 1521 2554 α]
1549 2523 1575 2546 α

119 2550 300 2598 ὑπάρχειν
319 2554 382 2586 An.
412 2573 453 2578 —
486 2553 531 2586 27
560 2565 601 2595 pr
626 2552 676 2598 τῷ
703 2563 759 2584 om
780 2552 920 2586 ARCm.
947 2574 987 2579 —
1022 2556 1066 2588 30
1094 2551 1163 2588 κόἷν
1182 2566 1215 2586 π.
1251 2574 1285 2579 -
1317 2555 1451 2600 ληφθῇ
1474 2556 1512 2589 C.
1529 2574 1574 2580 —

120 2599 165 2631 34
183 2610 225 2642 pr
240 2598 368 2653 παντι]
388 2596 430 2634 τὸ
447 2598 559 2632 παντὶ
560 2565 611 2631 pm
635 2616 681 2623 —
705 2598 749 2631 35
770 2597 822 2630 alt
841 2597 902 2632 τὸ.
917 2599 979 2644 ..β
1000 2600 1073 2632 fort
1100 2612 1143 2644 pr
1162 2611 1219 2643 mg
1235 2611 1302 2633 mn.
1329 2620 1370 2626 —
1398 2601 1443 2634 37
1467 2613 1514 2645 ay
1535 2601 1573 2636 G.

119 2661 166 2668 —
193 2637 281 2687 89ἤ
300 2655 356 2676 om
376 2645 412 2678 G.
436 2663 481 2671 -—
506 2641 594 2677 ουδε
618 2643 809 2678 δείκνυται
825 2654 860 2675 n.

209 2656 298 2723 6254
314 2684 376 2734 ου’]
405 2686 543 2724 adden.
568 2707 615 2715 —
645 2690 666 2721 5
685 2687 832 2743 ψευδὴς
849 2699 930 2727 mn,
962 2700 1040 2721 corr
1061 2689 1103 2722 Β.
1139 2707 1186 2714 -
1219 2687 1291 2743 γὰρ
1307 2701 1364 2723 om
1406 2702 1424 2723 r
1444 2691 1569 2732 ABGo,

120 2733 178 2765 del
194 2744 228 2767 u.
251 2753 297 2760 -
321 2735 380 2779 εἴη
394 2736 429 2768 in
448 2736 495 2768 fin
516 2746 596 2768 corr
615 2735 654 2768 Β.
683 2752 725 2759 -
759 2734 780 2767 6
788 2701 950 2777 ’,ἀληθής
967 2745 1011 2768 m.
1038 2751 1084 2761 —
1114 2734 1137 2768 7
1155 2731 1338 2781 ὑπάρχειν
1355 2748 1378 2772 τ
1422 2748 1449 2771 α
1465 2747 1501 2770 ι.
1523 2755 1571 2765 -

119 2778 195 2813 τῶν
212 2779 236 2823 β
249 2790 284 2813 n.
306 2798 351 2806 —
373 2779 466 2815 τινὶ.
502 2781 566 2814 12
583 2777 795 2815 ὑποθετέον
814 2791 871 2812 om
889 2790 936 2812 m.
