1826 3112
305 234 384 274 256
818 234 1216 268 ΑΝΑΛΤΤΙΚΩΝ

306 329 392 390 ἄρα
418 333 641 392 φιλεῖσθαι
657 333 738 391 τῆς
766 330 1007 388 συνουσίας
1035 329 1310 390 αἱρετώτερον
1338 327 1446 375 κατὰ
1466 327 1546 376 τὸν
1574 330 1718 390 ἔρωτα.

305 401 471 480 μᾶλλον
507 395 591 455 ἄρα
619 395 644 441 6
674 396 779 453 ἔρως
813 396 900 442 ἐστὶ
927 400 1005 459 τῆς
1034 397 1183 457 φιλίας
1214 393 1247 459 ἢ
1274 400 1356 442 τοῦ
1375 401 1580 442 συνεῖναι.
1616 397 1653 441 εἰ
1674 397 1721 442 δὲ

274 479 291 507 ⁵
301 462 487 543 μάλιστα
500 461 676 515 τούτου,
689 464 761 506 καὶ
772 463 894 518 τέλος
909 467 1053 509 τοῦτο.
1088 481 1139 507 το
1155 461 1239 520 ἄρα
1251 467 1445 507 συνεῖναι
1460 460 1489 523 η’
1502 460 1587 507 οὐκ
1607 462 1721 507 ἔστιν

308 527 421 584 ὅλως
449 525 478 590 ἢ
507 531 590 572 τοῦ
622 531 846 587 φιλεῖσθαι
876 529 1036 575 ἕνεκεν·
1066 529 1139 574 καὶ
1171 526 1253 589 γὰρ
1280 529 1324 573 αὶ
1352 525 1480 572 ἄλλαι
1497 527 1722 586 ἐπιθυμίαι

305 597 378 640 καὶ
399 594 540 652 τέχναι
559 590 711 649 ου’τως.

227 667 289 709 23
442 661 549 714 Πῶς
577 660 654 718 μὲν
681 651 766 704 οὐν
793 658 967 743 ἔχουσιν
993 656 1081 704 οἳ
1064 656 1159 717 όροι
1190 655 1296 703 κατὰ
1329 656 1407 714 τιὶς
1431 655 1723 717 ἄντιστροφάς

305 725 378 770 καὶ
405 722 456 770 τὸ
488 723 773 784 φευκτότεροι
793 721 825 785 η’
848 724 1117 783 αἱρετώτεροι
1139 720 1258 777 εἶναι,
1281 723 1487 782 φανερόν.
1524 721 1588 769 ότι
1607 722 1645 768 6'
1665 721 1723 768 οὐ

257 809 292 836 1ο
306 789 445 850 μόνον
492 790 535 835 οἱ
589 791 846 836 διαλεκτικοὶ
886 792 958 835 καὶ
999 789 1288 835 ἄποδεικτικοὶ
1329 790 1611 848 συλλογισμοὶ
1650 786 1721 833 διὰ

305 873 394 902 των
419 856 739 917 προειρηιιένων
763 857 951 914 γίνονται
973 854 1224 916 σχημάτων,
1257 852 1366 898 ἀλλὰ
1387 855 1457 898 καὶ
1479 853 1568 898 οἳ
1550 871 1724 915 ρητορι-

305 923 376 968 nol
401 923 474 966 καὶ
505 919 653 977 ἁπλως
674 920 859 1000 ἡτισοῦν
877 922 1019 976 πίστις
1037 922 1110 965 καὶ
1127 918 1229 965 καθ’
1253 917 1495 964 ὁποιανοῦν
1514 920 1721 977 μέθοδον,

305 992 390 1034 νῦν
419 1005 473 1031 αν
501 988 566 1048 εἴη
589 988 771 1031 λεκτέον.
816 983 982 1032 ἅπαντα
1008 984 1090 1048 γὰρ
1113 983 1370 1044 πιστεύομεν
1400 982 1433 1046 ἢ
1459 982 1532 1055 διὰ
1560 988 1723 1031 συλλο-

305 1055 468 1113 γισμοῦ
489 1049 519 1113 ἢ
545 1050 590 1105 ἐξ
611 1052 868 1134 ἐπαγωγῆς.

256 1128 290 1156 2⁵
435 1116 661 1179 Ἐπαγωγὴ
697 1119 774 1177 μὲν
811 1110 894 1163 οὖν
922 1117 1009 1162 ἐστὶ
1043 1117 1116 1162 καὶ
1143 1114 1169 1162 6
1197 1114 1243 1171 ἐξ
1267 1116 1493 1176 ἐπαγωγῆς
1520 1117 1723 1175 συλλογι-

305 1181 418 1243 σιιός
437 1182 487 1229 τὸ
507 1182 578 1228 διὰ
599 1187 682 1228 τοῦ
703 1184 851 1241 ἑτέρου
871 1182 1057 1242 θάτερον
1083 1181 1217 1240 ἄκρον
1237 1185 1300 1245 τῷ
1319 1182 1436 1244 ιιέσῳ
1458 1181 1721 1240 συλλογίσα-

305 1255 426 1306 σθαι,
458 1247 552 1294 οἷον
581 1250 618 1295 εἰ
651 1253 736 1294 τῶν
765 1252 850 1294 ΑΓ
867 1249 998 1307 μέσον
1026 1246 1077 1294 τὸ
1107 1252 1167 1302 Β,
1202 1246 1274 1293 6t6
1292 1247 1377 1292 τοῦ
1398 1227 1589 1301 Γδεῖξαι
1610 1244 1661 1291 τὸ
1687 1249 1724 1290 Α

303 1319 367 1379 τῷ
394 1319 431 1360 Β
459 1313 681 1374 ὑπάρχον·
717 1312 833 1360 οὕτω
867 1313 950 1375 γὰρ
978 1313 1229 1379 ποιούμεθα
1255 1310 1332 1368 τὰς
1364 1312 1594 1373 ἐπαγωγάς.
1631 1308 1724 1365 οἷον

304 1363 409 1427 ἔστω
446 1379 498 1426 τὸ
540 1385 577 1425 Α
611 1379 872 1462 μακρόβιον,
911 1377 960 1425 τὸ
990 1378 1029 1426 6'
1055 1378 1123 1439 ἐφ’
1153 1380 1187 1442 93
1220 1381 1256 1423 Β
1282 1376 1334 1423 τὸ
1365 1376 1498 1439 χολὴν
1526 1396 1595 1439 μη
1616 1377 1724 1436 εχον,

253 1459 289 1486 20
306 1445 374 1506 ἐφ’
393 1439 429 1510 93
451 1448 497 1492 δὲ
522 1444 631 1491 Γτὸ
649 1444 752 1491 καθ’
783 1447 962 1491 ἕκαστον
991 1445 1242 1504 μακρόβιον,
1272 1441 1367 1489 οἷον
1391 1442 1625 1501 ἅνθρωπος
1651 1443 1724 1494 καὶ

305 1493 435 1568 ιππός
463 1513 535 1557 καὶ
568 1510 758 1573 ἠιιίονος.
800 1515 860 1574 τῷ
890 1509 946 1572 δη
979 1515 1023 1556 Γ
1050 1509 1139 1590 ὅλῳ
1165 1508 1349 1568 ὑπάρχει
1368 1507 1418 1554 τὸ
1445 1513 1503 1554 Α·
1533 1513 1621 1554 πᾶν
1640 1506 1723 1568 γὰρ

303 1576 354 1624 τὸ
387 1576 546 1637 αχολον
575 1576 825 1636 μακρόβιον,
857 1574 966 1621 ἄλλα
992 1577 1064 1621 καὶ
1089 1574 1140 1621 τὸ
1172 1573 1321 1629 Β,τὸ
1351 1573 1410 1635 μὴ
1441 1575 1547 1633 ε’χειν
1573 1573 1720 1636 χολήν,

302 1645 430 1690 παντὶ
458 1641 642 1702 υπάρχει
671 1647 735 1706 τῷ
755 1646 804 1687 Γ.
856 1641 895 1688 εἷ
910 1635 995 1687 οὖν
1013 1641 1284 1722 ἀντιστρέφει
1304 1638 1354 1685 τὸ
1378 1643 1493 1704 Γτῷ
1511 1643 1548 1685 Β
1568 1641 1641 1684 καὶ
1660 1637 1720 1701 μή

303 1707 539 1769 ὑπερτείνει
565 1707 617 1754 τὸ
647 1709 799 1766 μέσον,
839 1706 1005 1769 ἀνάγκη
1035 1705 1085 1752 τὸ
1117 1711 1154 1752 Α
1175 1710 1234 1771 τῷ
1257 1708 1306 1751 Β
1314 1686 1545 1788 ὑπάρχειν.
1588 1705 1725 1750 δέδει-

254 1789 399 1821 ειεκται
440 1773 522 1835 γὰρ
554 1773 782 1855 πρότερον
802 1771 867 1819 ὅτι
897 1771 951 1819 ἄν
986 1771 1109 1820 ὅύο’
1090 1771 1193 1818 ἄττα
1214 1775 1274 1834 1:93
1304 1770 1423 1852 αὐτῷ
1453 1769 1627 1830 ὑπάρχῃ
1651 1771 1726 1815 καὶ

301 1839 418 1901 πρὸς
434 1840 622 1899 θάτερον
644 1838 793 1885 αὐτων
811 1838 1069 1899 ἄντιστρέφη
1087 1837 1139 1884 τὸ
1164 1837 1311 1897 ἄκρον,
1342 1835 1409 1882 ὅτι
1427 1841 1486 1901 τῷ
1506 1835 1725 1897 ἀντιστρέ-

302 1925 427 1967 φοντι
445 1908 517 1951 καὶ
531 1906 717 1963 θάτερον
733 1903 912 1963 ὑπάρξει
936 1909 1021 1950 τῶν
1037 1903 1436 1966 κατηγορουμένων.
1458 1906 1523 1948 δεῖ
1541 1903 1587 1949 δε
1608 1907 1723 1948 νοεῖν

301 1970 352 2018 τὸ
380 1976 425 2017 Γ
437 1970 487 2017 τὸ
513 1970 598 2026 ἐξ,
574 1973 774 2016 απάντων
805 1975 894 2017 τοῖν
921 1969 1025 2016 καθ’
1052 1971 1231 2015 ἕκαστον
1258 1970 1556 2028 συγκείμενον·
1591 1966 1621 2030 ἡ
1641 1965 1723 2028 γὰρ

307 2035 504 2099 ἐπαγωγὴ
526 2035 598 2082 διὰ
621 2037 805 2082 πάντων.

253 2118 288 2146 ao
425 2101 550 2148 ’Ἐστι
585 2101 622 2148 δ’
655 2101 680 2148 6
702 2105 904 2157 τοιοῦτος
920 2097 1213 2160 συλλογισμὸς
1237 2102 1315 2160 τῆς
1337 2097 1510 2180 πρωτης
1527 2098 1600 2143 καὶ
1622 2095 1727 2156 αμέ-

305 2179 392 2215 σου
421 2167 694 2248 προτάσεως·
722 2169 782 2213 ὠν
811 2185 906 2249 μεν
916 2164 998 2226 γὰρ
1027 2167 1113 2212 εστι
1141 2166 1286 2224 μέσον,
1322 2163 1397 2210 διὰ
1415 2168 1498 2210 τοῦ
1526 2163 1665 2223 μέσου
1700 2161 1726 2208 6

303 2233 621 2295 συλλογισμός,
660 2251 721 2280 ων
761 2234 806 2278 δε
847 2231 906 2294 μή
936 2233 1045 2287 ἐστι,
1089 2229 1143 2277 δι’
1174 2231 1407 2292 ἐπαγωγῆς.
1457 2231 1528 2278 καὶ
1566 2228 1729 2287 τρόπον

303 2298 396 2346 τινὰ
425 2301 652 2346 ἀντίκειται
682 2297 711 2361 ἡ
725 2296 936 2360 ἐπαγωγὴ
963 2301 1023 2362 τῷ
1053 2299 1356 2378 συλλογισμῷ·
1395 2293 1420 2341 6
1448 2297 1525 2353 μὲν
1554 2293 1635 2355 γὰρ
1649 2292 1726 2340 δ-ιά

302 2370 385 2412 τοῦ
405 2367 544 2426 μέσου
561 2363 612 2411 τὸ
632 2363 767 2425 ἄκρον
785 2368 846 2430 τῷ
865 2365 990 2428 τρίτω
1013 2364 1245 2430 δείκνυσιν,
1265 2360 1294 2424 ἡ
1319 2363 1364 2407 δε
1385 2360 1458 2407 διὰ
1477 2365 1562 2407 τοῦ
1578 2361 1729 2420 τρίτου

392 2498 412 2530 3
426 2495 536 2540 κατὰ]
554 2495 627 2531 ἔστι
648 2494 788 2529 κατᾶιι.
802 2514 842 2521 -·-
868 2494 890 2528 4
902 2492 1000 2548 fati]
1019 2492 1075 2528 ἐπὶ
1088 2506 1121 2526 ιι.
1135 2512 1179 2519 -—
1196 2487 1262 2536 τῆς
1278 2492 1517 2530 συνουσίαςιι.
1527 2509 1573 2524 --.
1588 2491 1611 2524 5
1627 2488 1728 2528 τέλος

303 2553 492 2576 τουτουηι.
510 2560 551 2566 -
571 2539 708 2574 θενεκα
726 2552 759 2574 ιι.
771 2559 815 2565 -
833 2540 855 2573 7
874 2536 1006 2581 οὕτως]
1023 2536 1120 2572 ου’τω
1134 2538 1296 2590 γίνονται
1313 2537 1403 2591 αβνὸ
1421 2538 1463 2578 Λ,
1476 2548 1523 2578 pr
1538 2547 1571 2570 n·
1581 2553 1626 2559 —
1626 2535 1665 2567 9
1677 2534 1728 2577 τῷ

302 2599 358 2619 nu.
370 2605 416 2612 —
426 2585 671 2641 φευκτότεροι
688 2598 710 2628 η
693 2581 785 2618 Ἃκαὶ
797 2582 1028 2629 αὶρετώτεροι
1052 2585 1086 2620 C,
1110 2579 1346 2635 αἱρετώτερον
1366 2594 1386 2623 η
1409 2578 1727 2632 vsvutdtegovvnj',

303 2627 576 2675 αἱρετώτεροι“
553 2644 572 2671 η
594 2628 833 2685 φευκτότεροι
849 2639 927 2660 corr
940 2640 974 2661 n.
992 2646 1033 2653 —
1063 2629 1104 2661 10
1123 2626 1305 2661 διάλεκτοι
1325 2637 1375 2667 pr
1386 2627 1422 2657 A.
1450 2643 1484 2650 -
1513 2625 1561 2657 13
1572 2623 1729 2658 πιστοῦ-

301 2686 367 2716 μεν
392 2676 429 2707 G.
455 2693 496 2700 —
535 2675 575 2707 18
594 2673 762 2719 ὑπάρχον
780 2685 835 2706 om
857 2673 893 2705 C.
924 2689 966 2696 ·-
1001 2672 1041 2705 19
1062 2669 1104 2706 τὸ
1126 2667 1180 2705 δ’.
1218 2670 1286 2703 ,22
1305 2679 1401 2712 ’μακρ
1382 2667 1509 2721 ρόβιον
1538 2676 1595 2700 om
1614 2679 1659 2700 m.
1683 2686 1726 2692 —

305 2719 346 2752 19
358 2717 403 2751 τὰ
421 2716 507 2752 καθ’
521 2716 654 2752 ἕκαστα
672 2717 751 2752 οἷον
767 2715 952 2771 μακρόβια
969 2713 1078 2761 ανθρ.
1093 2727 1127 2757 ιι,
1150 2715 1210 2747 sed
1229 2711 1309 2748 οἷον
1322 2713 1389 2745 del
1410 2713 1506 2746 vult--
1517 2729 1560 2736 ·—·
1583 2713 1629 2744 22
1648 2717 1728 2755 post

303 2760 437 2806 ἄχολον
459 2763 516 2795 del
536 2775 557 2805 γ
571 2775 605 2796 ιι.
629 2781 674 2789 -
706 2765 750 2797 25
772 2758 865 2797 ἅττα
881 2761 981 2795 ABG.
1006 2778 1050 2795 -,
1082 2741 1127 2793 32’
1143 2765 1223 2802 post
1251 2757 1325 2792 ἐστι
1353 2757 1411 2792 del
1434 2757 1470 2791 οὶ
1492 2756 1547 2791 vel
1568 2755 1609 2819 αὶ
1623 2767 1659 2790 ιι.
