1826 3112
306 182 387 222 22¹}
800 181 1210 216 ANAAYTIKszN

307 282 386 342 μεν
405 279 608 343 αληθοῦς
625 283 706 341 τῆς
718 279 764 325 δε
777 281 976 336 ψευδοῦς
997 277 1140 341 οὔσης
1153 275 1276 341 ὅλης,
1296 275 1596 336 ὃποτερασοῦν
1611 280 1724 332 ’ψευ-

309 351 421 404 δοῦς
439 347 681 407 τιθεμένης,
702 345 791 407 [και
802 343 878 390 εἰ
849 344 1088 405 αμφότεραι
1103 346 1173 391 ἐπί
1180 363 1219 391 τι
1233 342 1452 427 ψευδεῖς,]
1467 344 1541 390 καὶ
1564 341 1637 405 εἰη
1649 343 1727 402 μὲν

310 411 457 469 ἅπλῶς
478 410 652 473 ἀληθὴς
668 409 697 473 ἡ
712 410 750 456 6'
766 411 837 456 ἐπί
851 428 890 457 τι
907 411 1090 474 ψευδής,
1116 411 1207 472 [καὶ
1227 412 1264 457 εἰ
1283 429 1313 472 η
1335 411 1411 469 μὲν
1426 414 1507 471 ολη
1517 405 1727 471 ψευδὴςὴ

312 478 351 526 δ’
368 480 439 526 ἐπί
457 495 496 524 τι
516 477 724 538 άληθής,]
757 479 829 522 καὶ
848 477 895 523 ἐν
916 483 1006 535 τοῖς
1025 476 1229 523 καθόλου
1260 477 1332 522 καὶ
1352 477 1419 522 ἐπὶ
1438 479 1522 521 τῶν
1542 476 1587 521 ἐν
1611 476 1729 534 μέρει

263 562 296 589 10
311 547 626 605 συλλογισμῶν.
670 544 707 588 εἰ
737 540 822 603 γὰρ
855 541 906 589 τό
939 548 976 589 Α
1008 562 1066 608 τ9)
1100 544 1177 602 μὲν
1209 546 1247 588 Β
1277 543 1430 626 μηδενὶ
1461 540 1642 600 ὑπάρχει
1667 543 1729 604 τῷ

311 613 358 658 δὲ
381 614 426 656 Γ
452 610 593 664 παντί,
628 606 723 655 οἷον
742 612 855 673 ζῷον
876 610 988 674 λίθῳ
1007 612 1084 669 μὲν
1105 608 1252 655 οὐδενὶ
1276 611 1390 672 ἵππῳ
1415 608 1461 653 δὲ
1481 608 1620 662 παντί,
1655 585 1730 652 ἐὰν

311 677 512 732 ἐναντίως
539 679 729 722 τεθωσιν
759 655 803 721 άῖ
832 656 1062 735 προτάσεις
1088 676 1160 720 καὶ
1181 679 1340 756 ληφθῇ
1370 672 1420 719 τὰ
1439 677 1477 719 Α
1503 678 1567 737 τῷ
1597 673 1674 732 μεν
1693 674 1732 717 Β

310 744 438 790 παντὶ
470 761 529 807 τ9)
564 743 610 787 δὲ
645 745 690 787 Γ
716 743 882 804 μηδενί,
915 742 961 788 ἐκ
993 744 1176 797 ψευδῶν
1214 740 1330 786 ὅλων
1360 744 1449 786 τῶν
1480 719 1733 797 προτάσεων

312 808 477 871 ἄληθες
504 809 620 855 ἔσται
636 806 686 853 τὸ
714 809 1014 867 συιιπέρασιια.
1071 805 1231 865 ὁμοίως
1258 808 1305 853 δὲ
1336 806 1410 850 καὶ
1442 807 1480 851 εἰ
1508 808 1569 884 τῷ
1597 805 1674 862 μὶν
1694 805 1734 848 Β

264 892 298 920 15
313 876 440 921 παντὶ
469 878 529 939 τῷ
561 875 606 920 δὲ
639 878 684 919 Γ
707 852 877 957 μηδενὶ
890 871 1074 931 ὑπάρχει
1102 871 1154 918 τὸ
1184 876 1244 917 A·
1291 869 1316 917 6
1345 868 1426 931 γάρ
1458 867 1590 923 αὐτὸς
1618 869 1734 913 ἔσται

313 923 620 999 συλλογισιιός.
655 939 788 984 πάλιν
812 940 850 983 εἰ
871 937 901 1015 ᾗ
930 957 1007 997 μεν
1027 938 1147 993 ἑτέρα
1177 935 1261 995 ὅλη
1288 934 1458 994 ψευδὴς
1489 931 1518 994 ἡ
1548 931 1586 979 6'
1613 933 1734 991 ἑτέρα

315 1003 399 1067 ὅλη
429 1003 623 1065 ἀληθής·
669 1002 800 1048 οὐδὲν
829 1001 912 1060 γὰρ
942 1000 1103 1047 κωλύει
1133 998 1184 1045 τὸ
1209 1004 1247 1045 Α
1278 1001 1350 1045 καὶ
1377 1003 1437 1063 τῷ
1457 1002 1493 1044 Β
1519 1000 1674 1080 καὶτῷ
1696 1001 1742 1044 Γ

312 1071 440 1116 παντὶ
473 1067 696 1126 ὑπάρχειν,
730 1064 781 1112 τὸ
817 1067 960 1126 μέντοι
995 1070 1032 1112 Β
1065 1067 1216 1128 μηδενὶ
1247 1070 1309 1130 τῷ
1338 1069 1384 1121 Γ,
1417 1062 1512 1110 οἷον
1537 1062 1589 1110 τὸ
1610 1065 1736 1126 γένος

312 1141 403 1192 τοῖς
436 1133 496 1196 μὴ
528 1131 605 1180 ὑπ’
639 1132 804 1215 ἄλληλα
838 1134 1007 1178 ειδεσιν.
1049 1130 1099 1178 τὸ
1132 1130 1217 1215 γάρ
1250 1134 1362 1196 ζῷον
1380 1132 1453 1176 καὶ
1473 1133 1589 1212 ἲππ9)
1610 1131 1738 1176 παντὶ

264 1221 300 1249 20
314 1203 388 1248 καὶ
408 1198 647 1263 α’νθρῶπῳ,
670 1201 741 1244 καὶ
765 1197 914 1254 ου’ὄεὶς
934 1196 1172 1256 ἄνθρωπος
1193 1200 1336 1254 ἵππος.
1381 1195 1455 1243 ἐὰν
1475 1190 1561 1242 οὖν
1578 1199 1737 1259 ληφθῇ
1778 1190 1783 1194 ’

313 1272 376 1333 τῷ
408 1285 488 1326 μεν
521 1266 649 1312 παντὶ
681 1284 742 1330 τ9)
777 1266 822 1311 δὲ
855 1265 1007 1348 μηδενὶ
1041 1262 1267 1323 ὑπάρχειν,
1301 1261 1330 1325 ἡ
1364 1281 1440 1322 μεν
1465 1260 1547 1324 ὅλη
1566 1260 1737 1343 ψευδὴς

316 1315 432 1381 εσται
462 1330 491 1394 ἡ
527 1330 564 1378 6³
599 1330 682 1392 ὅλη
713 1311 904 1392 ἀληθής,
932 1331 1005 1375 καὶ
1038 1328 1090 1376 τὸ
1125 1330 1418 1389 συμπέρασμα
1439 1327 1605 1390 ἄληθες
1626 1325 1741 1387 πρὸς

319 1398 602 1480 ὁποτερῳοῦν
622 1397 822 1453 τεθέντος
851 1400 934 1442 τοῦ
954 1400 1221 1458 στερητικοῦ.
1268 1398 1339 1440 καὶ
1361 1392 1442 1441 εἰ
1417 1414 1446 1457 η
1466 1395 1587 1453 ετέρα
1610 1394 1681 1440 ἐπί
1699 1410 1740 1439 τι

317 1463 501 1526 ψευόης,
543 1462 573 1526 ἡ
615 1461 654 1509 6'
695 1463 818 1521 ετέρα
860 1460 943 1524 ὅλη
978 1461 1165 1524 αληθής.
1226 1461 1399 1522 ἐγχωρεῖ
1418 1458 1513 1522 γάρ
1540 1458 1590 1506 τὸ
1619 1464 1655 1506 Α
1678 1462 1740 1524 τῷ

267 1533 395 1592 εεμεν
425 1534 463 1576 Β
490 1531 570 1576 τινὶ
600 1527 811 1588 υπάρχειν
838 1533 898 1592 τ9ἶ
931 1529 977 1574 δε
1012 1531 1058 1573 Γ
1079 1526 1319 1582 παντί,τό
1353 1528 1495 1586 μέντοι
1526 1530 1564 1572 Β
1590 1525 1742 1607 μηδενὶ

314 1616 377 1663 τ9)
411 1600 470 1652 Γ,
503 1593 598 1642 οἷον
619 1598 731 1659 ζῳον
764 1598 910 1658 λευκ9)
937 1612 1014 1653 μεν
1041 1595 1121 1640 τινὶ
1150 1593 1308 1651 κόρακι
1339 1594 1385 1639 δε
1415 1593 1555 1648 παντί,
1587 1593 1660 1637 καὶ
1685 1588 1740 1637 τὸ

317 1645 482 1710 λευκὸν
514 1660 662 1708 οὐδενὶ
692 1660 858 1718 κόρακι.
916 1658 989 1706 ἐὰν
1022 1653 1107 1706 οὖν
1135 1662 1292 1721 ληφθῇ
1321 1677 1381 1723 τ9)
1414 1677 1491 1718 μεν
1520 1661 1557 1704 Β
1591 1657 1742 1719 μηδενὶ

317 1747 377 1795 τ9)
413 1730 459 1775 δε
492 1732 537 1774 Γ
562 1725 652 1809 ὅλῳ
682 1725 912 1786 ὑπάρχειν,
948 1724 977 1785 ἡ
1007 1743 1085 1785 μεν
1112 1729 1187 1770 ΑΒ
1215 1724 1427 1782 πρότασις
1460 1724 1528 1771 ἐπί
1558 1741 1599 1769 τι
1628 1726 1742 1778 ψευ-

319 1776 424 1858 δής,
464 1792 495 1856 ἡ
540 1791 577 1839 6'
605 1797 690 1839 ΑΓ
714 1791 795 1855 ὅλη
824 1791 1022 1853 ἀληθής,
1051 1793 1123 1837 καὶ
1152 1789 1202 1837 τὸ
1228 1791 1531 1874 συμπέρασμα
1565 1788 1741 1851 ἀληθές

269 1880 305 1908 80
319 1864 391 1908 καὶ
417 1859 751 1920 μετατιθεμένου
771 1860 817 1904 δὲ
835 1862 917 1905 τοῦ
936 1862 1191 1942 στερητικοῦ
1207 1854 1535 1914 matham-610}
1556 1854 1638 1916 γὰρ
1657 1858 1743 1901 τῶν

320 1926 471 1974 αὐτῶν
493 1922 609 1984 ὅρων
631 1923 660 1986 ἡ
690 1922 917 1980 ἀπόδειξις.
953 1926 1025 1969 καὶ
1045 1925 1084 1969 εἰ
1105 1922 1130 1985 ἡ
1149 1921 1420 1985 καταφατικὴ
1442 1922 1654 1981 πρότασις
1673 1920 1745 1966 ἐπί

319 2010 360 2040 τι
374 1990 558 2053 ψευδης,
579 1989 606 2052 ἡ
626 1992 671 2035 δὲ
693 1987 918 2052 στερητικη
940 1987 1021 2051 ὅλη
1045 1987 1230 2052 αληθής.
1265 1987 1398 2034 οὕὸεν
1418 1986 1496 2049 γάρ
1517 1986 1678 2032 κωλύει
1693 1984 1743 2032 τὸ

320 2063 359 2106 Α
396 2061 457 2119 τῷ
488 2075 565 2117 μεν
592 2060 630 2102 Β
655 2057 738 2102 τινὶ
766 2054 978 2115 ὑπάρχειν
1017 2071 1078 2119 τῳ
1126 2056 1172 2100 ὁε
1203 2058 1249 2099 Γ
1278 2052 1367 2119 ὅλῳ
1408 2052 1468 2116 μὴ
1516 2051 1743 2112 ὑπάρχειν,

320 2126 396 2171 καὶ
427 2121 480 2170 τὸ
510 2127 548 2169 Β
574 2124 728 2184 μηδενὶ
748 2140 809 2186 τ9)
834 2125 886 2176 Γ,
918 2127 1013 2168 οἱον
1042 2119 1092 2167 τὸ
1125 2123 1237 2184 ζῳον
1257 2100 1400 2184 λευκ9)
1422 2138 1500 2179 μεν
1519 2120 1600 2165 τινὶ
1622 2119 1746 2199 πίττη

273 2208 308 2236 35
323 2190 362 2238 6'
382 2189 581 2253 ουόεμια,
592 2207 666 2234 και
684 2186 736 2234 τὸ
749 2168 909 2234 λευκὸν
927 2186 1112 2250 οὐδεμιᾷ
1135 2188 1284 2247 πίττη..
1306 2167 1499 2233 ssim-'5612
1518 2188 1676 2246 ληφθῇ
1695 2181 1746 2230 τὸ

322 2262 360 2304 Α
390 2255 478 2321 ὅλ9)
509 2274 575 2336 τ9)
603 2258 640 2300 Β
667 2252 880 2314 υπάρχειν
907 2272 968 2318 τ9)
1004 2255 1051 2299 δε
1087 2253 1309 2315 Γμηδενί,
1342 2250 1371 2316 ἡ
1403 2270 1482 2311 μεν
1509 2255 1586 2297 ΑΒ
1615 2251 1687 2296 ἐπί
1707 2266 1748 2295 τι

322 2322 517 2385 ψευδής,
546 2319 576 2383 ἡ
607 2318 648 2366 6’
679 2323 764 2366 ΑΓ
789 2318 871 2382 ὅλη
904 2300 1100 2382 ἀληθής,
1139 2320 1211 2364 καὶ
1243 2316 1295 2364 τὸ
1327 2318 1615 2377 συμπέρασμα
1637 2314 1745 2378 ἄλη-

322 2389 416 2446 θές.
460 2388 531 2434 καὶ
566 2387 604 2433 εἰ
630 2384 873 2446 αμφότεραι
904 2387 948 2432 αἱ
972 2384 1203 2446 προτάσεις
1230 2385 1302 2432 ἐπί
1327 2401 1366 2430 τι
1394 2387 1594 2439 ψευδεῖς,
1627 2382 1745 2428 εσται

323 2453 374 2502 τὸ
402 2453 692 2538 συμπέρασμα
720 2451 897 2515 αληθές.
951 2453 1124 2513 ἐγχωρεῖ
1146 2450 1227 2512 γὰρ
1251 2448 1302 2498 τὸ
1331 2454 1368 2496 Α
1400 2451 1473 2495 καὶ
1504 2468 1564 2514 τ9)
1603 2452 1640 2494 Β
1671 2448 1746 2493 καὶ

275 2538 385 2587 40179)
414 2524 460 2567 Γ
480 2521 562 2567 τινὶ
588 2517 819 2579 υπάρχειν,
850 2516 901 2565 τὸ
933 2519 979 2564 δε
1013 2522 1050 2564 Β
1076 2518 1227 2580 μηδενὶ
1255 2520 1316 2582 τῷ
1348 2519 1398 2573 Γ,
1418 2513 1513 2562 οἷον
1535 2518 1650 2579 ζῳον
1669 2513 1745 2558 καὶ

416 2637 437 2669 7
456 2648 496 2680 pr
517 2635 569 2679 εἰ]
587 2634 626 2668 αὶ
645 2647 678 2667 n.
710 2652 756 2661 -
787 2635 828 2669 19
846 2636 924 2675 τοῖς
941 2646 979 2668 rc
998 2644 1098 2676 supra
1115 2644 1152 2666 vs
1169 2644 1203 2666 π.
1233 2650 1276 2657 -
1307 2632 1351 2664 90
1369 2637 1448 2674 post
1467 2629 1596 2686 ληφθῇ
1611 2628 1680 2661 add
1700 2624 1742 2662 τὸ

326 2648 489 2759 {rget-Ad
507 2698 551 2706 ·-·
582 2680 626 2714 24
650 2677 715 2725 ὅλη
739 2690 796 2714 om
829 2681 864 2714 G.
897 2697 943 2706 —
975 2678 1102 2724 27295]
1126 2674 1384 2722 τὸατῷΑΟπ.
1408 2685 1609 2721 -μενοιιι
1637 2673 1674 2707 G.
1700 2689 1746 2698 --

386 2737 431 2759 αν
