1716 3120
126 181 206 220 44⁰
469 156 479 165 ἃ
643 185 889 230 Analytlca
923 187 1090 230 priora.

181 281 234 319 18
260 292 318 331 sq.
346 280 443 320 satis
471 285 633 332 apparet
668 280 720 320 de
747 283 879 320 soritis
907 295 997 321 esso
1023 295 1264 324 sermonem:
1304 295 1425 334 quare
1449 282 1507 336 μὴ
1535 284 1606 323 de-

182 341 341 381 lendum
371 344 456 381 erit.
496 343 719 382 Alexander
746 346 830 391 (ed.
859 344 960 384 lunt.
983 348 1083 385 1521
1110 346 1180 386 fol.
1200 347 1328 394 1151»)
1352 346 1403 385 de
1423 346 1608 386 hocloco

180 404 281 444 haec
307 405 447 444 habet:
475 403 522 444 τὸ
551 403 597 445 δὲ
623 404 724 455 »διὰ
749 407 956 449 πλειόνων
981 405 1120 459 μέσων
1140 405 1228 461 [μὴ]
1247 407 1461 461 συνεχῶν”
1481 405 1608 454 ἐστιν,

183 464 287 506 ὅταν
314 470 499 518 συνεχεῖς
527 465 673 521 ἐφεξῆς
698 470 918 520 προτάσεις
944 470 1138 519 πλείονας
1164 471 1363 524 λαβόντες
1389 468 1533 523 μηκέτι
1557 469 1610 511 τὰ

182 528 384 581 γινόμενα
413 528 454 579 ἐξ
481 530 623 571 αὐτῶν
650 533 978 585 συμπεράσματα
1005 532 1337 587 ἐκλαμβάνοντες
1362 534 1528 582 τούτοις
1554 532 1611 582 ὥς

185 592 405 640 δεικτικοῖς
415 597 500 634 ,τοῦ
518 594 799 647 προκειμένου
814 597 1058 650 χρησόμεθα
1081 600 1176 651 (leg.
1195 597 1481 651 χρησώμεθα).
1519 597 1610 650 Ipsa

183 656 393 695 Alexandri
419 659 627 710 explicatio
656 661 828 701 ostendit
855 666 894 700 et
922 662 972 700 de
1001 662 1132 701 soritis
1160 662 1414 701 Aristotelem
1441 660 1550 712 loqui
1570 663 1611 699 et

180 718 400 759 tollendum
429 734 518 760 esse
545 720 626 774 μή,
668 723 773 772 quod
809 724 924 762 etiam
951 724 1020 762 fol.
1049 726 1159 763 116⁸
1195 725 1256 763 bis
1283 730 1394 763 recte
1419 725 1611 762 omissum

180 786 268 820 est:
296 794 366 833 res,
389 784 492 822 enim
519 797 618 834 quae
645 785 699 824 ibi
727 786 942 838 explicatur
969 787 1085 838 plane
1112 788 1251 825 endem
1279 791 1351 825 est.
1396 785 1489 825 vet.
1506 785 1604 836 intp.

184 845 272 883 cod.
303 844 423 885 Goth.
450 848 594 886 retinet
621 846 691 899 μή.
746 848 805 887 De
831 849 1147 900 prosyllogismis
1182 852 1313 887 autem
1343 847 1439 887 nihil
1463 846 1611 893 adiicit,

180 908 363 957 quoniam
392 909 539 947 clarum
569 915 630 948 est
657 911 799 950 horum
826 911 991 950 eandem
1019 923 1109 949 esse
1134 911 1327 950 rationem
1353 913 1469 961 atque
1488 909 1611 960 syllo-

181 969 400 1021 gismorum
429 972 689 1023 simplicium,
726 974 776 1012 de
815 974 954 1023 quibus
991 974 1109 1013 modo
1145 974 1242 1012 dixit
1271 974 1436 1018 (etenim
1462 972 1612 1023 primus

179 1033 506 1085 prosyllogismos
533 1035 695 1074 habebit
720 1040 803 1075 tres
826 1037 1018 1075 terminos
1041 1037 1081 1075 in
1103 1037 1250 1075 duabus
1266 1032 1613 1088 propositionibus,

180 1095 321 1145 reliqui
346 1101 475 1135 autem
503 1099 795 1150 prosyllogismi
822 1100 887 1150 qui
914 1100 1149 1138 adiiciuntur
1176 1111 1312 1137 omnes
1340 1099 1381 1137 in
1404 1098 1504 1137 binis
1519 1109 1612 1148 pro-

179 1158 443 1208 positionibus
457 1160 568 1198 binos
591 1162 778 1200 terminos
797 1162 968 1201 inferent
985 1174 1126 1200 novos:
1154 1174 1244 1200 nam
1263 1161 1402 1199 tertius
1420 1160 1611 1199 terminus

179 1221 287 1259 idem
308 1234 397 1260 esse
416 1222 575 1261 debebit
596 1228 712 1275 atque
730 1237 829 1263 unus
850 1238 984 1264 eorum
997 1225 1061 1276 qui
1074 1226 1408 1275 praecesserunt),
1431 1223 1507 1261 nisi
1525 1221 1611 1272 quis

177 1284 284 1334 ipsas
306 1285 597 1335 propositiones
619 1300 666 1325 ex
690 1288 829 1337 quibus
852 1288 993 1326 sorites
1009 1287 1206 1325 efficiatur
1221 1276 1614 1336 προσυλλογισμοὺς

181 1346 230 1384 ab
254 1346 467 1386 Aristotele
491 1349 679 1399 appellari
702 1350 815 1391 dicat.
854 1350 995 1389 Restat
1021 1350 1154 1402 igitur,
1182 1356 1225 1388 ut
1245 1349 1487 1401 explicemus
1509 1346 1614 1397 quod

181 1408 232 1447 de
265 1410 397 1447 soritis
432 1411 567 1452 tradit.
635 1412 677 1451 Si
713 1413 909 1451 conclusio
945 1413 1013 1451 AB
1042 1412 1240 1464 colligitur
1266 1411 1443 1451 terminis
1470 1408 1614 1449 mediis

181 1471 248 1510 CD
272 1472 540 1523 interpositis,
572 1475 719 1524 poterit
740 1476 930 1513 terminus
950 1475 983 1513 D
1012 1475 1078 1525 qui
1105 1487 1226 1513 novus
1253 1475 1436 1513 adiicitur
1462 1471 1507 1519 (ὁ
1532 1482 1612 1511 ποι-

184 1533 428 1586 ρεμπίπτων
447 1534 565 1587 ὅρος)
583 1537 765 1575 collocari
784 1541 849 1576 aut
876 1542 988 1576 extra
1015 1537 1202 1575 terminos
1231 1537 1310 1585 ΑΒ,
1340 1536 1405 1587 qui
1429 1548 1502 1587 per
1528 1538 1612 1573 ter-

182 1598 332 1636 minum
362 1599 393 1637 C
422 1601 728 1651 coniunguntur,
766 1604 833 1638 aut
868 1600 969 1637 intra
1005 1611 1085 1638 eos.
1147 1598 1229 1638 Sed
1255 1610 1526 1650 quemcunque
1551 1597 1613 1635 lo-

183 1673 272 1698 cum
303 1665 492 1712 occupat,
530 1674 717 1700 numerus
757 1659 1070 1713 coniugationum
1107 1673 1206 1710 quae
1241 1674 1264 1699 e
1296 1661 1399 1700 binis
1435 1658 1612 1698 terminis

181 1723 284 1762 fiunt
313 1720 382 1768 (τὰ
409 1722 686 1775 διαστήματα)
716 1736 872 1775 semper
906 1725 1052 1762 unitate
1078 1724 1207 1761 minor
1234 1723 1311 1761 erit
1338 1734 1501 1761 numero
1526 1725 1613 1759 ter-

178 1786 397 1835 minorum,
426 1787 460 1824 si
494 1787 621 1825 omnis
651 1787 870 1836 coniugatio
898 1786 1033 1837 incipit
1061 1786 1108 1823 ab
1137 1785 1259 1823 altero
1286 1786 1453 1823 termino
1481 1784 1595 1822 coniu

177 1849 348 1899 gationis
377 1849 671 1899 praecedentis:
711 1849 901 1898 siquidem
942 1860 1128 1887 numerus
1165 1847 1480 1898 couiugationum
1506 1846 1612 1885 idem

177 1915 324 1959 manet,
354 1912 435 1949 sive
463 1912 571 1949 dicas
599 1911 682 1959 AC,
713 1911 794 1959 OD,
822 1910 888 1949 DB
917 1912 999 1949 sive
1027 1911 1110 1959 DA,
1137 1910 1221 1959 Ac,
1251 1910 1329 1949 CB.
1378 1909 1496 1947 Patet
1522 1908 1612 1947 inde

179 1973 272 2023 quid
307 1973 467 2012 intersit
501 1975 607 2012 inter
642 1973 848 2022 πρότασιν
884 1977 925 2012 et
952 1972 1179 2024 διάστημα;
1219 1985 1384 2023 namque
1411 1970 1612 2022 πρότασις

178 2036 365 2087 exprimit
388 2041 536 2074 certam
554 2037 808 2086 praedicandi
829 2036 1031 2083 rationem,
1062 2034 1267 2086 διάστημα
1294 2034 1390 2072 nihil
1415 2034 1492 2072 nisi
1520 2046 1611 2073 con-

176 2099 412 2149 iugationem
435 2099 633 2149 signorum
656 2112 754 2148 quae
774 2099 1029 2137 terminorum
1048 2099 1156 2137 locos
1179 2101 1340 2136 tenent:
1367 2109 1486 2147 quare
1508 2108 1610 2147 προ-

178 2159 316 2207 τάσεις
342 2162 420 2200 ΑΒ
449 2166 490 2199 et
518 2161 596 2200 BA
624 2162 801 2200 diversae
829 2165 940 2208 sunt,
979 2174 1212 2212 quamquam
1233 2158 1439 2212 διάστημα
1465 2159 1544 2198 ΑΒ
1572 2163 1613 2198 et

177 2224 261 2263 BA
288 2225 395 2263 idem
423 2228 506 2263 est:
543 2226 712 2263 202a19
747 2223 794 2263 τὸ
833 2223 936 2263 αὐτὸ
975 2223 1181 2276 διάστημα
1214 2222 1264 2262 ’ἐν
1300 2221 1406 2273 πρὸς
1434 2221 1513 2262 δύο
1539 2219 1612 2262 καὶ

178 2286 258 2327 δύο
287 2286 393 2338 πρὸς
419 2284 477 2337 ἕν,
505 2285 576 2328 καὶ
601 2286 649 2327 τὸ
676 2287 851 2334 ἄναντες
879 2285 949 2327 καὶ
974 2286 1022 2328 τὸ
1050 2287 1268 2334 κάταντες·
1295 2287 1429 2325 ταῦτα
1455 2283 1536 2336 γὰρ
1562 2282 1611 2324 ἓν

175 2349 253 2402 μέν
280 2347 418 2401 ἐστιν,
446 2349 470 2390 ὁ
497 2349 639 2402 μέντοι
665 2351 791 2402 λόγος
819 2350 895 2402 οὐχ
923 2345 992 2398 εἷς.
1049 2351 1228 2390 Occurrit
1255 2350 1373 2388 etiam
1401 2347 1609 2398 διάστημα

178 2427 226 2453 eo
255 2427 373 2453 sensu
400 2416 594 2465 positum,
634 2428 750 2465 quem
786 2415 936 2454 habere
965 2415 1067 2454 solet
1094 2413 1305 2458 διάστασις
1332 2416 1388 2457 (v.
1416 2411 1606 2456 2081114)

178 2479 330 2517 20924
358 2476 618 2529 διαστήματα
654 2475 731 2529 μὲν
758 2471 837 2518 οὖν
864 2473 944 2529 ἔχει
969 2476 1076 2529 τρία,
1104 2478 1236 2530 μῆκος
1262 2471 1332 2516 καὶ
1357 2472 1512 2520 πλάτος
1538 2469 1609 2513 καὶ

177 2539 338 2590 βάθος,
367 2534 431 2588 οἷς
458 2539 634 2590 ὁρίζεται
662 2536 783 2592 σῶμά
808 2542 905 2580 πᾶν.
934 2563 985 2569 --
1021 2541 1108 2580 Erit
1136 2539 1304 2579 fortasse
1339 2537 1406 2587 qui
1434 2536 1607 2588 explica-

175 2604 322 2642 tionem
349 2616 465 2654 quam
492 2604 674 2643 dedimus
701 2605 776 2644 hae
802 2604 1039 2643 difficultate
1065 2603 1242 2642 laborare
1267 2600 1398 2648 dicat,
1426 2599 1545 2650 quod,
1572 2598 1606 2637 si

178 2666 369 2704 terminus
397 2666 430 2704 D
459 2671 625 2718 ponatur
652 2671 763 2707 extra
796 2666 986 2706 terminos
1012 2666 1104 2715 AB,
1138 2667 1183 2703 ut
1209 2661 1502 2714 coniugationes
1529 2660 1607 2700 sint

178 2727 260 2778 DA,
287 2728 369 2778 AG,
398 2728 463 2768 CB
492 2729 553 2769 vel
583 2729 668 2778 AC,
694 2729 773 2779 CB,
803 2729 891 2780 BD,
928 2741 1006 2769 non
1032 2729 1104 2768 fiat
1128 2725 1330 2767 conclusio
1357 2725 1438 2775 AB,
1465 2723 1543 2774 vel,
1571 2723 1606 2763 si
