1780 3112
421 172 485 207 De
521 171 769 207 codicibus
798 171 993 217 graecis
1023 171 1215 217 Organi.
1522 174 1548 214 7

187 271 407 304 Laurent.
430 268 506 312 72,
528 269 562 304 8.
620 270 816 314 Perperam
849 271 988 304 notavit
1009 270 1166 305 Bandini
1196 270 1268 303 hoc
1292 271 1418 305 codice
1443 272 1546 307 Anal-

98 337 151 370 pr.
175 325 310 360 librum
331 327 367 360 11
392 326 576 360 contineri.
624 326 690 360 Est
711 327 991 361 commentarius
1016 338 1216 372 anonymus
1230 327 1266 360 in
1283 327 1381 361 hunc
1401 327 1547 370 librum,

96 394 202 427 quem
218 395 246 417 ·e
268 383 383 418 Paris.
409 383 505 428 Reg.
533 382 623 417 1873
647 383 826 427 excerpsit
849 383 1023 425 mandis,
1059 385 1153 428 quod
1186 372 1261 418 ia⁶in
1287 387 1388 428 patet
1411 386 1546 420 collato

96 440 170 474 line
192 439 295 482 libri,
319 451 427 484 quem
452 438 608 473 Bandini
631 439 773 481 adiecit,
798 450 880 473 cum
903 440 978 474 fine
1002 441 1133 475 scholii
1156 452 1215 485 ap.
1239 441 1407 475 Brandis.
1426 453 1461 485 p.
1480 440 1549 476 195

95 497 120 530 b
131 496 190 530 25.
222 497 367 530 Initium
385 507 470 530 eum
489 495 642 530 fefellit:
666 497 786 540 prima
804 496 900 530 enim
916 497 1116 532 Aristotelis
1132 497 1246 532 verba
1262 496 1549 542 interpretationi

96 552 303 597 praeposita
326 556 417 586 sunt.

180 608 273 642 Lau
284 612 397 642 rent.
420 607 493 651 72,
517 606 581 640 22.
640 609 774 642 Manus
807 621 878 653 qua
905 610 1114 655 categoriae
1147 610 1306 656 scriptae
1337 614 1420 646 sunt
1454 612 1547 646 anti-

93 663 196 708 quior
218 665 362 699 videtur
386 675 464 699 esse
489 675 598 708 quam
622 676 716 709 quae
740 666 882 711 reliqua
907 667 1083 700 exaravit.

182 720 401 755 Laurent.
426 720 492 762 72,
516 720 569 755 18
591 722 860 767 elegantissime
885 727 1066 765 exaratus,
1090 726 1198 758 notae
1221 724 1433 759 rarissimae
1453 727 1546 760 sunt.

90 777 218 811 ffiem
246 777 331 812 libri
354 778 417 811 vn
452 777 676 822 Topicorum
711 782 808 813 recte
842 779 1021 814 iudicavit
1054 779 1210 813 Bandini
1239 781 1459 828 scholiastae
1484 793 1547 816 cu-

92 833 233 868 iusdam
257 834 559 878 additamentum,
594 839 648 869 est
683 835 779 869 enim
801 835 944 870 initium
968 836 1055 871 libri
1080 836 1201 870 octavi
1235 837 1488 872 commentarii
1510 837 1547 872 in

91 891 184 935 Top.
209 891 256 925 ab
281 891 382 925 Alex.
406 892 519 936 Aphr.
546 891 756 935 compositi,
781 893 877 936 quod
899 892 984 926 vide
1008 892 1043 926 in
1067 893 1200 927 Brand.
1227 894 1341 929 schol.
1367 907 1403 939 p.
1426 893 1496 928 291
1521 894 1545 927 b

89 947 263 983 38-292
286 959 310 982 a
332 947 378 982 13
398 944 423 993 ἧ
449 946 676 994 παρασκευή.

179 1005 402 1038 Laurent.
428 1004 499 1049 72,
527 1004 590 1038 10.
638 1004 903 1039 Recentissima
933 1009 1015 1039 sunt
1051 1005 1170 1050 prima
1204 1005 1314 1049 folia,
1347 1017 1441 1050 quae
1474 1007 1544 1041 ha-

89 1060 176 1094 bent
205 1061 477 1106 categoriarum
508 1061 652 1095 initium
683 1073 798 1105 usque
823 1062 870 1095 ad
895 1074 928 1106 p.
952 1061 976 1095 9
999 1062 1022 1095 b
1047 1062 1092 1095 22
1117 1061 1252 1106 φύσιν,
1283 1066 1320 1097 et
1342 1064 1447 1097 Anal.
1472 1075 1543 1107 pr.,

89 1128 182 1161 quae
205 1116 270 1151 fol.
295 1117 341 1151 33
364 1117 388 1150 b
412 1116 606 1161 incipiunt,
630 1116 676 1150 24
700 1128 723 1150 a
747 1117 872 1151 1⁰—b
900 1118 945 1151 12
971 1117 1009 1152 ἐν
1033 1121 1122 1158 τοῖς.
1170 1118 1282 1152 Liber
1305 1119 1341 1152 11
1365 1118 1439 1152 alia
1462 1130 1543 1154 ma—

88 1184 136 1207 nu
154 1178 334 1207 exaratus.
382 1173 502 1207 Maior
525 1173 609 1208 libri
632 1184 717 1218 pars
740 1184 763 1207 a
788 1174 923 1208 recenti
946 1185 1056 1208 manu
1080 1174 1246 1218 profecta
1270 1178 1343 1217 est,
1381 1186 1474 1219 quae
1497 1175 1542 1210 li-

87 1231 195 1264 brum
216 1231 471 1275 imperfectum
494 1232 555 1264 vel
578 1230 746 1264 mutilum
768 1232 938 1274 supplere
965 1231 1089 1265 voluit.

178 1287 397 1321 Laurent.
419 1287 493 1330 72,
516 1286 579 1320 16.
626 1287 818 1320 Ammonio
850 1287 975 1322 tribuit
1008 1299 1101 1332 quae
1126 1286 1323 1332 Philoponi
1348 1298 1430 1321 esse
1455 1286 1543 1321 dicit

87 1343 202 1378 Puris.
226 1344 322 1389 Reg.
349 1343 460 1383 18433
484 1343 532 1377 cf.
557 1343 724 1377 Brandis.
746 1344 861 1377 schol.
886 1356 920 1388 p.
944 1344 1000 1378 3-1.
1049 1345 1207 1389 Reliqua
1222 1345 1331 1378 huius
1356 1344 1434 1377 cod.
1452 1344 1541 1377 Am-

87 1400 199 1434 monii
219 1400 359 1434 scholia
378 1401 507 1434 eadem
524 1404 606 1434 sunt
625 1404 733 1444 atque
756 1401 792 1434 in
819 1401 936 1434 editis.
973 1402 1166 1436 Contextus
1189 1401 1320 1435 nullius
1345 1399 1452 1444 pretii
1476 1403 1540 1434 est.

176 1456 390 1490 Laurent.
416 1456 488 1498 72,
513 1457 575 1490 17.
622 1458 664 1490 ln
686 1457 808 1490 medio
832 1457 924 1491 libro
949 1459 995 1492 de
1018 1458 1105 1502 intp.
1130 1458 1200 1492 tria
1222 1458 1314 1492 folia
1337 1456 1541 1500 antiquiora

85 1513 252 1547 videntur
282 1513 400 1547 inesse
432 1512 478 1546 20
498 1524 521 1547 a
537 1512 582 1546 24
606 1511 804 1559 ἀποφῆσαι
830 1534 871 1539 -
896 1514 942 1548 23
958 1515 982 1548 b
1000 1514 1047 1549 35
1071 1512 1132 1550 ὅτι
1166 1514 1254 1558 ου’κ,
1291 1515 1379 1548 item
1410 1514 1539 1559 Categ.

85 1569 130 1604 13
146 1570 170 1603 b
187 1570 232 1603 27
256 1567 317 1604 ἐπὶ
339 1588 385 1596 -
409 1569 454 1603 18
472 1580 495 1603 a
512 1569 556 1602 10
580 1571 644 1604 καί
677 1583 786 1611 τινες.
839 1572 1059 1615 Plerumque
1092 1584 1174 1605 cum
1199 1572 1277 1605 cod.
1302 1570 1538 1612 Rconvenit.

175 1626 394 1660 Laurent.
421 1625 499 1668 71,
521 1625 583 1660 35.
631 1628 784 1669 Manus,
809 1639 903 1672 quae
928 1634 1047 1674 categ.
1081 1628 1246 1673 scripsit,
1278 1627 1460 1671 antiquior
1484 1629 1540 1662 est

84 1694 195 1716 manu
219 1695 311 1727 quae
333 1683 468 1717 librum
492 1683 536 1716 de
559 1683 648 1727 intp.

175 1741 229 1774 De
262 1740 366 1773 codd.
392 1739 634 1773 Laurentt.
658 1739 735 1782 72,
759 1741 832 1782 12;
856 1741 920 1783 72,
947 1739 1021 1781 15;
1046 1740 1122 1781 72,
1145 1740 1221 1781 20;
1244 1740 1311 1782 87,
1335 1740 1389 1774 16
1413 1744 1450 1775 et
1470 1740 1539 1783 71,

84 1795 108 1830 5
129 1796 220 1830 nihil
243 1796 359 1830 habui
381 1796 476 1839 quod
500 1796 545 1828 iis
579 1797 776 1830 adiicerem
799 1808 892 1841 quae
918 1797 1006 1830 dixit
1028 1797 1185 1831 Bandini
1209 1797 1246 1830 in
1271 1799 1379 1831 catal.
1413 1798 1537 1831 Codex

85 1864 190 1897 quem
215 1853 351 1886 notavit
373 1853 606 1886 Montfaucon
631 1854 827 1899 Palaeogr.
847 1854 910 1886 Gr.
926 1865 962 1897 p.
981 1852 1025 1886 84
1050 1857 1103 1886 est
1128 1854 1294 1887 Laurent.
1312 1853 1370 1895 71,
1394 1851 1429 1896 5,
1454 1865 1537 1887 eum

83 1921 172 1944 vero
197 1920 304 1953 quem
343 1908 434 1942 dixit
465 1910 585 1942 Buhle
611 1913 663 1953 (p.
690 1908 774 1953 160)
799 1920 822 1943 a
848 1922 878 1942 c.
902 1909 925 1942 5
950 1909 1157 1954 categorias
1190 1910 1351 1954 incipere
1383 1921 1452 1943 non
1482 1911 1537 1944 in-

83 1966 187 2007 veni,
223 1976 439 2010 quamquam
471 1970 614 2009 praeter
637 1976 719 2008 eos,
754 1977 907 2009 quorum
941 1967 1163 2000 mentionem
1190 1966 1297 2007 fecit,
1330 1970 1470 2001 exstant
1498 1966 1535 2001 in

84 2024 213 2058 eadem
236 2022 326 2056 bibl.
352 2027 521 2066 quattuor
544 2022 607 2056 alii
633 2022 694 2066 qui
719 2023 764 2055 ad
791 2033 955 2067 organon
980 2023 1169 2068 pertinent.

173 2080 388 2114 Laurent.
412 2079 489 2118 72,
516 2078 579 2111 19.
627 2079 752 2112 Prima
778 2084 915 2123 septem
942 2079 1063 2122 capita
1088 2080 1200 2113 habet
1223 2079 1330 2114 Anal.
1355 2079 1532 2124 priorum.

173 2137 394 2170 Laurent.
418 2134 487 2177 72,
510 2134 564 2168 26
588 2134 651 2169 fol.
676 2134 831 2169 85—94
854 2135 918 2168 lib.
944 2136 960 2168 1
986 2137 1079 2179 Top.

173 2191 395 2226 Laurent.
429 2191 501 2234 31,
533 2191 586 2224 37
618 2191 683 2226 fol.
717 2190 786 2224 233
806 2210 848 2215 -
869 2191 938 2224 262
963 2196 999 2226 et
1021 2191 1095 2234 59,
1129 2191 1182 2225 17
1217 2192 1282 2226 fol.
1310 2190 1378 2226 165
1401 2191 1535 2225 -176

85 2251 213 2294 Categ.
239 2247 434 2291 Reliquum
468 2251 522 2281 est
547 2252 586 2282 ut
609 2249 771 2283 dieamus
795 2248 840 2281 de
865 2248 944 2280 cod.
970 2248 1189 2282 Laurent.
1215 2248 1269 2282 89
1292 2260 1454 2292 super.
1479 2247 1534 2281 77

83 2306 172 2341 olim
203 2304 411 2346 Gaddiano,
443 2304 478 2337 in
510 2316 579 2348 quo
608 2302 768 2338 falsam)
789 2323 835 2329 —
855 2303 923 2337 402
956 2309 1035 2348 post
1060 2305 1142 2338 vul
1171 2305 1285 2339 libros
1308 2304 1533 2348 Topicorum

83 2363 194 2398 etiam
227 2361 310 2395 noni
341 2361 483 2394 initium
518 2361 705 2402 adiicitur,
741 2361 834 2405 quod
859 2360 979 2394 Buhle
1011 2362 1260 2395 commentarii
1282 2361 1532 2405 fragmentum

84 2430 162 2454 esse
186 2418 339 2463 putavit.
398 2419 521 2451 Placet
552 2417 613 2451 hic
645 2417 851 2451 describere
886 2429 980 2461 quae
1003 2419 1039 2452 in
1063 2419 1141 2452 cod.
1166 2417 1368 2451 invenimus
1392 2417 1533 2451 collatis

82 2477 176 2520 Top.
195 2475 229 2508 ll
247 2487 277 2507 c.
296 2473 414 2516 2—4‚
438 2475 531 2508 unde
557 2474 708 2518 patefiat
732 2474 961 2518 Peripatetici
986 2475 1172 2508 cuiusdam
1194 2474 1404 2518 philosophi
1419 2473 1532 2507 fuisse

83 2531 295 2567 dialecticae
320 2530 511 2575 epitomen.

210 2588 426 2623 Τοπικῶν
450 2585 489 2622 θ’
514 2586 739 2632 περὶτῶν
763 2588 847 2622 τοῦ
871 2584 1234 2632 συμβεβηκότος
1258 2585 1424 2620 τόπων.

173 2646 338 2679 Σκοπεῖν
354 2644 390 2678 εἰ
407 2642 449 2678 τὸ
470 2642 519 2684 ὠς
533 2644 637 2688 γένος
654 2640 824 2690 ὑπάρχον
842 2642 892 2683 ὥς
911 2641 1137 2688 συμβεβηκὸς
1162 2638 1411 2678 ἀποδέδωκεν.
1447 2640 1529 2676 οἷον

85 2699 188 2741 εἴτις
205 2701 259 2748 τῷ
277 2701 394 2748 λευκῷ
417 2702 528 2745 φαίεν
556 2702 648 2745 (leg.
669 2702 764 2745 φαίη
790 2702 850 2734 vel
870 2699 1042 2744 φήσειεν)
1075 2698 1342 2745 συμβεβηκέναι
1363 2698 1530 2744 χρώματι

85 2753 182 2791 εἶναι
202 2759 287 2802 (109
308 2769 331 2792 a
349 2757 425 2801 37).
472 2758 585 2792 τοῦτο
603 2755 671 2801 μὲν
690 2751 759 2791 οὖν
788 2757 850 2790 καὶ
879 2755 975 2791 κατὰ
1000 2755 1069 2799 τὴν
1095 2754 1301 2799 ὀνομασίαν
1324 2756 1529 2801 διωρίσθαι

85 2812 282 2857 φαίνεται,
303 2812 481 2855 πολλάκις
495 2813 535 2850 δὲ
554 2814 616 2849 καὶ
631 2811 682 2859 μὴ
704 2811 898 2860 διορισθὲν
916 2813 1083 2857 τίθεται,
1117 2810 1200 2848 οἷον
1226 2812 1266 2848 εἴ
1288 2825 1344 2854 τις
1358 2810 1429 2857 τὴν
1443 2813 1526 2847 λευ-
