1794 3086
603 217 860 263 Auulyticu
889 216 1058 264 priore.
1518 215 1599 256 485

138 327 229 355 mue
266 315 493 356 satisfaciat
519 318 561 355 et
579 315 767 365 ‘vex-imi,
802 316 916 355 cuius
945 315 1148 356 conclusio
1173 318 1306 355 autem
1335 318 1532 366 repugnet
1559 315 1597 354 ei

138 379 388 420 conclusioni
426 392 527 431 quae
564 379 750 432 provenit
786 393 835 418 ex
871 380 1211 433 propositionibus
1249 377 1387 426 falsis,
1426 385 1595 431 apparet

137 443 228 482 fieri
254 456 330 483 non
359 455 493 495 posse,
530 449 575 497 ut
608 444 727 483 etium
756 456 806 482 ex
835 444 898 482 his
934 445 1093 484 eveniat
1120 456 1214 483 veru
1241 442 1460 484 conclusio.
1525 442 1594 481 Li-

135 507 243 546 cebit
269 508 390 558 igitur
417 508 468 546 de
494 508 559 546 his
587 507 831 558 syllogismis
857 508 960 547 hunc
988 507 1164 559 regulam
1193 519 1441 559 proponeret
1490 505 1593 545 Con-

134 571 263 610 clusio
290 584 384 610 vera
421 584 445 610 e
482 571 596 610 falsis
634 571 969 622 propositionibus
998 584 1075 610 non
1105 573 1164 620 fit,
1199 572 1276 610 nisi
1305 571 1340 609 si
1369 582 1420 609 ex
1447 570 1592 609 iisdem

133 635 472 687 propositionibus
501 634 719 673 secundum
757 635 968 674 veritatem
1006 636 1150 675 sumtis
1185 639 1255 674 aut
1282 634 1381 675 nihil
1409 633 1595 673 concludi

133 701 270 749 potest
297 702 366 737 aut
393 698 500 737 idem
529 697 634 749 quod
673 710 697 736 e
725 697 839 736 falsis
872 698 1038 743 (accidit
1066 699 1143 737 hoc
1171 699 1206 737 ll
1230 692 1269 738 α’
1297 705 1339 738 et
1366 692 1451 750 β’);
1491 710 1527 736 v.
1557 709 1594 739 c.

75 780 78 783 *
131 762 171 801 iu
199 761 462 813 syllogismo!
482 756 534 811 α’,
563 762 598 800 si
625 761 846 814 propositio
874 763 999 801 maior
1023 763 1195 802 sumitur
1216 763 1318 801 falsa
1344 775 1472 813 eaque
1496 773 1593 801 vero

133 827 344 875 contraris,
383 826 588 866 conclusio
624 838 719 864 vera
756 839 847 866 esse
883 839 959 866 non
988 831 1135 878 potest,
1174 826 1267 878 quia
1303 825 1449 865 exinde
1475 826 1594 864 fleret

132 890 338 929 conclusio
376 890 610 930 universalis
648 902 797 940 negans
835 903 910 942 per
936 890 1211 942 syllogismum
1241 883 1335 942 113¹:
1373 902 1476 941 quae
1503 889 1591 940 qui-

132 952 225 992 dem
255 953 457 993 conclusio
483 967 575 992 vera
613 966 706 993 esse
740 966 819 993 non
847 958 994 1006 potest,
1036 954 1128 1005 quia
1163 954 1399 993 adversatur
1424 953 1464 992 ei
1490 965 1592 1004 quae

130 1030 206 1068 per
233 1017 507 1069 syllogismum
536 1011 612 1057 [α’
639 1018 850 1069 provenire
889 1018 1014 1057 debet
1054 1030 1105 1057 ex
1131 1018 1277 1057 iisdem
1304 1016 1590 1070 propositioni-

132 1081 206 1119 bus
233 1081 452 1120 secundum
480 1083 693 1121 veritatem
722 1083 877 1123 sumtis.

77 1146 212 1195 54⁸8,
233 1147 286 1183 12
305 1150 347 1184 et
366 1147 418 1184 13
454 1144 503 1186 τὸ
531 1150 624 1185 ante
652 1146 733 1185 AB
761 1151 803 1186 et
832 1146 915 1186 ΒΓ
937 1146 1035 1186 Bkk.
1063 1160 1087 1186 e
1115 1146 1231 1185 codd.
1258 1144 1447 1185 reduxit:
1481 1143 1589 1194 quod

130 1209 308 1260 quamvis
337 1222 497 1248 sensum
526 1210 691 1249 turbare
718 1211 917 1258 videatur,
947 1215 1080 1249 tamen
1107 1210 1215 1250 haud
1243 1222 1334 1249 roro
1363 1209 1422 1248 sic
1449 1208 1588 1247 adiici-

128 1278 197 1313 tur
225 1273 275 1311 ab
295 1273 528 1312 Aristotele.
584 1275 751 1320 5⁸1b37,
774 1276 839 1324 38,
861 1276 927 1322 40,
947 1276 1000 1312 58
1013 1276 1094 1312 ³2⁴1
1122 1273 1171 1314 τὸ
1199 1277 1312 1313 certe
1340 1272 1438 1311 nihil
1467 1272 1589 1310 habet

129 1336 235 1389 quod
257 1337 460 1375 offendat:
488 1350 661 1388 namque
676 1338 714 1377 in
734 1344 868 1377 mente
886 1338 1038 1377 habere
1055 1350 1269 1390 possumus
1287 1335 1499 1387 διάστημα
1525 1335 1588 1374 vel

129 1400 263 1439 simile
297 1400 407 1450 quid,
445 1413 682 1451 quamquam
722 1402 828 1440 haud
867 1401 951 1440 scio
980 1414 1028 1439 un
1064 1414 1142 1439 non
1173 1400 1425 1451 cogitandum
1453 1399 1509 1438 sit
1535 1399 1588 1438 de

128 1464 261 1514 aliquo
289 1464 535 1502 substantivo
574 1467 708 1503 certo:
747 1465 889 1504 similia
928 1468 1066 1503 nostro
1105 1464 1193 1502 loco
1233 1464 1404 1515 legimus
1432 1463 1587 1502 215b8

127 1523 176 1566 ἐν
205 1525 415 1578 διπλασίῳ
449 1525 590 1580 χρόνῳ
624 1525 706 1579 τὴν
730 1526 780 1567 τὸ
808 1528 845 1567 Β
875 1526 1026 1566 δίεισιν
1051 1525 1079 1578 ἢ
1106 1525 1187 1579 τὴν
1212 1527 1261 1567 τὸ
1288 1529 1344 1576 A,
1381 1527 1450 1566 ubi
1480 1526 1518 1565 Β
1546 1530 1589 1565 et

126 1592 170 1630 A
207 1591 332 1628 lineas
369 1591 607 1641 significant.
671 1593 855 1630 2³1b2¹1
891 1590 940 1630 τὸ
976 1589 1055 1642 μὲν
1091 1590 1146 1642 δὴ
1173 1593 1215 1630 Α
1251 1588 1430 1642 ἐκινήθη
1464 1589 1514 1629 τὸ
1542 1589 1588 1629 Ω.

126 1651 207 1707 τὴν
232 1649 281 1693 τὸ
309 1654 353 1692 Δ
379 1651 638 1703 κινούμενον
663 1651 846 1704 κίνησιν,
881 1653 931 1694 τὸ
960 1651 1006 1694 δὲ
1034 1655 1071 1694 Β
1098 1653 1178 1707 τὴν
1204 1654 1254 1695 τὸ
1282 1656 1336 1704 Ε,
1370 1652 1444 1694 καὶ
1468 1653 1518 1694 τὸ
1547 1654 1592 1693 Γ

127 1716 334 1764 ὡσαύτως
366 1713 448 1769 τὴν
474 1716 523 1756 τὸ
555 1718 604 1767 Ζ,
640 1717 696 1758 cf.
714 1719 874 1766 232211,
897 1720 1086 1758 851a22.
1123 1720 1302 1758 262b10
1338 1717 1374 1757 εἰ
1408 1716 1493 1770 γὰρ
1519 1717 1586 1770 εἴη

126 1781 156 1836 ἡ
181 1780 231 1822 τὸ
260 1782 303 1821 Ε
327 1784 380 1832 τῇ
411 1782 447 1820 Ζ
474 1779 567 1833 ἴσης
604 1794 729 1832 quare
765 1786 905 1820 nostro
942 1782 1031 1821 loco
1070 1794 1122 1821 ne
1155 1782 1233 1820 hoc
1261 1782 1424 1832 quidem
1452 1781 1586 1821 offen·
1610 1829 1612 1831 r

128 1847 210 1895 dit,
239 1846 346 1897 quod
374 1858 430 1883 vs.
454 1848 480 1883 ’ἴ
507 1846 605 1884 dicit
631 1842 711 1897 τὴν
737 1843 817 1896 μὲν
845 1846 934 1892 ΒΓ,
972 1858 1029 1885 vs.
1046 1849 1072 1884 8
1099 1858 1195 1884 vero
1222 1843 1303 1898 τὴν
1329 1843 1376 1886 δὲ
1402 1843 1452 1885 τὸ
1479 1845 1587 1886 AB:

125 1910 323 1949 habemus
351 1910 455 1947 enim
483 1911 633 1947 94231
661 1906 769 1960 αὕτη
797 1906 876 1957 μὲν
910 1906 994 1961 γὰρ
1022 1907 1071 1962 (ἦ
1096 1909 1254 1960 γωνία)
1281 1913 1335 1962 τῇ
1363 1911 1405 1949 Α
1430 1908 1518 1961 ἴση,
1553 1908 1584 1962 ἦ

126 1972 173 2014 δὲ
199 1971 249 2013 τὸ
278 1972 322 2012 Γ
343 1975 396 2024 τῇ
425 1972 474 2012 Β.
545 1972 756 2022 Quomodo
784 1973 1019 2025 explicanda
1055 1973 1108 2012 sit
1135 1973 1237 2013 haec
1265 1974 1454 2024 loquendi
1479 1974 1583 2013 ratio

122 2037 244 2077 facile
281 2037 535 2089 intelligitur:
573 2049 663 2075 nam
699 2035 728 2089 ἦ
762 2035 811 2076 τὸ
839 2038 884 2078 Γ
911 2037 1020 2077 idem
1057 2043 1122 2077 est
1158 2037 1264 2088 quod
1292 2036 1322 2090 ἦ
1347 2036 1486 2088 γωνία
1512 2034 1582 2090 ἐφ’

122 2095 152 2154 ᾗ
179 2101 314 2141 κεῖται
347 2097 396 2140 τὸ
424 2101 473 2150 Γ,
511 2100 643 2139 minus
670 2106 856 2140 accurate
882 2113 977 2140 vero
1005 2101 1149 2140 dicitur
1174 2099 1204 2154 ἦ
1231 2101 1282 2150 Γ,
1321 2102 1411 2153 quia
1439 2102 1483 2142 Γ
1502 2115 1580 2142 uon

126 2168 191 2204 est
217 2163 399 2215 ungulus,
428 2164 499 2202 sed
525 2163 678 2214 siguum
708 2177 786 2215 quo
813 2165 979 2217 angulus
1006 2169 1177 2204 notatur.

72 2230 219 2269 54:111
256 2226 351 2267 οὐδ’
379 2226 416 2267 εἰ
443 2241 466 2266 a
493 2227 638 2265 Buhlio
672 2228 788 2266 valde
816 2228 1137 2280 reprehenditur,
1172 2228 1321 2280 quippe
1349 2229 1457 2280 quod
1486 2241 1579 2268 sen-

126 2305 214 2331 sum
252 2292 371 2343 plane
407 2292 561 2330 turbet:
612 2291 727 2329 nobis
766 2292 927 2342 quidem
968 2292 1234 2344 negligentiae
1270 2288 1497 2331 Aristotelis
1535 2293 1577 2332 in

124 2355 339 2396 scribendo
375 2355 534 2394 videtur
561 2354 714 2405 optime
742 2356 973 2394 convenire:
1016 2367 1186 2406 namque
1224 2367 1344 2407 quum
1381 2356 1579 2395 scriberet

125 2418 218 2460 οὐδ’
246 2418 295 2467 εἰ,
330 2419 370 2457 in
407 2424 540 2457 mente
577 2418 714 2456 habuit
752 2431 854 2469 quae
894 2422 1201 2470 praecesserunt
1238 2432 1294 2458 vs.
1327 2420 1354 2456 9
1390 2417 1493 2458 οὐδὲ
1526 2417 1576 2459 τὸ

123 2479 407 2535 συμπέρασμα
434 2478 591 2533 ἀληθὲς
616 2476 727 2521 εἶναι
754 2480 957 2532 δυνατόν,
986 2480 1023 2521 εἰ
1041 2511 1050 2521 .
1073 2510 1082 2520 .
1105 2510 1139 2529 .,
1170 2485 1314 2534 postea
1337 2494 1432 2521 vero
1450 2483 1576 2534 priori

124 2548 312 2587 untionis
339 2552 455 2599 parte
482 2546 658 2596 longiore
684 2545 793 2584 fucta
820 2559 955 2585 eorum
986 2545 1132 2584 oblitus
1160 2558 1262 2596 quae
1284 2546 1325 2584 in
1342 2550 1476 2585 mente
1502 2547 1575 2585 hu-

122 2612 243 2652 bebut
279 2611 398 2650 ulium
435 2609 630 2661 spodosiu
669 2608 821 2649 addidit
855 2623 912 2649 vs.
937 2611 988 2648 13
1025 2607 1075 2649 τὸ
1103 2605 1387 2661 συμπέρασμα
1414 2608 1578 2658 ψεῦδος

124 2672 253 2714 ἔσται.

73 2739 223 2778 541ι20
259 2735 360 2789 ὅλης
386 2741 479 2789 post
506 2732 650 2787 ἑτέρας
676 2736 875 2775 omittitur
911 2740 954 2775 et
980 2736 1022 2774 in
1059 2735 1221 2787 optimis
1250 2736 1456 2775 codicibus
1482 2740 1526 2776 et
1551 2750 1575 2776 a

125 2801 293 2842 Boethio
320 2805 362 2841 et
387 2815 411 2841 a
437 2805 517 2841 vet.
532 2802 631 2854 intp.
651 2799 740 2841 cod.
763 2799 938 2840 Gothun.
1005 2800 1171 2840 Accedit
1199 2799 1304 2851 quod
1331 2800 1452 2840 etium
1479 2813 1572 2840 sen-
